[{
  "title": "BMW Cabrio  M Paket Diesel wenig km",
  "previewImage": "https://img.classistatic.de/api/v1/mo-prod/images/73/73632fef-00a6-4bca-8c8d-bd33df1bc443?rule=mo-1600.jpg",
  "category": "Cabrio",
  "brand": "BMW",
  "model": "M3",
  "url": "https://suchen.mobile.de/fahrzeuge/details.html?id=434238091",
  "price.total.amount": 45500,
  "priceRating": {
    "rating": "No rating",
    "priceRanges": null
  },
  "description": "Fahrzeug ist noch zugelassen und kann gerne nach Termin Probe gefahren werden\n0178-4784813",
  "dealerDetails": {
    "sellerType": "Private Seller",
    "country": "DE",
    "address": "DE-59425 Unna",
    "location": {
      "latitude": 51.54964,
      "longitude": 7.69156
    },
    "iconUrl": null,
    "reviewPageUrl": null,
    "score": null,
    "activeRatingCount": null,
    "vehicleAsDescribedPercentage": null,
    "recommendPercentage": null,
    "soldVehicleCount": null,
    "reviews": []
  },
  "attributes": {
    "Vehicle condition": "Used vehicle",
    "Category": "Cabriolet / Roadster",
    "Mileage": "16,700 km",
    "Power": "140 kW (190 hp)",
    "Drive type": "Internal combustion engine",
    "Fuel": "Diesel",
    "Transmission": "Automatic",
    "Emissions Sticker": "4 (Green)",
    "First Registration": "11/2022",
    "HU": "11/2025",
    "Climatisation": "A/C (man.)",
    "Parking sensors": "Rear",
    "Colour (Manufacturer)": "GREEN"
  },
  "features": [
    "ABS",
    "Alloy wheels",
    "Bluetooth",
    "Cruise control",
    "Full Service History",
    "Hands-free kit",
    "Heated seats",
    "Navigation system",
    "Tuner/radio"
  ]
},
{
  "title": "BMW M3 Lim. xDrive Competition*CARBON*LASER*WIDE*",
  "previewImage": "https://img.classistatic.de/api/v1/mo-prod/images/e4/e41cc75a-3351-4be6-8fef-6714882f23a5?rule=mo-1600.jpg",
  "category": "Limousine",
  "brand": "BMW",
  "model": "M3",
  "url": "https://suchen.mobile.de/fahrzeuge/details.html?id=427740443",
  "price.total.amount": 65490,
  "priceRating": {
    "rating": "Good price",
    "priceRanges": {
      "Very good price": {
        "start": 50301,
        "end": 65400
      },
      "Good price": {
        "start": 65401,
        "end": 70500
      },
      "Fair price": {
        "start": 70501,
        "end": 78400
      },
      "Increased price": {
        "start": 78401,
        "end": 84100
      },
      "High price": {
        "start": 84101,
        "end": 93500
      }
    }
  },
  "description": "Zum Verkauf steht ein sehr gepflegter BMW M3 Competition aus dem Baujahr 2023 mit einer Laufleistung von 94.000 km. Das Fahrzeug überzeugt durch seine beeindruckende Performance, hochwertige Ausstattung und exklusive Sonderfarbe Brooklyn Grau.\n\nFahrzeugdaten:\n• Modell: BMW M3 Competition\n• Erstzulassung: 2023\n• Leistung: 375 kW (510 PS)\n• Kilometerstand: 94.000 km\n• Antrieb: Allrad\n• Getriebe: Automatik\n• Farbe: Brooklyn Grau (Sonderlackierung)\n• Scheckheftgepflegt bei BMW\n\nAusstattungshighlights:\n• ✅ Carbon-Dach\n• ✅ Laserlicht\n• ✅ M Drivers Paket\n• ✅ Carbon-Paket (Interieur & Exterieur)\n• ✅ Abstandstempomat (adaptive Geschwindigkeitsregelung)\n• ✅ Sitzheizung vorne\n• ✅ Sitzbelüftung (Sitzlüftung vorne)\n• ✅ BMW Live Cockpit Professional\n• ✅ Navigationssystem, Apple CarPlay, Android Auto\n• ✅ Komfortzugang / Keyless Go\n• ✅ Parkassistent / Rückfahrkamera / 360° Kamera\n\n\n\n\nSonderausstattung:\nAktive Sitzbelüftung vorn, BMW Live Cockpit Professional, Bremsanlage: Compound - M Bremssystem (Bremssättel Schwarz), Fahrassistenz-System: Driving Assistant Professional, Heckklappenbetätigung automatisch, Innenausstattung: Interieurleisten Carbon, Innovations-Paket, Lenkrad heizbar, LM-Felgen vorn/hinten: 9,5x19 / 10,5x20 (Doppelspeichen 826 M, Bicolor, Schwarz), M Driver´s Package, Metallic-Lackierung, Parkassistent-Paket Plus, Personalisierungssystem (Personal eSIM), Scheinwerfer BMW Individual Shadow-Line, Sicherheitsgurte M, Sitzbezug / Polsterung: Voll-Leder Merino, Bicolor, Sonnenschutzverglasung (hinten abgedunkelt), Sound-System Harman-Kardon\n\nWeitere Ausstattung:\nAblage-Paket, Adaptives Fahrwerk M-Technic, Airbag Beifahrerseite abschaltbar, Airbag Fahrer-/Beifahrerseite, Aktives M Differential, Ambiente-Beleuchtung, Ausstattungs-Paket: Connected Professional, Außenausstattung: Shadow-Line, Außenausstattung: Shadow-Line Hochglanz, Außenausstattung: Shadow-Line Hochglanz (erweiterter Umfang), Außenspiegel elektr. verstell- und heizbar, Bedienelemente galvanisiert, Blinkleuchte in Außenspiegel integriert, Bordcomputer, Competition, DAB-Tuner (Radioempfang digital), Dachhimmel Anthrazit (BMW Individual), Diebstahlsicherung für Räder (Felgenschlösser), Durchladeeinrichtung (Mittelarmlehne hinten), Dynamische Stabilitäts-Control (DSC) mit erweiterter Umfang, Erste Hilfe-Kasten / Verbandkasten, Fahrassistenz-System: Active Guard (Bremsassistent), Fahrassistenz-System: Aufmerksamkeits-Assistent, Freisprecheinrichtung Bluetooth mit USB-/Audio-Schnittstelle, Fußmatten Velours, Gepäckraumbeleuchtung, Getriebe Automatik - mit Steptronic und Drivelogic (8-Stufen), Getränkehalter, Heckleuchten LED, Induktionsladeschale für Smartphone (Wireless Charging), Innenspiegel mit Abblendautomatik, Instrumentenkombination (erweiterter Umfang), Isofix-Aufnahmen für Kindersitz an Rücksitz, Karosserie: 4-türig, Kennzeichenbeleuchtung LED, Klimaautomatik 3-Zonen mit autom. Umluft-Control, Knieairbag Fahrerseite, Kopf-Airbag-System hinten, Kopf-Airbag-System vorn, Kopfstützen hinten klappbar, Leichtbaudach (kohlefaserverstärkter Kunststoff, CFK), Lenksäule (Lenkrad) elektr. verstellbar, Lenksäule (Lenkrad) mechan. verstellbar, Leuchtweitenregelung, M Drive (Fahrprofilauswahl), M Drive Professional (Fahrprofilauswahl), Motor 3,0 Ltr. - 375 kW 24V TwinTurbo KAT (S58), Multifunktion für Lenkrad, Nebelschlussleuchte(n), Otto-Partikelfilter (OPF), Park-Distance-Control (PDC) vorn und hinten, Parkbremse elektrisch, Reifendruck-Kontrollsystem, Reifenpannen-Anzeige, Schadstoffarm nach Abgasnorm Euro 6d, Schaltpunktanzeige, Scheinwerfer LED, Seitenairbag vorn, Service-System: Intelligenter Notruf inkl. TeleServices, Sitze vorn elektr. verstellbar (mit Memory), Spiegel-Paket, Sportdifferential, Sportsitze vorn (M-Technic), Start-Stop-Knopf, Start/Stop-Anlage (Funktion), Steckdose (12V-Anschluß) in Mittelkonsole vorn, Warndreieck, Widescreen Display, Wärme-/Sonnenschutzverglasung, Wärme-/Sonnenschutzverglasung kombiniert (hinten abgedunkelt)\nBemerkungen:\n\nFahrzeugbesichtigung vor Ort ist möglich und wird nach Terminvereinbarung empfohlen.\n\nAlle Angaben ohne Gewähr.\nInzahlungnahme und Tausch möglich\nSie möchten Ihr Fahrzeug verkaufen?\nWIR KAUFEN PKW, LKW, TRANSPORTER\nUNFALLFAHRZEUGE, WOHNMOBILE\n\nBesuchen Sie uns an der Ecktraße 9a, 42551 Velbert\nAutohaus AK GmbH\n\n!!! Trotz großer Bemühungen u. Sorgfalt sind Inseratsfehler nicht auszuschließen, es wird keine Haftung übernommen !!!\n\nAngebot und Angaben sind unverbindlich und freibleibend.\nVertragsgrundlage ist ausschliesslich der Kaufvertrag.\nEin Kaufvertrag kommt nur durch schriftliche Bestätigung zustande",
  "dealerDetails": {
    "id": 36122940,
    "name": "Autohaus AK GmbH",
    "sellerType": "Dealer",
    "phones": [
      "+49 (0)2051 423763845"
    ],
    "messengers": {
      "WHATS_APP": "+49 (0)160 90919911"
    },
    "languages": [
      "Deutsch",
      "English"
    ],
    "country": "DE",
    "address": "Eckstraße 9a, DE-42551 Velbert",
    "location": {
      "latitude": 51.3454833,
      "longitude": 7.0392644
    },
    "activeSince": "2024-06-27T00:00:00.000Z",
    "homepageUrl": "https://home.mobile.de/home/redirect.html?customerId=36122940",
    "iconUrl": null,
    "reviewPageUrl": "https://www.mobile.de/bewertungen/AutohausAKGmbH?lang=en",
    "score": {
      "total": 4.6,
      "responseTime": 4.6,
      "friendliness": 4.8,
      "advice": 4.4
    },
    "activeRatingCount": 16,
    "vehicleAsDescribedPercentage": 93,
    "recommendPercentage": 86,
    "soldVehicleCount": null,
    "reviews": []
  },
  "attributes": {
    "Vehicle condition": "Used vehicle",
    "Category": "Saloon",
    "Model range": "Baureihe M3 Lim. (G80)(2020->)",
    "Trim line": "xDrive Competition",
    "Origin": "German edition",
    "Mileage": "95,000 km",
    "Cubic Capacity": "2,993 ccm",
    "Power": "375 kW (510 hp)",
    "Drive type": "Internal combustion engine",
    "Fuel": "Petrol",
    "Number of Seats": "5",
    "Door Count": "4/5",
    "Transmission": "Automatic",
    "Emission Class": "Euro6",
    "Emissions Sticker": "4 (Green)",
    "First Registration": "04/2023",
    "Number of Vehicle Owners": "1",
    "HU": "04/2026",
    "Climatisation": "Automatic climatisation, 2 zones",
    "Parking sensors": "Front, 360° camera, Rear",
    "Airbags": "Front and Side and More Airbags",
    "Colour (Manufacturer)": "BROOKLYN GRAU METALLIC",
    "Colour": "Grey Metallic",
    "Interior Design": "Cloth, Black",
    "Weight": "1,805 kg",
    "Cylinders": "6",
    "Tank capacity": "59 l"
  },
  "features": [
    "ABS",
    "Adaptive Cruise Control",
    "Alarm system",
    "Alloy wheels",
    "Ambient lighting",
    "Android Auto",
    "Apple CarPlay",
    "Arm rest",
    "Autom. dimming interior mirror",
    "Auxiliary heating",
    "Blind spot assist",
    "Bluetooth",
    "Cargo barrier",
    "Central locking",
    "DAB radio",
    "Digital cockpit",
    "Distance warning system",
    "Dynamic chassis control",
    "Electric seat adjustment",
    "Electric side mirror",
    "Electric tailgate",
    "Electric windows",
    "Eletric seat adjustment with memory function",
    "Emergency brake assist",
    "Emergency call system",
    "ESP",
    "Fatigue warning system",
    "Folding exterior mirrors",
    "Four-wheel drive",
    "Full Service History",
    "Glare-free high beam headlights",
    "Hands-free kit",
    "Headlight washer system",
    "Head-up display",
    "Heated rear seats",
    "Heated seats",
    "Heated steering wheel",
    "High beam assist",
    "Hill-start assist",
    "Immobilizer",
    "Induction charging for smartphones",
    "Integrated music streaming",
    "Isofix",
    "Keyless central locking",
    "Lane change assist",
    "Laser headlights",
    "Leather steering wheel",
    "LED running lights",
    "Light sensor",
    "Multifunction steering wheel",
    "Navigation preparation",
    "Navigation system",
    "Non-smoker vehicle",
    "On-board computer",
    "Paddle shifters",
    "Power Steering",
    "Rain sensor",
    "Seat ventilation",
    "Ski bag",
    "Smoker's package",
    "Sound system",
    "Speed limit control system",
    "Sport seats",
    "Sports package",
    "Sports suspension",
    "Start-stop system",
    "Tinted windows",
    "Touchscreen",
    "Traction control",
    "Traffic sign recognition",
    "Tuner/radio",
    "Tyre pressure monitoring",
    "USB port",
    "Voice control"
  ]
},
{
  "title": "BMW X2 M 35i , 19000km, Garantie 12/26 + W...",
  "previewImage": "https://img.classistatic.de/api/v1/mo-prod/images/a2/a2947404-1f88-4c52-8561-9b30e2bce060?rule=mo-1600.jpg",
  "category": "OffRoad",
  "brand": "BMW",
  "model": "M3",
  "url": "https://suchen.mobile.de/fahrzeuge/details.html?id=433609608",
  "price.total.amount": 39250,
  "priceRating": {
    "rating": "No rating",
    "priceRanges": null
  },
  "description": "BMW X2 M 35i 19000km ,Garantie + Wartungsvertrag.\nGrau perleffekt, rote Innenausstattung Sport,\nKlappensteuerung, Panorama, Head up,\nBlack Line etc.\n\nFahrzeug wird noch bewegt!\n\nBei Fragen gerne melden!",
  "dealerDetails": {
    "sellerType": "Private Seller",
    "country": "DE",
    "address": "DE-84072 Au",
    "location": {
      "latitude": 48.55728,
      "longitude": 11.73983
    },
    "iconUrl": null,
    "reviewPageUrl": null,
    "score": null,
    "activeRatingCount": null,
    "vehicleAsDescribedPercentage": null,
    "recommendPercentage": null,
    "soldVehicleCount": null,
    "reviews": []
  },
  "attributes": {
    "Vehicle condition": "Used vehicle",
    "Category": "SUV / Off-road Vehicle / Pickup Truck",
    "Mileage": "19,000 km",
    "Power": "225 kW (306 hp)",
    "Drive type": "Internal combustion engine",
    "Fuel": "Petrol",
    "Transmission": "Automatic",
    "First Registration": "10/2021",
    "HU": "12/2026",
    "Climatisation": "A/C (man.)",
    "Parking sensors": "Rear",
    "Colour (Manufacturer)": "GREY"
  },
  "features": [
    "Bluetooth",
    "Cruise control",
    "Full Service History",
    "Hands-free kit",
    "Heated seats",
    "Navigation system",
    "Tuner/radio"
  ]
},
{
  "title": "BMW M3 E92 Coupe | DKG | Vollleder schwarz",
  "previewImage": "https://img.classistatic.de/api/v1/mo-prod/images/b0/b015287b-82a3-429e-8ef2-fddad662b9e1?rule=mo-1600.jpg",
  "category": "SportsCar",
  "brand": "BMW",
  "model": "M3",
  "url": "https://suchen.mobile.de/fahrzeuge/details.html?id=433791040",
  "price.total.amount": 58900,
  "priceRating": {
    "rating": "Very good price",
    "priceRanges": {
      "Very good price": {
        "start": 49501,
        "end": 64300
      },
      "Good price": {
        "start": 64301,
        "end": 69300
      },
      "Fair price": {
        "start": 69301,
        "end": 77100
      },
      "Increased price": {
        "start": 77101,
        "end": 82700
      },
      "High price": {
        "start": 82701,
        "end": 91900
      }
    }
  },
  "description": "BMW M3 E92 Coupe | DKG | Vollleder schwarz\n- Original, im Top Zustand\n- unfallfrei\n- 58tkm\n- Großer Service & TÜV neu\n- Bremse neu\n- Reifen neu\n- Schiebedach\n- Japanische Erstzulassung\n\nWenn du einen BMW M3 E92 suchst, der nie Salz gesehen hat und bei dem der Unterboden im Jahreswagenzustand ist, dann ist dieses Fahrzeug genau das richtige für dich.\n\nWen du Interesse hast, bist du gerne eingeladen dir das Fahrzeug live anzusehen.",
  "dealerDetails": {
    "sellerType": "Private Seller",
    "country": "DE",
    "address": "DE-82266 Inning am Ammersee",
    "location": {
      "latitude": 48.07667,
      "longitude": 11.15447
    },
    "iconUrl": null,
    "reviewPageUrl": null,
    "score": null,
    "activeRatingCount": null,
    "vehicleAsDescribedPercentage": null,
    "recommendPercentage": null,
    "soldVehicleCount": null,
    "reviews": []
  },
  "attributes": {
    "Vehicle condition": "Used vehicle",
    "Category": "Sports Car / Coupe",
    "Mileage": "58,000 km",
    "Drive type": "Internal combustion engine",
    "Fuel": "Petrol",
    "Transmission": "Automatic",
    "First Registration": "08/2025"
  },
  "features": []
},
{
  "title": "BMW M3 Lim. Competition*360°*Laser*HuD*UNFALL*",
  "previewImage": "https://img.classistatic.de/api/v1/mo-prod/images/9e/9e92122c-e0bf-46fa-83eb-91f8dfbd5070?rule=mo-1600.jpg",
  "category": "Limousine",
  "brand": "BMW",
  "model": "M3",
  "url": "https://suchen.mobile.de/fahrzeuge/details.html?id=432147513",
  "price.total.amount": 58990,
  "priceRating": {
    "rating": "No rating",
    "priceRanges": null
  },
  "description": "Wir die Allianz Prof GmbH mit Sitz in Alsfeld, sind ein Unternehmen, das sich auf den Verkauf von Fahrzeugen spezialisiert hat. Wir bieten eine breite Auswahl an Fahrzeugen und legen großen Wert auf Qualität und individuelle Beratung. Unser Ziel ist es, unseren Kunden zuverlässige Fahrzeuge und einen erstklassigen Service zu bieten.Allgemeine Informationen:\n2. Hand\nDeutsches Fahrzeug (kein Re-Import)\nVIN: WBS31AY010FS02517 \nAnzahl der Schlüssel: 2\nSprachen: Ansprechpartner in verschiedenen Sprachen (siehe Impressum)\nDas Fahrzeug hat einen Unfallschaden (Kühlerpaket defekt) (Details den Bildern zu entnehmen)\nAuf dem Hof bedingt fahrbereit\n\n\nAusstattung:\nAbgedunkelte Scheiben\nAmbiente-Beleuchtung\nArmlehne\nElektr. Fensterheber\nElektr. Seitenspiegel\nElektr. Seitenspiegel anklappbar\nElektr. Sitzeinstellung\nElektr. Sitzeinstellung mit Memory-Funktion\nInnenspiegel autom. abblendend\nLederlenkrad\nLordosenstütze\nSchlüssellose Zentralverriegelung\nSitzheizung\nSitzheizung hinten\nZentralverriegelung\nBerganfahrassistent\nBordcomputer\nHead-Up Display\nMultifunktionslenkrad\nSchaltwippen\nServolenkung\nVolldigitales Kombiinstrument\nAndroid Auto\nBluetooth\nApple CarPlay\nFreisprecheinrichtung\nInduktionsladen für Smartphones\nMusikstreaming integriert\nNavigationssystem\nNavigationsvorbereitung\nSoundsystem\nSprachsteuerung\nTouchscreen\nUSB\nWLAN / Wifi Hotspot\nWinterreifen\nLeichtmetallfelgen\n\nTuner/Radio:\nRadio DAB\nTuner/Radio\n\nGeschwindigkeitsregulierung:\nTempomat\n\nKlimatisierung:\n3-Zonen-Klimaautomatik\n\nSicherheit:\nAlarmanlage\nABS\nBlendfreies Fernlicht\nElektr. Wegfahrsperre\nESP\nFernlichtassistent\nGeschwindigkeitsbegrenzer\nIsofix\nLichtsensor\nMüdigkeitswarner\nNotbremsassistent\nNotrufsystem\nRegensensor\nReifendruckkontrolle\nStart/Stopp-Automatik\nTotwinkel-Assistent\nTraktionskontrolle\nVerkehrszeichenerkennung\n\nAirbags:\nFront-, Seiten- und weitere Airbags\n\nTagfahrlicht (Art):\nLED-Tagfahrlicht\n\nHauptscheinwerfer:\nLaserlicht\n\nKurvenlicht (Art):\nAdaptives Kurvenlicht\n\nEinparkhilfe:\nAusparkassistent\n360°-Kamera\nHinten\nVorne\nSelbstlenkende Systeme\n\nSport:\nSportfahrwerk\nSportpaket\nSportsitze\n\nInnenausstattung:\nVollleder\n\nFarbe der Innenausstattung:\nSchwarz\n\n\nWichtige Hinweise:\nAlle Angaben ohne Gewähr. Unverbindliches Angebot. Irrtümer, Zwischenverkauf und Änderungen vorbehalten.\nBitte haben Sie Verständnis dafür, dass wir aus zeitlichen Gründen keine E-Mails beantworten können.\n\n\nSonderausstattung:\nBMW Individuallackierung Dravit-Grau Metallic, BMW Live Cockpit Professional, Bremsanlage: Compound - M Bremssystem (Bremssättel Schwarz), Innovations-Paket, Parkassistent-Paket Plus, Sicherheitsgurte M, Sicherheitssystem Active Protection, Sonnenschutzverglasung (hinten abgedunkelt), Sound-System Harman-Kardon\n\nWeitere Ausstattung:\nAblage-Paket, Adaptives Fahrwerk M-Technic, Airbag Beifahrerseite abschaltbar, Airbag Fahrer-/Beifahrerseite, Aktives M Differential, Ambiente-Beleuchtung, Ausstattungs-Paket: Connected Professional, Außenausstattung: Shadow-Line, Außenausstattung: Shadow-Line Hochglanz, Außenausstattung: Shadow-Line Hochglanz (erweiterter Umfang), Außenspiegel elektr. verstell- und heizbar, Bedienelemente galvanisiert, Blinkleuchte in Außenspiegel integriert, Bordcomputer, Competition, DAB-Tuner (Radioempfang digital), Dachhimmel Anthrazit (BMW Individual), , Dynamische Stabilitäts-Control (DSC) mit erweiterter Umfang, , Erste Hilfe-Kasten / Verbandkasten, Fahrassistenz-System: Active Guard (Bremsassistent), Fahrassistenz-System: Aufmerksamkeits-Assistent, Freisprecheinrichtung Bluetooth mit USB-/Audio-Schnittstelle, Fußmatten Velours, Gepäckraumbeleuchtung, Getriebe Automatik - mit Steptronic und Drivelogic (8-Stufen), Getränkehalter, Heckleuchten LED, Induktionsladeschale für Smartphone (Wireless Charging), Innenausstattung: Interieurleisten, schwarz hochglänzend, Innenspiegel mit Abblendautomatik, Instrumentenkombination (erweiterter Umfang), Isofix-Aufnahmen für Kindersitz an Rücksitz, Karosserie: 4-türig, Klimaautomatik 3-Zonen mit autom. Umluft-Control, Knieairbag Fahrerseite, Kopf-Airbag-System hinten, Kopf-Airbag-System vorn, Kopfstützen hinten klappbar, Leichtbaudach (kohlefaserverstärkter Kunststoff, CFK), Lenksäule (Lenkrad) elektr. verstellbar, Lenksäule (Lenkrad) mechan. verstellbar, LM-Felgen, M Drive (Fahrprofilauswahl), M Drive Professional (Fahrprofilauswahl), Motor 3,0 Ltr. - 375 kW 24V TwinTurbo KAT (S58), Multifunktion für Lenkrad, Nebelschlussleuchte(n), Otto-Partikelfilter (OPF), Park-Distance-Control (PDC) vorn und hinten, Parkbremse elektrisch, Reifendruck-Kontrollsystem, Reifenpannen-Anzeige, Schadstoffarm nach Abgasnorm Euro 6d, Schaltpunktanzeige, Scheinwerfer LED, Seitenairbag vorn, Service-System: Intelligenter Notruf inkl. TeleServices, Sitzbezug / Polsterung: Leder Merino (erweiterter Umfang), Sitze vorn elektr. verstellbar (mit Memory), Spiegel-Paket, Sportdifferential, Sportsitze vorn (M-Technic), Start-Stop-Knopf, Start/Stop-Anlage (Funktion), Steckdose (12V-Anschluß) in Mittelkonsole vorn, Warndreieck, Widescreen Display, Wärme-/Sonnenschutzverglasung, Wärme-/Sonnenschutzverglasung kombiniert (hinten abgedunkelt)",
  "dealerDetails": {
    "id": 33804001,
    "name": "Allianz Prof GmbH",
    "sellerType": "Dealer",
    "phones": [
      "+49 (0)6631 608984009"
    ],
    "messengers": {
      "WHATS_APP": "+49 (0)15560 595115"
    },
    "languages": [
      "Deutsch",
      "Pусский",
      "English"
    ],
    "country": "DE",
    "address": "Willy-Brandt-Straße 4, DE-36304 Alsfeld",
    "location": {
      "latitude": 50.7464812,
      "longitude": 9.2534086
    },
    "activeSince": "2023-11-15T00:00:00.000Z",
    "homepageUrl": "https://home.mobile.de/home/redirect.html?customerId=33804001",
    "iconUrl": null,
    "reviewPageUrl": "https://www.mobile.de/bewertungen/AllianzProfGmbH?lang=en",
    "score": {
      "total": 4.7,
      "responseTime": 4.5,
      "friendliness": 4.8,
      "advice": 4.7
    },
    "activeRatingCount": 12,
    "vehicleAsDescribedPercentage": 88,
    "recommendPercentage": 100,
    "soldVehicleCount": null,
    "reviews": []
  },
  "attributes": {
    "Vehicle condition": "Used vehicle, Damaged, Accident-damaged vehicle",
    "Category": "Saloon",
    "Model range": "Baureihe M3 Lim. (G80)(2020->)",
    "Trim line": "Competition",
    "Origin": "German edition",
    "Mileage": "35,570 km",
    "Cubic Capacity": "2,993 ccm",
    "Power": "375 kW (510 hp)",
    "Drive type": "Internal combustion engine",
    "Fuel": "Petrol",
    "Number of Seats": "5",
    "Door Count": "4/5",
    "Transmission": "Automatic",
    "Emission Class": "Euro6d",
    "First Registration": "10/2023",
    "Number of Vehicle Owners": "2",
    "HU": "10/2026",
    "Climatisation": "Automatic climatisation, 3 zones",
    "Parking sensors": "Front, Rear, Self-steering systems, 360° camera",
    "Airbags": "Front and Side and More Airbags",
    "Colour (Manufacturer)": "DRAVITGRAU",
    "Colour": "Grey Metallic",
    "Interior Design": "Full leather, Black",
    "Weight": "1,805 kg",
    "Date of last service (date)": "07/2024",
    "Last service (mileage)": "23,531 km",
    "Cylinders": "6",
    "Tank capacity": "59 l"
  },
  "features": [
    "ABS",
    "Adaptive cornering lights",
    "Alarm system",
    "Alloy wheels",
    "Ambient lighting",
    "Android Auto",
    "Apple CarPlay",
    "Arm rest",
    "Autom. dimming interior mirror",
    "Blind spot assist",
    "Bluetooth",
    "Central locking",
    "Cruise control",
    "DAB radio",
    "Digital cockpit",
    "Electric seat adjustment",
    "Electric side mirror",
    "Electric windows",
    "Eletric seat adjustment with memory function",
    "Emergency brake assist",
    "Emergency call system",
    "ESP",
    "Fatigue warning system",
    "Folding exterior mirrors",
    "Full Service History",
    "Glare-free high beam headlights",
    "Hands-free kit",
    "Head-up display",
    "Heated rear seats",
    "Heated seats",
    "High beam assist",
    "Hill-start assist",
    "Immobilizer",
    "Induction charging for smartphones",
    "Integrated music streaming",
    "Isofix",
    "Keyless central locking",
    "Laser headlights",
    "Leather steering wheel",
    "LED running lights",
    "Light sensor",
    "Lumbar support",
    "Multifunction steering wheel",
    "Navigation preparation",
    "Navigation system",
    "Non-smoker vehicle",
    "On-board computer",
    "Paddle shifters",
    "Power Steering",
    "Rain sensor",
    "Rear traffic alert",
    "Rear wheel drive",
    "Sound system",
    "Speed limit control system",
    "Sport seats",
    "Sports package",
    "Sports suspension",
    "Start-stop system",
    "Tinted windows",
    "Touchscreen",
    "Traction control",
    "Traffic sign recognition",
    "Tuner/radio",
    "Tyre pressure monitoring",
    "USB port",
    "Voice control",
    "Winter tyres",
    "WLAN / Wi-Fi hotspot"
  ]
},
{
  "title": "BMW M3 xDrive Competition-Handicap Umbau-Handgas",
  "previewImage": "https://img.classistatic.de/api/v1/mo-prod/images/5e/5ee7af3d-8060-498e-91f8-526ca194d7a9?rule=mo-1600.jpg",
  "category": "Limousine",
  "brand": "BMW",
  "model": "M3",
  "url": "https://suchen.mobile.de/fahrzeuge/details.html?id=429974291",
  "price.total.amount": 66045,
  "priceRating": {
    "rating": "Good price",
    "priceRanges": {
      "Very good price": {
        "start": 47301,
        "end": 61500
      },
      "Good price": {
        "start": 61501,
        "end": 66200
      },
      "Fair price": {
        "start": 66201,
        "end": 73700
      },
      "Increased price": {
        "start": 73701,
        "end": 79100
      },
      "High price": {
        "start": 79101,
        "end": 87900
      }
    }
  },
  "description": "Ausstattungspakete:\nAusstattungs-Paket: Connected Professional: Service-System: Real Time Traffic Information (RTTI)\nInnovations-Paket: Fahrassistenz-System: Spurwechselassistent, Fahrassistenz-System: Spurwechsel-Warnsystem, Fahrassistenz-System: Fernlichtassistent, Head-up-Display, Fahrassistenz-System: Heckaufprall-Vermeidung (Prävention Heckkollision), Fahrassistenz-System: Querverkehrs-Assistent, Fahrassistenz-System: Driving Assistant, Scheinwerfer Laserlicht, Fahrassistenz-System: Frontkollisionswarnung, Komfortzugang (Öffnungs- und Schließsystem)\nLM-Felgen vorn/hinten: 9,5x19 / 10,5x20 (Doppelspeiche 826 M, Schwarz): Reifensystem Performance\nMotor 3,0 Ltr. - 375 kW 24V TwinTurbo KAT (S58): Motor 3,0 Ltr. - 375 kW 24V\nParkassistent-Paket Plus: Rückfahrkamera (Top View), Surround-Kamerasystem (Surround View), Fahrassistenz-System: Rückfahr-Assistent\nService-System: Intelligenter Notruf inkl. TeleServices: Service-System: ConnectedDrive Services\nSitze vorn elektr. verstellbar (mit Memory): Lendenwirbelstütze Sitz vorn links und rechts, elektr. verstellbar\nSpiegel-Paket: Außenspiegel elektr. anklappbar, Außenspiegel mit Abblendautomatik, links, Außenspiegel mit Bordsteinautomatik, rechts\nWeitere Ausstattungen:\nGetriebe\nAutomatik\nTechnik\nAllrad\nBordcomputer\nSperrdifferential\nAdaptives Daempfungssystem\nPartikelfilter\nStart-Stop-Automatik\nVolldigitales Kombiinstrument\nAssistenten\nMüdigkeitserkennung\nPark-Lenk-Assistent\nRegensensor\nFernlichtassistent\nLichtsensor\nNotbremsassistent\nSpurwechselassistent\nAusparkassistent\nAbstands-/Kollisionswarner\nKomfort\nKlimaautomatik\nServolenkung\nZentralverriegelung\nElektrischer Fensterheber\nLederausstattung\nSitzheizung\nElektrische Aussenspiegel\nTempomat\nMultifunktionslenkrad\nKeyless Go Startfunktion\nElektrische Sitze\nInnenspiegel autom. abblendbar\nMittelarmlehne\nInnenraumfilter\nLenksaeule einstellbar\nSportsitze\nParkDistanceControl vorne und hinten\nElektrische Heckklappe\nKeyless Entry\nMemory Sitze\nAmbientebeleuchtung\nLordosenstütze\nLederlenkrad\nGeschwindigkeitsbegrenzungsanlage\nKlimaautomatik-3-Zonen\nFunkfernbedienung\nSicht\nLaserlicht\nLED-Hauptscheinwerfer\nadaptives Kurvenlicht\nBlendfreies Fernlicht\nLED-Tagfahrlicht\n360 Grad Kamera\nHEAD-UP-Display\nLED-Rueckleuchten\nScheinwerferregulierung\nColorverglasung\nAussenspiegel beheizbar\nPrivacyverglasung\nSicherheit\nABS\nAirbag\nBeifahrer-Airbag\nWegfahrsperre\nSeitenairbags\nAlarmanlage\nESP\nReifendruckkontrolle\nTraktionskontrolle\nKopfairbag\nKnieairbag\nKindersitzbefestigung\nNotrufsystem\nEntertainment\nNavigationssystem\nSoundsystem\nRadio\nTelefonvorbereitung\nUSB-Anschluss\nMP3\nHarman-Kardon\nBluetooth\nFreisprecheinrichtung\nSprachsteuerung\nDAB\nWLAN\nTouchscreen\nInduktionsladen für Smartphones\nMusikstreaming\nUmwelt\nAbgasnorm Euro 6D\nQualität\nGarantie\nSonstiges\nKatalysator\nMetallic\nAlufelgen\nSportfahrwerk\nElektrische Parkbremse\nLenkradheizung\nFahrerprofilauswahl\nRaucherpaket\nBORDCOMPUTER\nAntriebsart: Allradantrieb\nScheibenwischer mit Regensensor\nScheinwerfer LED\nIsofix-Aufnahmen für Kindersitz an Rücksitz\nKnieairbag Fahrerseite\nHeckleuchten LED\nAmbiente-Beleuchtung\nAlarmanlage\nLeuchtweitenregelung\nMultifunktion für Lenkrad\nLenksäule (Lenkrad) mechan. verstellbar\nReifendruck-Kontrollsystem\nWärme-/Sonnenschutzverglasung kombiniert (hinten abgedunkelt)\nPark-Distance-Control (PDC) vorn und hinten\nKlimaautomatik 3-Zonen mit autom. Umluft-Control\nSitzbezug / Polsterung: Leder Merino (erweiterter Umfang)\nSportdifferential\nSchadstoffarm nach Abgasnorm Euro 6d\nAktives M Differential\nSportsitze vorn (M-Technic)\nAdaptives Fahrwerk M-Technic\nRaucher-Paket\nSonnenschutzverglasung (hinten abgedunkelt)\nAirbag Fahrer-/Beifahrerseite\nAnti-Blockier-System (ABS)\nSeitenairbag vorn\nStart-Stop-Knopf\nAußenspiegel elektr. verstell- und heizbar\nFensterheber elektrisch\nKopf-Airbag-System hinten\nKopf-Airbag-System vorn\nWegfahrsperre\nReifenpannen-Anzeige\nDynamische Stabilitäts-Control (DSC) mit erweiterter Umfang\nFreisprecheinrichtung Bluetooth mit USB-/Audio-Schnittstelle\nBMW Live Cockpit Professional\nMetallic-Lackierung\n12V-Steckdose\nAblage-Paket\nActive Guard (Bremsassistent)\nAntriebsart: xDrive (Allrad)\nAufmerksamkeits-Assistent\nAußenspiegel mit Abblendautomatik\nAußenspiegel rechts mit Bordsteinautomatik\nAutomatik - mit Steptronic und Drivelogic (8-Stufen)\nBeifahrerairbag abschaltbar\nBlinkleuchte in Außenspiegel integriert\nCompetition\nDAB-Tuner (Radioempfang digital)\nDiebstahl-Warnanlage\nDriving Assistant\nDurchladeeinrichtung\nFernlichtassistent\nFrontkollisionswarnung\nGeschwindigkeits-Begrenzeranlage (Speed Limit Device)\nGeschwindigkeits-Regelanlage mit Bremsfunktion\nGetränkehalter\nHeckaufprall-Vermeidung (Prävention Heckkollision)\nHeckklappenbetätigung automatisch\nInduktionsladeschale für Smartphone\nInnenspiegel mit Abblendautomatik\nInterieurleisten Carbon\nKennzeichenbeleuchtung LED\nLeder-\nInt.KnNr: 979979\nÄnderungen, Zwischenverkauf und Irrtümer vorbehalten.\nquality by",
  "dealerDetails": {
    "id": 38764533,
    "name": "Kallenhard GmbH",
    "sellerType": "Dealer",
    "phones": [
      "+49 (0)2203 290012406"
    ],
    "languages": [
      "Deutsch",
      "English",
      "Nederlands"
    ],
    "country": "DE",
    "address": "Armand-Peugeot-Str. 2, DE-51149 Köln",
    "location": {
      "latitude": 50.9043871,
      "longitude": 7.014798
    },
    "activeSince": "2025-03-20T00:00:00.000Z",
    "homepageUrl": "https://home.mobile.de/home/redirect.html?customerId=38764533",
    "iconUrl": "https://img.classistatic.de/api/v1/mo-prod/images/57/57a7d8f1-11c1-4bd5-998e-13aa47081228?rule=mo-640.jpg",
    "reviewPageUrl": "https://www.mobile.de/bewertungen/KallenhardGmbH?lang=en",
    "score": {
      "total": 5,
      "responseTime": 5,
      "friendliness": 5,
      "advice": 5
    },
    "activeRatingCount": 3,
    "vehicleAsDescribedPercentage": 100,
    "recommendPercentage": 100,
    "soldVehicleCount": null,
    "reviews": []
  },
  "attributes": {
    "Vehicle condition": "Used vehicle, Accident-free",
    "Category": "Saloon",
    "Trim line": "m3",
    "Availability": "Now",
    "Mileage": "109,141 km",
    "Cubic Capacity": "2,993 ccm",
    "Power": "375 kW (510 hp)",
    "Drive type": "Internal combustion engine",
    "Fuel": "Petrol",
    "CO₂ class": "Based on CO₂ emissions (combined)",
    "Fuel consumption": [
      "9.8 l/100km (combined)"
    ],
    "Energy costs for 15,000 km annual mileage": "€2,640/Year",
    "Fuel price": "€1.80/l (annual average 2024)",
    "Possible CO₂ costs over the next 10 years (15,000 km/year)": [
      "€4,267 (assuming an average CO₂ price of €127/t)",
      "€2,016 (assuming a low average CO₂ price of €60/t)",
      "€6,720 (assuming a high average CO₂ price of €200/t)"
    ],
    "Vehicle tax": "€436/Year",
    "Number of Seats": "5",
    "Door Count": "4/5",
    "Transmission": "Automatic",
    "Emission Class": "Euro6d",
    "Emissions Sticker": "1 (None)",
    "First Registration": "01/2022",
    "Construction Year": "2022",
    "Number of Vehicle Owners": "1",
    "Climatisation": "Automatic climatisation, 3 zones",
    "Parking sensors": "Front, Self-steering systems, Rear, 360° camera",
    "Airbags": "Front and Side and More Airbags",
    "Colour (Manufacturer)": "Brooklyn Grau metallic",
    "Colour": "Grey Metallic",
    "Interior Design": "Full leather, Other",
    "Cylinders": "6",
    "Energy consumption (comb.)": "9.8 l/100km",
    "CO₂ emissions (comb.)": "224 g/km"
  },
  "features": [
    "ABS",
    "Adaptive cornering lights",
    "Alarm system",
    "Alloy wheels",
    "Ambient lighting",
    "Arm rest",
    "Autom. dimming interior mirror",
    "Bluetooth",
    "Central locking",
    "Cruise control",
    "DAB radio",
    "Digital cockpit",
    "Distance warning system",
    "Dynamic chassis control",
    "Electric seat adjustment",
    "Electric side mirror",
    "Electric tailgate",
    "Electric windows",
    "Eletric seat adjustment with memory function",
    "Emergency brake assist",
    "Emergency call system",
    "ESP",
    "Fatigue warning system",
    "Folding exterior mirrors",
    "Four-wheel drive",
    "Glare-free high beam headlights",
    "Hands-free kit",
    "Head-up display",
    "Heated seats",
    "Heated steering wheel",
    "High beam assist",
    "Immobilizer",
    "Induction charging for smartphones",
    "Integrated music streaming",
    "Isofix",
    "Keyless central locking",
    "Laser headlights",
    "Leather steering wheel",
    "LED running lights",
    "Light sensor",
    "Lumbar support",
    "Multifunction steering wheel",
    "Navigation system",
    "On-board computer",
    "Particulate filter",
    "Power Steering",
    "Rain sensor",
    "Rear traffic alert",
    "Smoker's package",
    "Sound system",
    "Speed limit control system",
    "Sport seats",
    "Sports suspension",
    "Start-stop system",
    "Tinted windows",
    "Touchscreen",
    "Traction control",
    "Tuner/radio",
    "Tyre pressure monitoring",
    "USB port",
    "Voice control",
    "Warranty",
    "WLAN / Wi-Fi hotspot"
  ]
},
{
  "title": "BMW M3 Touring xDrive Competition*Laser*H&K*Carbon*",
  "previewImage": "https://img.classistatic.de/api/v1/mo-prod/images/59/597afbf9-fd42-4461-b803-9dce99390411?rule=mo-1600.jpg",
  "category": "EstateCar",
  "brand": "BMW",
  "model": "M3",
  "url": "https://suchen.mobile.de/fahrzeuge/details.html?id=433137556",
  "price.total.amount": 35850,
  "priceRating": {
    "rating": "No rating",
    "priceRanges": null
  },
  "description": "Motor läuft, Auto fährt! / Engine run, Car drive!Sonderausstattung:\nBMW Live Cockpit ProfessionalExterieur-Paket M Carbon\nFahrassistenz-System: Driving Assistant\nFahrassistenz-System: Fernlichtassistent\nInnenausstattung: Interieurleisten Carbon\nInstrumententafel SensatecM Driver´s Package\nM Schalensitze Carbon\nMetallic-Lackierung\nParkassistent-Paket\nScheinwerfer BMW Individual Shadow-Line\nScheinwerfer Laserlicht\nSicherheitsgurte M\nSonnenschutzverglasung (hinten abgedunkelt)\nSound-System Harman-Kardon\n\nWeitere Ausstattung:\nAblage-Paket\nAdaptives Fahrwerk M-Technic\nAirbag Beifahrerseite abschaltbar\nAktives M Differential\nAmbiente-Beleuchtung\nAusstattungs-Paket: Connected Professional\nAußenausstattung: Shadow-Line Hochglanz\nAußenausstattung: Shadow-Line Hochglanz (erweiterter Umfang)\nAußenspiegel elektr. verstell- und heizbar\nBedienelemente galvanisiert\nBordcomputer, Competition\nDAB-Tuner (Radioempfang digital)\nDachhimmel Anthrazit (BMW Individual)\nDachreling Hochglanz Shadow-Line\nDiebstahlsicherung für Räder (Felgenschlösser)\nDurchladeeinrichtung (Mittelarmlehne hinten)\nDynamische Stabilitäts-Control (DSC) mit erweiterter Umfang\nEinstiegsleisten mit Einleger in Aluminium mit Schriftzug M\nErste Hilfe-Kasten / Verbandkasten\nFahrassistenz-System: Active Guard (Bremsassistent)\nFahrassistenz-System: Aufmerksamkeits-Assistent\nFreisprecheinrichtung Bluetooth mit USB-/Audio-Schnittstelle\nFußmatten Velours\nGepäckraumbeleuchtung\nGetriebe Automatik - mit Steptronic und Drivelogic (8-Stufen)\nGetränkehalter\nHeckklappenbetätigung automatisch\nHeckleuchten LED\nInduktionsladeschale für Smartphone (Wireless Charging)\nInnenspiegel mit Abblendautomatik\nInstrumentenkombination (erweiterter Umfang)\nIsofix-Aufnahmen für Kindersitz an RücksitzKarosserie: 5-türig\nKennzeichenbeleuchtung LED\nKlimaautomatik 3-Zonen mit autom. Umluft-Control\nKnieairbag Fahrerseite\nKopf-Airbag-System hinten\nKopf-Airbag-System vorn\nKopfstützen hinten klappbarLenksäule (Lenkrad) elektr. verstellbar\nLeuchtweitenregelung\nM Drive (Fahrprofilauswahl)\nM Drive Professional (Fahrprofilauswahl)\nMotor 3,0 Ltr. - 375 kW 24V TwinTurbo KAT (S58)\nNebelschlussleuchte(n)\nOtto-Partikelfilter (OPF)\nPark-Distance-Control (PDC) vorn und hinten\nParkbremse elektrisch\nReifendruck-Kontrollsystem\nReifenpannen-Anzeige\nSchadstoffarm nach Abgasnorm Euro 6d\nSchaltpunktanzeige\nSeitenairbag vorn\nService-System: ConnectedDrive Services\nService-System: Gesetzlicher Notruf\nService-System: Intelligenter Notruf inkl. TeleServices\nSitzbezug / Polsterung: Leder Merino (erweiterter Umfang)\nSitze vorn elektr. verstellbar (mit Memory)\nSpiegel-Paket\nSportdifferential\nStart-Stop-Knopf\nStart/Stop-Anlage (Funktion)\nSteckdose (12V-Anschluß) in Mittelkonsole vorn\nWarndreieck\nWidescreen Display\nWärme-/Sonnenschutzverglasung\nWärme-/Sonnenschutzverglasung kombiniert (hinten abgedunkelt)\nAlle Angaben ohne Gewähr\nIrrtümer und Zwischenverkauf vorbehalten\nBesichtigung nur nach vorheriger Absprache.\n\n\nÖffnungszeiten:\n\nMontag - Freitag 09:00 - 17:00 Uhr\nSamstag 10:00 - 14:00 Uhr & nach Vereinbarung\n\n\nWhatsApp + Telefon: +49 176 72407529 (Deutsch, Polnisch, Englisch)\n\nWhatsApp + Telefon: +49 176 82041851 (Deutsch, Polnisch, Englisch)\n\n\nGerne lassen wir Ihnen auf Anfrage weitere Bilder/Videos vom Fahrzeug zukommen.\n\nKeine Finanzierung möglich.\nReservierungen ohne Anzahlung nicht möglich!\n\nWir freuen uns auf Ihren Besuch.",
  "dealerDetails": {
    "id": 33725747,
    "name": "Crash Cars",
    "sellerType": "Dealer",
    "phones": [
      "+49 (0)2924 496982457"
    ],
    "messengers": {
      "WHATS_APP": "+49 (0)176 82041851"
    },
    "languages": [
      "Deutsch",
      "English",
      "Polski"
    ],
    "country": "DE",
    "address": "Dieselweg 5-7, DE-59519 Möhnesee",
    "location": {
      "latitude": 51.5068566,
      "longitude": 8.154916199999999
    },
    "activeSince": "2023-11-30T00:00:00.000Z",
    "homepageUrl": "https://home.mobile.de/home/redirect.html?customerId=33725747",
    "iconUrl": "https://img.classistatic.de/api/v1/mo-prod/images/1c/1cc3990f-83ea-48c0-99c5-6a15ef5d4eec?rule=mo-640.jpg",
    "reviewPageUrl": "https://www.mobile.de/bewertungen/PikPerformance?lang=en",
    "score": {
      "total": 4.4,
      "responseTime": 4.4,
      "friendliness": 4.4,
      "advice": 4.3
    },
    "activeRatingCount": 9,
    "vehicleAsDescribedPercentage": 87,
    "recommendPercentage": 75,
    "soldVehicleCount": null,
    "reviews": []
  },
  "attributes": {
    "Vehicle condition": "Used vehicle, Damaged, Accident-damaged vehicle",
    "Category": "Estate car",
    "Model range": "Baureihe M3 Touring (G81)(2022->)",
    "Trim line": "xDrive Competition",
    "Origin": "German edition",
    "Mileage": "19,930 km",
    "Cubic Capacity": "2,993 ccm",
    "Power": "375 kW (510 hp)",
    "Drive type": "Internal combustion engine",
    "Fuel": "Petrol",
    "Number of Seats": "5",
    "Door Count": "4/5",
    "Transmission": "Automatic",
    "Emission Class": "Euro6d",
    "Emissions Sticker": "4 (Green)",
    "First Registration": "03/2024",
    "HU": "03/2027",
    "Climatisation": "Automatic climatisation, 3 zones",
    "Parking sensors": "Rear, Front",
    "Airbags": "Front and Side and More Airbags",
    "Colour (Manufacturer)": "SAPHIRSCHWARZ",
    "Colour": "Black Metallic",
    "Interior Design": "Full leather, Black",
    "Weight": "1,940 kg",
    "Cylinders": "6",
    "Tank capacity": "59 l"
  },
  "features": [
    "ABS",
    "Adaptive cornering lights",
    "Adaptive Cruise Control",
    "Alarm system",
    "Alloy wheels",
    "Ambient lighting",
    "Android Auto",
    "Apple CarPlay",
    "Arm rest",
    "Autom. dimming interior mirror",
    "Blind spot assist",
    "Bluetooth",
    "Cargo barrier",
    "Central locking",
    "DAB radio",
    "Digital cockpit",
    "Distance warning system",
    "Dynamic chassis control",
    "Electric seat adjustment",
    "Electric side mirror",
    "Electric windows",
    "Eletric seat adjustment with memory function",
    "Emergency brake assist",
    "Emergency call system",
    "ESP",
    "Fatigue warning system",
    "Folding exterior mirrors",
    "Four-wheel drive",
    "Full Service History",
    "Glare-free high beam headlights",
    "Hands-free kit",
    "Heated rear seats",
    "High beam assist",
    "Hill-start assist",
    "Immobilizer",
    "Induction charging for smartphones",
    "Integrated music streaming",
    "Isofix",
    "Keyless central locking",
    "Lane change assist",
    "Laser headlights",
    "Leather steering wheel",
    "LED running lights",
    "Light sensor",
    "Multifunction steering wheel",
    "Navigation system",
    "Non-smoker vehicle",
    "On-board computer",
    "Paddle shifters",
    "Power Steering",
    "Rain sensor",
    "Roof rack",
    "Sound system",
    "Speed limit control system",
    "Sport seats",
    "Sports package",
    "Sports suspension",
    "Start-stop system",
    "Tinted windows",
    "Touchscreen",
    "Traction control",
    "Traffic sign recognition",
    "Tuner/radio",
    "Tyre pressure monitoring",
    "USB port",
    "Voice control"
  ]
},
{
  "title": "BMW M340d Touring xDrive Navi Leder Sthzg",
  "previewImage": "https://img.classistatic.de/api/v1/mo-prod/images/d0/d08fd9b7-8311-4e07-8df7-0b5b9f9df773?rule=mo-1600.jpg",
  "category": "EstateCar",
  "brand": "BMW",
  "model": "M3",
  "url": "https://suchen.mobile.de/fahrzeuge/details.html?id=431494560",
  "price.total.amount": 32089.54,
  "priceRating": {
    "rating": "No rating",
    "priceRanges": null
  },
  "description": "Unter www.autoexpo.de finden Sie zu allen unseren Fahrzeugen TÜV-Zustandsberichte.\nAblagemöglichkeiten, Active Guard Plus, Airbag für Fahrer und Beifahrer, Airbag: 2 Seitenairbags vorne, Airbag: Beifahrerairbag-Deaktivierung, Airbag: Kopfairbags vorne und hinten, Alarmanlage, Allradantrieb xDrive, Ambientes Licht, Anti-Blockier-System (ABS) inkl. Bremsas, Armauflagen vorne und hinten, Aufmerksamkeitsassistent, Auto Start-/Stop Funktion, Außenspiegel el. verstell.- u. beheizbar, Bordcomputer inkl. Check-Control, Bremsleuchte, dritte, ConnectedDrive Services, Dieselpartikelfilter, Drehzahlmesser, Durchladesystem, Dyn. Stabilitäts Control (DSC) inkl. DTC, Einstiegsleisten, vorn, Fahrerlebnisschalter, Fensterheber, elektrisch, Gepäckraumabdeckung und -trennnetz, Geschwindigkeitsregelung mit Bremsfunkt., Gesetzlicher Notruf, Getriebe:8-Gang-Sport-Aut. m. Steptronic, Heckklappenbetätigung automatisch, Heckklappenöffnung über Funkschlüssel, Heckleuchten in LED-Technik, Heckscheibe separat zu öffnen, beheizt, Heckscheibenwischer, Innenspiegel automatisch abblendend, Intelligenter Notruf inkl. TeleServices, Interieurleisten Aluminium Tetragon, Kindersitzbefestigung ISOFIX, Klimaautomatik mit 3-Zonenregelung, Kopfstützen (5) vorne und hinten, Kopfstützen im Fond, klappbar, Kraftstofftank, größer, LED Tagfahrlicht, LED-Scheinwerfer für Abblend- und Fernl., Lenkrad: M Lederlenkrad, Lenkrad: Multifunktion für Lenkrad, Lenksäulenverstellung mechanisch, M Dachhimmel anthrazit, M Dachreling Hoch.Shadow Line, M Hochglanz Shadow Line, M Sportbremse, M Sportdifferential, Mittelarmlehne im Fond, Navigationsystem: BMW Live Cockpit Prof., Paket: Ablagenpaket, Paket: Connected Package Professional, Paket: M Aerodynamikpaket, Park Distance Control (PDC),vorn +hinten, Parkbremse, elektromechanisch, Radiozubehör: DAB-Tuner, Regensensor, Rekuperationssystem, Räder: M Leichtmetallräder Doppelspeiche, Räderzubehör: Radsicherungsschrauben, Räderzubehör: Reifendruck-Kontrolle, Schlüsselloser Motorstart, Sicherheitsgurte (3-Punkt-Automatik), Sitze: Sportsitze für Fahrer & Beifahrer, Speed Limiter, Sportfahrwerk M inkl. Variabler Sportle., Steckdose (12 V), Telefon: Freisprecheinrichtung m. USB, Teleservices, Verzurrösen im Gepäckraum, Warndreieck mit Erste-Hilfe-Set, Wegfahrsperre elektronisch, Wärme-/Sonnenschutzverglasung, Zentralverriegelung, Driving Assistant, Lackierung: Metallic, Lenkrad: Lenkradheizung, M Hochglanz Shadow Line, Innen- und Außenspiegelpaket, Paket: Winterfreude, Polsterung: Leder Vernasca (Schwarz-Blau, Radiozub.: HiFi Lautsprechersystem, Sitz: Sitzheizung vorn, Sitze: Sitzheizung vorne und hinten, Telefon: Telefonie mit Wireless Charging, Verglasung: Akustikverglasung, Verglasung: Sonnenschutzverglasung, *Irrtümer vorbehalten, *Zwischenverkauf vorbehalten, Leder schwarz, Klimaautomatik, Euro 6",
  "dealerDetails": {
    "id": 453539,
    "name": "AutoExpo Deutsche Auto-Markt GmbH",
    "sellerType": "Dealer",
    "phones": [
      "+49 (0)6404 803065897"
    ],
    "languages": [
      "Deutsch",
      "Pусский",
      "English",
      "Polski"
    ],
    "country": "DE",
    "address": "Rudolf-Diesel-Str. 7, DE-35463 Fernwald-Steinbach",
    "location": {
      "latitude": 50.5566462,
      "longitude": 8.7869168
    },
    "activeSince": "1999-02-24T00:00:00.000Z",
    "homepageUrl": "https://home.mobile.de/home/redirect.html?customerId=453539",
    "iconUrl": null,
    "reviewPageUrl": "https://www.mobile.de/bewertungen/AUTOEXPO-PORTALDE?lang=en",
    "score": {
      "total": 4.4,
      "responseTime": 4.4,
      "friendliness": 4.5,
      "advice": 4.2
    },
    "activeRatingCount": 300,
    "vehicleAsDescribedPercentage": 93,
    "recommendPercentage": 87,
    "soldVehicleCount": null,
    "reviews": []
  },
  "attributes": {
    "Vehicle condition": "Used vehicle, Accident-free",
    "Category": "Estate car",
    "Vehicle Number": "458543",
    "Origin": "German edition",
    "Mileage": "114,225 km",
    "Cubic Capacity": "2,993 ccm",
    "Power": "250 kW (340 hp)",
    "Drive type": "Internal combustion engine",
    "Fuel": "Diesel",
    "Number of Seats": "5",
    "Door Count": "4/5",
    "Transmission": "Automatic",
    "Emission Class": "Euro6",
    "Emissions Sticker": "4 (Green)",
    "First Registration": "06/2021",
    "Number of Vehicle Owners": "2",
    "HU": "New",
    "Climatisation": "Automatic air conditioning",
    "Parking sensors": "Rear, Front",
    "Airbags": "Front and Side Airbags",
    "Colour (Manufacturer)": "Saphirschwarz Metallic",
    "Colour": "Black Metallic",
    "Interior Design": "Full leather, Black"
  },
  "features": [
    "ABS",
    "Alloy wheels",
    "Auxiliary heating",
    "Bluetooth",
    "Central locking",
    "Cruise control",
    "Daytime running lights",
    "Electric side mirror",
    "Electric windows",
    "ESP",
    "Full Service History",
    "Hands-free kit",
    "Heated seats",
    "Immobilizer",
    "Isofix",
    "LED headlights",
    "Light sensor",
    "Multifunction steering wheel",
    "Navigation system",
    "Non-smoker vehicle",
    "On-board computer",
    "Particulate filter",
    "Power Steering",
    "Rain sensor",
    "Roof rack",
    "Sport seats",
    "Sports package",
    "Sports suspension",
    "Start-stop system",
    "Traction control",
    "Tuner/radio"
  ]
},
{
  "title": "BMW M3 Limousine*INDIVIDUAL*M-DRIVERS*HEAD-UP*LASER",
  "previewImage": "https://img.classistatic.de/api/v1/mo-prod/images/8a/8a4fab5a-4606-4e80-bbf0-b0ba6e92e957?rule=mo-1600.jpg",
  "category": "Limousine",
  "brand": "BMW",
  "model": "M3",
  "url": "https://suchen.mobile.de/fahrzeuge/details.html?id=394824793",
  "price.total.amount": 63999,
  "priceRating": {
    "rating": "Good price",
    "priceRanges": {
      "Very good price": {
        "start": 48601,
        "end": 63200
      },
      "Good price": {
        "start": 63201,
        "end": 68000
      },
      "Fair price": {
        "start": 68001,
        "end": 75600
      },
      "Increased price": {
        "start": 75601,
        "end": 81200
      },
      "High price": {
        "start": 81201,
        "end": 90200
      }
    }
  },
  "description": "DEUTSCHES FAHRZEUG aus erster Hand\n\n-kein Import\n-lückenlos Scheckheftgepflegt nur bei BMW\n-Mwst ausweisbar\n\nSonderausstattung:\nAußenausstattung: Shadow-Line Hochglanz (erweiterter Umfang), BMW Individuallackierung Tansanit-Blau II Metallic, Innenausstattung: Interieurleisten Aluminium Tetragon, Innovations-Paket, Lenkrad heizbar, LM-Felgen vorn/hinten: 9,5x19 / 10,5x20 (Doppelspeiche 826 M, Schwarz), M Driver´s Package, Metallic-Lackierung, Parkassistent-Paket, Scheinwerfer BMW Individual Shadow-Line\n\nWeitere Ausstattung:\nAblage-Paket, Adaptives Fahrwerk M-Technic, Airbag Beifahrerseite abschaltbar, Airbag Fahrer-/Beifahrerseite, Aktives M Differential, Ambiente-Beleuchtung, Ausstattungs-Paket: Connected Professional, Außenausstattung: Shadow-Line Hochglanz, Außenspiegel elektr. verstell- und heizbar, Blinkleuchte in Außenspiegel integriert, BMW Live Cockpit Professional, Bordcomputer, DAB-Tuner (Radioempfang digital), Dachhimmel Anthrazit (BMW Individual), Diebstahlsicherung für Räder (Felgenschlösser), Durchladeeinrichtung (Mittelarmlehne hinten), Dynamische Stabilitäts-Control (DSC) mit erweiterter Umfang, Erste Hilfe-Kasten / Verbandkasten, Fahrassistenz-System: Active Guard (Bremsassistent), Fahrassistenz-System: Aufmerksamkeits-Assistent, Freisprecheinrichtung Bluetooth mit USB-/Audio-Schnittstelle, Fußmatten Velours, Gepäckraumbeleuchtung, Getränkehalter, Heckleuchten LED, HiFi-Lautsprechersystem, Innenspiegel mit Abblendautomatik, Instrumentenkombination (erweiterter Umfang), Isofix-Aufnahmen für Kindersitz an Rücksitz, Karosserie: 4-türig, Kennzeichenbeleuchtung LED, Klimaautomatik 3-Zonen mit autom. Umluft-Control, Knieairbag Fahrerseite, Kopf-Airbag-System hinten, Kopf-Airbag-System vorn, Kopfstützen hinten klappbar, Leichtbaudach (kohlefaserverstärkter Kunststoff, CFK), Lenksäule (Lenkrad) elektr. verstellbar, Lenksäule (Lenkrad) mechan. verstellbar, Leuchtweitenregelung, M Drive (Fahrprofilauswahl), Motor 3,0 Ltr. - 353 kW 24V TwinTurbo KAT (S58), Multifunktion für Lenkrad, Nebelschlussleuchte(n), Otto-Partikelfilter (OPF), Park-Distance-Control (PDC) vorn und hinten, Parkbremse elektrisch, Reifendruck-Kontrollsystem, Reifenpannen-Anzeige, Schadstoffarm nach Abgasnorm Euro 6d, Schaltpunktanzeige, Scheinwerfer LED, Seitenairbag vorn, Service-System: Intelligenter Notruf inkl. TeleServices, Sitzbezug / Polsterung: Leder Merino (erweiterter Umfang), Sitze vorn elektr. verstellbar (mit Memory), Sitzheizung vorn, Spiegel-Paket, Sportdifferential, Sportsitze vorn (M-Technic), Start-Stop-Knopf, Start/Stop-Anlage (Funktion), Steckdose (12V-Anschluß) in Mittelkonsole vorn, Warndreieck, Wärme-/Sonnenschutzverglasung, Wärme-/Sonnenschutzverglasung kombiniert (hinten abgedunkelt)",
  "dealerDetails": {
    "id": 11597305,
    "name": "Autohaus Kevek",
    "sellerType": "Dealer",
    "phones": [
      "+49 (0)8025 926905475"
    ],
    "messengers": {
      "WHATS_APP": "+49 (0)176 84695343"
    },
    "languages": [
      "Deutsch",
      "English",
      "Türkçe"
    ],
    "country": "DE",
    "address": "Oskar-von-Miller-Str. 9, DE-83714 Miesbach",
    "location": {
      "latitude": 47.79694000000001,
      "longitude": 11.8369032
    },
    "activeSince": "2014-05-06T00:00:00.000Z",
    "homepageUrl": "https://home.mobile.de/home/redirect.html?customerId=11597305",
    "iconUrl": "https://img.classistatic.de/api/v1/mo-prod/images/0e/0e84cc30-d1b6-44cd-8339-6e257028889b?rule=mo-640.jpg",
    "reviewPageUrl": "https://www.mobile.de/bewertungen/KeveksAutomobile?lang=en",
    "score": {
      "total": 4.7,
      "responseTime": 4.9,
      "friendliness": 4.8,
      "advice": 4.5
    },
    "activeRatingCount": 12,
    "vehicleAsDescribedPercentage": 100,
    "recommendPercentage": 90,
    "soldVehicleCount": null,
    "reviews": []
  },
  "attributes": {
    "Vehicle condition": "Used vehicle, Accident-free",
    "Category": "Saloon",
    "Vehicle Number": "9",
    "Origin": "German edition",
    "Mileage": "50,000 km",
    "Cubic Capacity": "2,993 ccm",
    "Power": "353 kW (480 hp)",
    "Drive type": "Internal combustion engine",
    "Fuel": "Petrol",
    "Fuel consumption": [
      "10.8 l/100km (combined)"
    ],
    "Number of Seats": "5",
    "Door Count": "4/5",
    "Transmission": "Manual gearbox",
    "Emission Class": "Euro6d-TEMP",
    "Emissions Sticker": "4 (Green)",
    "First Registration": "04/2021",
    "Number of Vehicle Owners": "1",
    "HU": "New",
    "Climatisation": "Automatic climatisation, 2 zones",
    "Parking sensors": "Camera, Rear, Front",
    "Airbags": "Front and Side and More Airbags",
    "Colour (Manufacturer)": "TANSANITBLAU II METALLIC",
    "Colour": "Blue Metallic",
    "Interior Design": "Full leather, Black",
    "Energy consumption (comb.)": "10.8 l/100km",
    "CO₂ emissions (comb.)": "248 g/km"
  },
  "features": [
    "ABS",
    "Alarm system",
    "Alloy wheels",
    "Ambient lighting",
    "Android Auto",
    "Apple CarPlay",
    "Arm rest",
    "Autom. dimming interior mirror",
    "Bluetooth",
    "Cargo barrier",
    "Central locking",
    "Cruise control",
    "DAB radio",
    "Digital cockpit",
    "Distance warning system",
    "Electric seat adjustment",
    "Electric side mirror",
    "Electric windows",
    "Emergency brake assist",
    "Emergency call system",
    "ESP",
    "Fatigue warning system",
    "Full Service History",
    "Glare-free high beam headlights",
    "Hands-free kit",
    "Head-up display",
    "Heated seats",
    "High beam assist",
    "Hill-start assist",
    "Immobilizer",
    "Induction charging for smartphones",
    "Integrated music streaming",
    "Isofix",
    "Keyless central locking",
    "Laser headlights",
    "Leather steering wheel",
    "LED running lights",
    "Light sensor",
    "Multifunction steering wheel",
    "Navigation system",
    "Non-smoker vehicle",
    "On-board computer",
    "Paddle shifters",
    "Passenger seat Isofix point",
    "Power Steering",
    "Rain sensor",
    "Sound system",
    "Speed limit control system",
    "Sport seats",
    "Sports package",
    "Sports suspension",
    "Start-stop system",
    "Summer tyres",
    "Touchscreen",
    "Traction control",
    "Tuner/radio",
    "Voice control"
  ]
},
{
  "title": "BMW M3 Innovationsp. Klimaaut. Head-Up Memory vorn",
  "previewImage": "https://img.classistatic.de/api/v1/mo-prod/images/da/da43d9be-2d4e-4a10-b155-14f01111ca77?rule=mo-1600.jpg",
  "category": "Limousine",
  "brand": "BMW",
  "model": "M3",
  "url": "https://suchen.mobile.de/fahrzeuge/details.html?id=433854587",
  "price.total.amount": 64930,
  "priceRating": {
    "rating": "Good price",
    "priceRanges": {
      "Very good price": {
        "start": 47501,
        "end": 61700
      },
      "Good price": {
        "start": 61701,
        "end": 66400
      },
      "Fair price": {
        "start": 66401,
        "end": 73900
      },
      "Increased price": {
        "start": 73901,
        "end": 79300
      },
      "High price": {
        "start": 79301,
        "end": 88100
      }
    }
  },
  "description": "Sonderausstattung:\nInnovationspaket\nBMW Laserlicht\nBMW Head-Up Display\nMetallic-Lackierung\nM Drive Professional\nDriving Assistant\nKomfortzugang\nHarman Kardon Surround Sound System\nParking Assistant\nSonnenschutzverglasung\nLenkradheizung\nM Combound-Bremse Schwarz hochglänzend\nFernlichtassistent\nModellschriftzug Entfall\n\nSerienausstattung:\nAußentemperaturanzeige\nZehn Lautsprecher und Subwoofer\nBordcomputer mit Durchschnittsgeschwindigkeit, Durchschnittskraftstoffverbrauch, momentaner Kraftstoffverbrauch und Reichweite\nLuxus-Ausstattung: Klavierlack, Klavierlack, Leder auf Türverkleidungen, Klavierlack auf Armaturenbrett\nTagfahrlicht\nKopf-/Dach Airbag vorn und hinten\nZentralverriegelung mit Schließung der elektr. Fenster\nFahrer-Airbag intelligent, Beifahrer-Airbag mit Deaktivierung für Beifahrerairbag intelligent\nSeiten-Airbag vorne\nPremiumleder / Premiumleder\nArmlehne für Vordersitze\nArmlehne für Rücksitze\nFahrersitz Sportsitz mit sieben elektr. Verstellmöglichkeiten, Sitzheizung, Lehnenneigungsverstellung mit Memory, Längsverstellung mit Memory und Längsverstellung mit Memory 2-Wege elektrisch mit Sitzflächenneigungsverstellung mit Memory und mechanischer Oberschenkelauflage, Beifahrersitz Sportsitz mit sieben elektr. Verstellmöglichkeiten, Sitzheizung, elektrischer Lehnenneigungsverstellung, elektrischer Längsverstellung und elektrischer Höhenverstellung 2-Wege elektrisch mit elektrischer Sitzflächenneigungsverstellung und mechanischer Oberschenkelauflage\nMultifunktions-Alu & Lederlenkrad höhenverstellbar und längsverstellbar\n12V Steckdose im Gepäck/Laderaum vorne und hinten\nSportfahrwerk\nAktive Radaufhängung mit wählbarer Einstellung elektronisch\nBelüftungssystem mit digitaler Überwachung, Pollenfilter und Aktivkohlefilter Verbrennung\nGetrennte Belüftungsregelung für Beifahrerseite und hinten mit digitaler Anzeige\nKlimaanlage mit 3 Klimatisierungszonen (vollautomatisch)\nAnklappbare Außenspiegel\nElektrische Fensterheber mit Impulsschaltung für zwei Fenster vorn und hinten\nNavigationssystem mit Bedienung über Touch Screen, Datenquelle: Intern & Internet (Farbe), 10,3 Zoll-Bildschirm, Verkehrsinformation und Verkehrsinfo Monate inklusive: 36\nSportauspuff\nIsofix\nSprachbedienung für Radio, für Telefon, für Navigationssystem und andere\nFernbedienbare Heckklappenfernentriegelung\nElektronische Handbremse\nPartikelfilter\nKnie-Airbags Fahrer\nAutom. Warnblinker bei starker Bremsung\nElektr. Sitz-Memory für Außenspiegel\nCrash Warnsystem aktiviert Bremslicht, Müdigkeitswarnung, automatisches Bremsen, Bremst bei niedriger Geschwindigkeit Mindestgeschw. Zur Aktivierung: 5 km/h Fußgängerschutz, visuelle/akustische Warnung, Funktion über 130 km/h 78 mph, Funktion über 50 km/h 30 mph und Funktion unter 50 km/h 30 mph\nBluetooth inkl. Musik Streaming\nStart/Stop\nGeschwindigkeitsregelanlage\nSpurassistent\nStartknopf\nMulti-Funktions-Monitor mit 12,3 Zoll Bildschirm Instrumente 1 und Bildschirmgröße (cm): 31,2, Multi-Funktions-Monitor mit 10,3 Zoll Bildschirm und Touch-Bedienung Armaturenbrett 1, Drehrad und Bildschirmgröße (cm): 26,2\nLeseleuchten vorne und hinten\nLED Licht Bremslicht, Nebelscheinwerfer, Abblendlicht, Blinker, Tagfahrlicht, Rückleuchten und Fernlicht\nBeleuchtete Einstiegszone\nEnergie Rückgewinnung Motor\nVerkehrszeichenerkennung\nAktives Differenzial Hinten\nInterner Speicher/Festplatte\nFahrereinstellungen Motorcharakteristik, Lenkung, Fahrwerk, Stabilitätskontrolle und Traktionskontrolle\nBeleuchteter Make-up-Spiegel für Fahrer und Beifahrer\nFernbedienung Klimaanlage per Telefon, Zeitvorwahl, mit Heizen und mit Kühlen\nInstallierte Apps\nApp-Steuerung\nEinparkhilfe vorne, hinten Radar\nText - Sprache/Sprache - Text\n7 Airbags\nMobiltelefonintegration Apple CarPlay, Android Auto, Apple Monate inklusive: unbegrenzt, Android Monate inklusive: unbegrenzt, Andere Monate inklusive: 0, MirrorLink Monate inklusive: 0, Apple drahtlos und Android drahtlos\nAmbientelicht\nMedia Control Drehrad und Touch Screen\nWLTP Emissionen ICE, kombiniert: 227,0, kombiniert Fzg niedrig: 227,0 und kombiniert Fzg hoch: 231,0\nElektrisches System 12\nTorque vectoring Differential\nAmbientelicht Farbwahl\nAmbientelicht Einfassung\nRemote Services Fensterbruchwarnung, Fahrzeug finden, Ton/Blinken, 36 Monate inklusive, Zielübertragung und Position teilen\nOver air updates OS Version\nNotruf\nOptik Schwarz um Seitenfenster\nUSB Ladeanschluss vorne, hinten\nTürschwellerschutz Aluminium\nCarbondach\nSperrdifferential mit begrenztem Schlupf elektronisches und hinten\nAntriebs-Schlupf-Regelung\nRadschraubensicherung\nM Sportdifferenzial\nAdaptives Fahrwerk\nAlarmanlage\nInnen- und Außenspiegel Paket\nInnenspiegel automatisch abblendend\nLordosenstütze\nAblagenpaket\n\n(Änderungen, Irrtümer und Zwischenverkauf vorbehalten!)",
  "dealerDetails": {
    "id": 22605533,
    "name": "ahg Autohandelsgesellschaft mbH",
    "sellerType": "Dealer",
    "phones": [
      "+49 (0)711 2528620782"
    ],
    "languages": [
      "Deutsch"
    ],
    "country": "DE",
    "address": "Dornierstraße 8, DE-73730 Esslingen am Neckar",
    "location": {
      "latitude": 48.716732,
      "longitude": 9.3427505
    },
    "activeSince": "2019-12-24T00:00:00.000Z",
    "homepageUrl": "https://home.mobile.de/home/redirect.html?customerId=22605533",
    "iconUrl": "https://img.classistatic.de/api/v1/mo-prod/images/99/990946ac-f408-4e60-9fe5-22aec26819f7?rule=mo-640.jpg",
    "reviewPageUrl": "https://www.mobile.de/bewertungen/AHGENTENMANNNIEDERLASSUNGDERAHGAUTOHANDELSGESELLSCHAFTMBH?lang=en",
    "score": {
      "total": 4.1,
      "responseTime": 4.3,
      "friendliness": 4.2,
      "advice": 3.9
    },
    "activeRatingCount": 9,
    "vehicleAsDescribedPercentage": 100,
    "recommendPercentage": 66,
    "soldVehicleCount": null,
    "reviews": []
  },
  "attributes": {
    "Vehicle condition": "Used vehicle, Accident-free",
    "Category": "Saloon",
    "Vehicle Number": "FL63465",
    "Availability": "Now",
    "Mileage": "55,399 km",
    "Cubic Capacity": "2,993 ccm",
    "Power": "353 kW (480 hp)",
    "Drive type": "Internal combustion engine",
    "Fuel": "Petrol",
    "CO₂ class": "Based on CO₂ emissions (combined)",
    "Fuel consumption": [
      "10.0 l/100km (combined)",
      "15.2 l/100km (city)",
      "9.9 l/100km (suburban)",
      "8.5 l/100km (country road)",
      "8.5 l/100km (motorway)"
    ],
    "Number of Seats": "5",
    "Door Count": "4/5",
    "Transmission": "Manual gearbox",
    "Emission Class": "Euro6",
    "Emissions Sticker": "4 (Green)",
    "First Registration": "07/2021",
    "Number of Vehicle Owners": "1",
    "HU": "New",
    "Climatisation": "Automatic air conditioning",
    "Parking sensors": "Camera, Rear, Front, Self-steering systems",
    "Airbags": "Front and Side and More Airbags",
    "Colour (Manufacturer)": "Saphirschwarz Metallic",
    "Colour": "Black Metallic",
    "Interior Design": "Full leather, Black",
    "Energy consumption (comb.)": "10.0 l/100km",
    "CO₂ emissions (comb.)": "228 g/km"
  },
  "features": [
    "ABS",
    "Adaptive lighting",
    "Alarm system",
    "Alloy wheels",
    "Bluetooth",
    "Central locking",
    "Cruise control",
    "DAB radio",
    "Daytime running lights",
    "Electric seat adjustment",
    "Electric side mirror",
    "Electric windows",
    "ESP",
    "Fog lamp",
    "Full Service History",
    "Hands-free kit",
    "Head-up display",
    "Heated seats",
    "Immobilizer",
    "Isofix",
    "LED headlights",
    "Light sensor",
    "Multifunction steering wheel",
    "Navigation system",
    "Non-smoker vehicle",
    "On-board computer",
    "Particulate filter",
    "Power Steering",
    "Rain sensor",
    "Sport seats",
    "Sports suspension",
    "Start-stop system",
    "Traction control",
    "Tuner/radio",
    "Warranty"
  ]
},
{
  "title": "BMW M3 Baureihe M3 Lim. Competition",
  "previewImage": "https://img.classistatic.de/api/v1/mo-prod/images/f9/f9c99e76-a134-4044-a1c7-eb6cb7533736?rule=mo-1600.jpg",
  "category": "Limousine",
  "brand": "BMW",
  "model": "M3",
  "url": "https://suchen.mobile.de/fahrzeuge/details.html?id=434481245",
  "price.total.amount": 46900,
  "priceRating": {
    "rating": "No rating",
    "priceRanges": null
  },
  "description": "BMW M3 Competition\nDeutsches Modell\n\nUnfallfahrzeug Frontschaden siehe Bilder\nMotor Getriebe OK\nAlle Airbags OK\nMotor Startet und fährt auf dem Hof\n\n\nSonderausstattung:\nBremsanlage: Compound - M Bremssystem, Fahrassistenz-System: BMW Gestiksteuerung, Fahrassistenz-System: Driving Assistant Professional, Fahrassistenz-System: Fernlichtassistent, Head-up-Display, Heckklappenbetätigung automatisch, Innenausstattung: Interieurleisten Carbon, Lenkrad heizbar, LM-Felgen vorn/hinten: 9,5x19 / 10,5x20 (Doppelspeiche 826 M, Schwarz), Metallic-Lackierung, Parkassistent-Paket Plus, Raucher-Paket, Reifen-Reparaturset (Mobility-Pack), Scheinwerfer BMW Individual Shadow-Line, Scheinwerfer Laserlicht, Sicherheitsgurte M, Sonnenschutzverglasung (hinten abgedunkelt), Sound-System Harman-Kardon\n\nWeitere Ausstattung:\nAblage-Paket, Adaptives Fahrwerk M-Technic, Airbag Beifahrerseite abschaltbar, Airbag Fahrer-/Beifahrerseite, Aktives M Differential, Ambiente-Beleuchtung, Ausstattungs-Paket: Connected Professional, Außenausstattung: Shadow-Line Hochglanz, Außenausstattung: Shadow-Line Hochglanz (erweiterter Umfang), Außenspiegel elektr. verstell- und heizbar, Bedienelemente galvanisiert, Blinkleuchte in Außenspiegel integriert, BMW Live Cockpit Professional, Bordcomputer, Competition, DAB-Tuner (Radioempfang digital), Dachhimmel Anthrazit (BMW Individual), Diebstahlsicherung für Räder (Felgenschlösser), Durchladeeinrichtung (Mittelarmlehne hinten), Dynamische Stabilitäts-Control (DSC) mit erweiterter Umfang, Erste Hilfe-Kasten / Verbandkasten, Fahrassistenz-System: Active Guard (Bremsassistent), Fahrassistenz-System: Aufmerksamkeits-Assistent, Freisprecheinrichtung Bluetooth mit USB-/Audio-Schnittstelle, Fußmatten Velours, Gepäckraumbeleuchtung, Getriebe Automatik - mit Steptronic und Drivelogic (8-Stufen), Getränkehalter, Heckleuchten LED, Innenspiegel mit Abblendautomatik, Instrumentenkombination (erweiterter Umfang), Isofix-Aufnahmen für Kindersitz an Rücksitz, Karosserie: 4-türig, Kennzeichenbeleuchtung LED, Klimaautomatik 3-Zonen mit autom. Umluft-Control, Knieairbag Fahrerseite, Kopf-Airbag-System hinten, Kopf-Airbag-System vorn, Kopfstützen hinten klappbar, Leichtbaudach (kohlefaserverstärkter Kunststoff, CFK), Lenksäule (Lenkrad) elektr. verstellbar, Lenksäule (Lenkrad) mechan. verstellbar, Leuchtweitenregelung, M Drive (Fahrprofilauswahl), M Drive Professional (Fahrprofilauswahl), Motor 3,0 Ltr. - 375 kW 24V TwinTurbo KAT (S58), Multifunktion für Lenkrad, Nebelschlussleuchte(n), Otto-Partikelfilter (OPF), Park-Distance-Control (PDC) vorn und hinten, Parkbremse elektrisch, Reifendruck-Kontrollsystem, Reifenpannen-Anzeige, Schadstoffarm nach Abgasnorm Euro 6d, Schaltpunktanzeige, Scheinwerfer LED, Seitenairbag vorn, Service-System: Intelligenter Notruf inkl. TeleServices, Sitzbezug / Polsterung: Leder Merino (erweiterter Umfang), Sitze vorn elektr. verstellbar (mit Memory), Spiegel-Paket, Sportdifferential, Sportsitze vorn (M-Technic), Start-Stop-Knopf, Start/Stop-Anlage (Funktion), Steckdose (12V-Anschluß) in Mittelkonsole vorn, Warndreieck, Wärme-/Sonnenschutzverglasung, Wärme-/Sonnenschutzverglasung kombiniert (hinten abgedunkelt)",
  "dealerDetails": {
    "id": 22056436,
    "name": "Car Concept Duisburg",
    "sellerType": "Dealer",
    "phones": [
      "+49 (0)203 7990902503"
    ],
    "messengers": {
      "WHATS_APP": "+49 (0)173 5171763"
    },
    "languages": [
      "Deutsch",
      "English"
    ],
    "country": "DE",
    "address": "Schlachthofstr.48, DE-47167 Duisburg",
    "location": {
      "latitude": 51.5042211,
      "longitude": 6.7851925
    },
    "activeSince": "2019-10-02T00:00:00.000Z",
    "homepageUrl": "https://home.mobile.de/home/redirect.html?customerId=22056436",
    "iconUrl": null,
    "reviewPageUrl": "https://www.mobile.de/bewertungen/CARCONCEPTDUISBURGDUISBURG?lang=en",
    "score": {
      "total": 4.1,
      "responseTime": 4.1,
      "friendliness": 4.1,
      "advice": 4
    },
    "activeRatingCount": 9,
    "vehicleAsDescribedPercentage": 88,
    "recommendPercentage": 77,
    "soldVehicleCount": null,
    "reviews": []
  },
  "attributes": {
    "Vehicle condition": "Used vehicle, Damaged, Accident-damaged vehicle",
    "Category": "Saloon",
    "Model range": "Baureihe M3 Lim. (G80)(2020->)",
    "Trim line": "Competition",
    "Origin": "German edition",
    "Mileage": "46,462 km",
    "Cubic Capacity": "2,993 ccm",
    "Power": "375 kW (510 hp)",
    "Drive type": "Internal combustion engine",
    "Fuel": "Petrol",
    "Fuel consumption": [
      "10.2 l/100km (combined)"
    ],
    "Number of Seats": "5",
    "Door Count": "4/5",
    "Transmission": "Automatic",
    "Emission Class": "Euro6d-TEMP",
    "Emissions Sticker": "4 (Green)",
    "First Registration": "05/2021",
    "HU": "04/2027",
    "Climatisation": "Automatic climatisation, 4 zones",
    "Parking sensors": "Self-steering systems, Rear, 360° camera",
    "Airbags": "Front and Side and More Airbags",
    "Colour": "Black Metallic",
    "Interior Design": "Full leather, Black",
    "Weight": "1,805 kg",
    "Cylinders": "6",
    "Tank capacity": "59 l",
    "Energy consumption (comb.)": "10.2 l/100km",
    "CO₂ emissions (comb.)": "234 g/km"
  },
  "features": [
    "ABS",
    "Adaptive cornering lights",
    "Adaptive Cruise Control",
    "Alarm system",
    "Alloy wheels",
    "Ambient lighting",
    "Android Auto",
    "Apple CarPlay",
    "Arm rest",
    "Autom. dimming interior mirror",
    "Blind spot assist",
    "Bluetooth",
    "CD player",
    "Central locking",
    "DAB radio",
    "Digital cockpit",
    "Distance warning system",
    "Dynamic chassis control",
    "Electric seat adjustment",
    "Electric side mirror",
    "Electric tailgate",
    "Electric windows",
    "Eletric seat adjustment with memory function",
    "Emergency brake assist",
    "Emergency call system",
    "Emergency tyre repair kit",
    "ESP",
    "Folding exterior mirrors",
    "Glare-free high beam headlights",
    "Hands-free kit",
    "Head-up display",
    "Heated rear seats",
    "Heated seats",
    "Heated steering wheel",
    "High beam assist",
    "Hill-start assist",
    "Immobilizer",
    "Induction charging for smartphones",
    "Integrated music streaming",
    "Isofix",
    "Keyless central locking",
    "Lane change assist",
    "Laser headlights",
    "Leather steering wheel",
    "LED running lights",
    "Light sensor",
    "Lumbar support",
    "Multifunction steering wheel",
    "Navigation system",
    "On-board computer",
    "Paddle shifters",
    "Particulate filter",
    "Passenger seat Isofix point",
    "Power Steering",
    "Rain sensor",
    "Rear traffic alert",
    "Rear wheel drive",
    "Ski bag",
    "Sound system",
    "Speed limit control system",
    "Sport seats",
    "Sports package",
    "Sports suspension",
    "Start-stop system",
    "Summer tyres",
    "Tinted windows",
    "Touchscreen",
    "Traction control",
    "Traffic sign recognition",
    "Tuner/radio",
    "Tyre pressure monitoring",
    "USB port",
    "Voice control",
    "WLAN / Wi-Fi hotspot"
  ]
},
{
  "title": "BMW M3 Lim. Competition Laser-Carbon-HarmanKardon",
  "previewImage": "https://img.classistatic.de/api/v1/mo-prod/images/2f/2f10da74-4855-4e86-b073-cf9f9f507b78?rule=mo-1600.jpg",
  "category": "Limousine",
  "brand": "BMW",
  "model": "M3",
  "url": "https://suchen.mobile.de/fahrzeuge/details.html?id=428512892",
  "price.total.amount": 66490,
  "priceRating": {
    "rating": "Good price",
    "priceRanges": {
      "Very good price": {
        "start": 50801,
        "end": 66000
      },
      "Good price": {
        "start": 66001,
        "end": 71100
      },
      "Fair price": {
        "start": 71101,
        "end": 79000
      },
      "Increased price": {
        "start": 79001,
        "end": 84800
      },
      "High price": {
        "start": 84801,
        "end": 94300
      }
    }
  },
  "description": "Sonderausstattung:\nBMW Individuallackierung Oxid-Grau II Metallic, Heckklappenbetätigung automatisch, Innenausstattung: Interieurleisten Carbon, Innovations-Paket, LM-Felgen vorn/hinten: 9,5x19 / 10,5x20 (Doppelspeichen 825 M, Bicolor, Schwarz), Metallic-Lackierung, Parkassistent-Paket, Scheinwerfer BMW Individual Shadow-Line, Sicherheitssystem Active Protection, Sonnenschutzverglasung (hinten abgedunkelt), Sound-System Harman-Kardon\n\nWeitere Ausstattung:\nAblage-Paket, Adaptives Fahrwerk M-Technic, Airbag Beifahrerseite abschaltbar, Airbag Fahrer-/Beifahrerseite, Aktives M Differential, Ambiente-Beleuchtung, Ausstattungs-Paket: Connected Professional, Außenausstattung: Shadow-Line Hochglanz, Außenausstattung: Shadow-Line Hochglanz (erweiterter Umfang), Außenspiegel elektr. verstell- und heizbar, Bedienelemente galvanisiert, Blinkleuchte in Außenspiegel integriert, BMW Live Cockpit Professional, Bordcomputer, Competition, DAB-Tuner (Radioempfang digital), Dachhimmel Anthrazit (BMW Individual), Diebstahlsicherung für Räder (Felgenschlösser), Durchladeeinrichtung (Mittelarmlehne hinten), Dynamische Stabilitäts-Control (DSC) mit erweiterter Umfang, Erste Hilfe-Kasten / Verbandkasten, Fahrassistenz-System: Active Guard (Bremsassistent), Fahrassistenz-System: Aufmerksamkeits-Assistent, Freisprecheinrichtung Bluetooth mit USB-/Audio-Schnittstelle, Fußmatten Velours, Gepäckraumbeleuchtung, Getriebe Automatik - mit Steptronic und Drivelogic (8-Stufen), Getränkehalter, Heckleuchten LED, Innenspiegel mit Abblendautomatik, Instrumentenkombination (erweiterter Umfang), Isofix-Aufnahmen für Kindersitz an Rücksitz, Karosserie: 4-türig, Kennzeichenbeleuchtung LED, Klimaautomatik 3-Zonen mit autom. Umluft-Control, Knieairbag Fahrerseite, Kopf-Airbag-System hinten, Kopf-Airbag-System vorn, Kopfstützen hinten klappbar, Leichtbaudach (kohlefaserverstärkter Kunststoff, CFK), Lenksäule (Lenkrad) elektr. verstellbar, Lenksäule (Lenkrad) mechan. verstellbar, Leuchtweitenregelung, M Drive (Fahrprofilauswahl), M Drive Professional (Fahrprofilauswahl), Motor 3,0 Ltr. - 375 kW 24V TwinTurbo KAT (S58), Multifunktion für Lenkrad, Nebelschlussleuchte(n), Otto-Partikelfilter (OPF), Park-Distance-Control (PDC) vorn und hinten, Parkbremse elektrisch, Reifendruck-Kontrollsystem, Reifenpannen-Anzeige, Schadstoffarm nach Abgasnorm Euro 6d, Schaltpunktanzeige, Scheinwerfer LED, Seitenairbag vorn, Service-System: Intelligenter Notruf inkl. TeleServices, Sitzbezug / Polsterung: Leder Merino (erweiterter Umfang), Sitze vorn elektr. verstellbar (mit Memory), Sitzheizung vorn, Spiegel-Paket, Sportdifferential, Sportsitze vorn (M-Technic), Start-Stop-Knopf, Start/Stop-Anlage (Funktion), Steckdose (12V-Anschluß) in Mittelkonsole vorn, Warndreieck, Wärme-/Sonnenschutzverglasung, Wärme-/Sonnenschutzverglasung kombiniert (hinten abgedunkelt)",
  "dealerDetails": {
    "id": 35881140,
    "name": "Autowelt Emden",
    "sellerType": "Dealer",
    "phones": [
      "+49 (0)4921 820629780"
    ],
    "languages": [
      "Deutsch",
      "English",
      "Türkçe"
    ],
    "country": "DE",
    "address": "Neutorstraße 135, DE-26721 Emden",
    "location": {
      "latitude": 53.3731596,
      "longitude": 7.206560199999998
    },
    "activeSince": "2024-06-04T00:00:00.000Z",
    "homepageUrl": "https://home.mobile.de/home/redirect.html?customerId=35881140",
    "iconUrl": "https://img.classistatic.de/api/v1/mo-prod/images/18/188e73ff-38e3-4b07-9c72-0aba3007d02a?rule=mo-640.jpg",
    "reviewPageUrl": "https://www.mobile.de/bewertungen/AUTOWELTEMDEN?lang=en",
    "score": {
      "total": 5,
      "responseTime": 5,
      "friendliness": 5,
      "advice": 4.9
    },
    "activeRatingCount": 15,
    "vehicleAsDescribedPercentage": 100,
    "recommendPercentage": 100,
    "soldVehicleCount": null,
    "reviews": []
  },
  "attributes": {
    "Vehicle condition": "Used vehicle",
    "Category": "Saloon",
    "Model range": "Baureihe M3 Lim. (G80)(2020->)",
    "Trim line": "Competition",
    "Mileage": "49,600 km",
    "Cubic Capacity": "2,993 ccm",
    "Power": "375 kW (510 hp)",
    "Drive type": "Internal combustion engine",
    "Fuel": "Petrol",
    "Fuel consumption": [
      "10.2 l/100km (combined)"
    ],
    "Number of Seats": "5",
    "Door Count": "4/5",
    "Transmission": "Automatic",
    "Emission Class": "Euro6",
    "Emissions Sticker": "4 (Green)",
    "First Registration": "03/2021",
    "Number of Vehicle Owners": "2",
    "HU": "New",
    "Climatisation": "Automatic climatisation, 3 zones",
    "Parking sensors": "Rear, Front, Camera",
    "Airbags": "Front and Side and More Airbags",
    "Colour (Manufacturer)": "OXIDGRAU II METALLIC",
    "Colour": "Grey Metallic",
    "Interior Design": "Full leather, Black",
    "Weight": "1,805 kg",
    "Cylinders": "6",
    "Tank capacity": "59 l",
    "Energy consumption (comb.)": "10.2 l/100km",
    "CO₂ emissions (comb.)": "234 g/km"
  },
  "features": [
    "ABS",
    "Adaptive cornering lights",
    "Alarm system",
    "Alloy wheels",
    "Ambient lighting",
    "Android Auto",
    "Apple CarPlay",
    "Arm rest",
    "Autom. dimming interior mirror",
    "Blind spot assist",
    "Bluetooth",
    "Central locking",
    "Cruise control",
    "DAB radio",
    "Digital cockpit",
    "Distance warning system",
    "Dynamic chassis control",
    "Electric seat adjustment",
    "Electric side mirror",
    "Electric tailgate",
    "Electric windows",
    "Eletric seat adjustment with memory function",
    "Emergency call system",
    "Emergency tyre repair kit",
    "ESP",
    "Fatigue warning system",
    "Folding exterior mirrors",
    "Full Service History",
    "Hands-free kit",
    "Head-up display",
    "Heated seats",
    "High beam assist",
    "Hill-start assist",
    "Immobilizer",
    "Induction charging for smartphones",
    "Isofix",
    "Keyless central locking",
    "Laser headlights",
    "Leather steering wheel",
    "LED running lights",
    "Light sensor",
    "Multifunction steering wheel",
    "Navigation system",
    "New service",
    "Non-smoker vehicle",
    "On-board computer",
    "Paddle shifters",
    "Power Steering",
    "Rain sensor",
    "Rear wheel drive",
    "Sound system",
    "Speed limit control system",
    "Sport seats",
    "Sports suspension",
    "Start-stop system",
    "Summer tyres",
    "Tinted windows",
    "Touchscreen",
    "Traction control",
    "Traffic sign recognition",
    "Tuner/radio",
    "Tyre pressure monitoring",
    "USB port",
    "Voice control",
    "Warranty"
  ]
},
{
  "title": "BMW M3 Competition *19%*HarmanKardon*DriversPackage*",
  "previewImage": "https://img.classistatic.de/api/v1/mo-prod/images/1f/1f4ca42b-b4cb-4eab-ae7d-d88b865fa363?rule=mo-1600.jpg",
  "category": "Limousine",
  "brand": "BMW",
  "model": "M3",
  "url": "https://suchen.mobile.de/fahrzeuge/details.html?id=430250113",
  "price.total.amount": 47990,
  "priceRating": {
    "rating": "No rating",
    "priceRanges": null
  },
  "description": "BMW M3 Competition Limousine:\nKilometerstand: 64.600\nErstzulassung: 07.2021\nM Driver´s Package\nAutomatikgetriebe\nLaserlicht\nKlimaautomatik\nNavigationssystem\nHeadUp-Display\nSitzheizung\nLenkradheizung\nTempomat\nSportsitze\nRückfahrkamera\nHarman-Kardon Soundsystem\nDriving Assistant Professional\nMwst. ausweisbar\nSeitenschaden Beifahrerseite\n\nSonderausstattung:\nBremsanlage: Compound - M Bremssystem (Bremssättel Rot), Fahrassistenz-System: Driving Assistant Professional, Heckklappenbetätigung automatisch, Innenausstattung: Individual Interieurleisten Pianolack, Innovations-Paket, Lenkrad heizbar, LM-Felgen vorn/hinten: 9,5x19 / 10,5x20 (Doppelspeiche 826 M, Schwarz), M Driver´s Package, Metallic-Lackierung, Parkassistent-Paket Plus, Scheinwerfer BMW Individual Shadow-Line, Sicherheitsgurte M, Sonnenschutzverglasung (hinten abgedunkelt), Sound-System Harman-Kardon\n\nWeitere Ausstattung:\nAblage-Paket, Adaptives Fahrwerk M-Technic, Airbag Beifahrerseite abschaltbar, Airbag Fahrer-/Beifahrerseite, Aktives M Differential, Ambiente-Beleuchtung, Ausstattungs-Paket: Connected Professional, Außenausstattung: Shadow-Line Hochglanz, Außenausstattung: Shadow-Line Hochglanz (erweiterter Umfang), Außenspiegel elektr. verstell- und heizbar, Bedienelemente galvanisiert, Blinkleuchte in Außenspiegel integriert, BMW Live Cockpit Professional, Bordcomputer, Competition, DAB-Tuner (Radioempfang digital), Dachhimmel Anthrazit (BMW Individual), Diebstahlsicherung für Räder (Felgenschlösser), Durchladeeinrichtung (Mittelarmlehne hinten), Dynamische Stabilitäts-Control (DSC) mit erweiterter Umfang, Erste Hilfe-Kasten / Verbandkasten, Fahrassistenz-System: Active Guard (Bremsassistent), Fahrassistenz-System: Aufmerksamkeits-Assistent, Freisprecheinrichtung Bluetooth mit USB-/Audio-Schnittstelle, Fußmatten Velours, Gepäckraumbeleuchtung, Getriebe Automatik - mit Steptronic und Drivelogic (8-Stufen), Getränkehalter, Heckleuchten LED, Innenspiegel mit Abblendautomatik, Instrumentenkombination (erweiterter Umfang), Isofix-Aufnahmen für Kindersitz an Rücksitz, Karosserie: 4-türig, Kennzeichenbeleuchtung LED, Klimaautomatik 3-Zonen mit autom. Umluft-Control, Knieairbag Fahrerseite, Kopf-Airbag-System hinten, Kopf-Airbag-System vorn, Kopfstützen hinten klappbar, Leichtbaudach (kohlefaserverstärkter Kunststoff, CFK), Lenksäule (Lenkrad) elektr. verstellbar, Lenksäule (Lenkrad) mechan. verstellbar, Leuchtweitenregelung, M Drive (Fahrprofilauswahl), M Drive Professional (Fahrprofilauswahl), Motor 3,0 Ltr. - 375 kW 24V TwinTurbo KAT (S58), Multifunktion für Lenkrad, Nebelschlussleuchte(n), Otto-Partikelfilter (OPF), Park-Distance-Control (PDC) vorn und hinten, Parkbremse elektrisch, Reifendruck-Kontrollsystem, Reifenpannen-Anzeige, Schadstoffarm nach Abgasnorm Euro 6d, Schaltpunktanzeige, Scheinwerfer LED, Seitenairbag vorn, Service-System: Intelligenter Notruf inkl. TeleServices, Sitzbezug / Polsterung: Leder Merino (erweiterter Umfang), Sitze vorn elektr. verstellbar (mit Memory), Sitzheizung vorn, Spiegel-Paket, Sportdifferential, Sportsitze vorn (M-Technic), Start-Stop-Knopf, Start/Stop-Anlage (Funktion), Steckdose (12V-Anschluß) in Mittelkonsole vorn, Warndreieck, Wärme-/Sonnenschutzverglasung, Wärme-/Sonnenschutzverglasung kombiniert (hinten abgedunkelt)\n\nBESICHTIGUNG NACH TERMINABSPRACHE, Tel.: 07195 - 977990\nWeitere Schadensbilder sind über den WhatsApp-Support erhältlich: 07195 - 977990",
  "dealerDetails": {
    "id": 21043340,
    "name": "AWW GmbH",
    "sellerType": "Dealer",
    "phones": [
      "+49 (0)7195 5907633"
    ],
    "messengers": {
      "WHATS_APP": "+49 (0)172 6331567"
    },
    "languages": [
      "Deutsch",
      "Pусский",
      "English",
      "Polski",
      "Español"
    ],
    "country": "DE",
    "address": "Johannes-Gießer-Str. 2-4, DE-71364 Winnenden",
    "location": {
      "latitude": 48.89131279999999,
      "longitude": 9.4182752
    },
    "activeSince": "2019-05-14T00:00:00.000Z",
    "homepageUrl": "https://home.mobile.de/home/redirect.html?customerId=21043340",
    "iconUrl": null,
    "reviewPageUrl": "https://www.mobile.de/bewertungen/AWWGMBH?lang=en",
    "score": {
      "total": 3.4,
      "responseTime": 3.6,
      "friendliness": 3.5,
      "advice": 3.2
    },
    "activeRatingCount": 89,
    "vehicleAsDescribedPercentage": 64,
    "recommendPercentage": 56,
    "soldVehicleCount": null,
    "reviews": []
  },
  "attributes": {
    "Vehicle condition": "Used vehicle, Damaged, Accident-damaged vehicle",
    "Category": "Saloon",
    "Model range": "Baureihe M3 Lim. (G80)(2020->)",
    "Trim line": "Competition",
    "Vehicle Number": "SUP52155",
    "Mileage": "64,600 km",
    "Cubic Capacity": "2,993 ccm",
    "Power": "375 kW (510 hp)",
    "Drive type": "Internal combustion engine",
    "Fuel": "Petrol",
    "Number of Seats": "5",
    "Door Count": "4/5",
    "Transmission": "Automatic",
    "Emission Class": "Euro6",
    "Emissions Sticker": "4 (Green)",
    "First Registration": "07/2021",
    "HU": "08/2026",
    "Climatisation": "Automatic air conditioning",
    "Parking sensors": "Front, Self-steering systems, Rear, Camera",
    "Airbags": "Front and Side and More Airbags",
    "Colour (Manufacturer)": "BROOKLYN GRAU",
    "Colour": "Grey Metallic",
    "Interior Design": "Full leather, Black",
    "Weight": "1,805 kg",
    "Cylinders": "6",
    "Tank capacity": "59 l"
  },
  "features": [
    "ABS",
    "Adaptive cornering lights",
    "Alarm system",
    "Alloy wheels",
    "Ambient lighting",
    "Android Auto",
    "Apple CarPlay",
    "Arm rest",
    "Autom. dimming interior mirror",
    "Blind spot assist",
    "Bluetooth",
    "Cargo barrier",
    "Central locking",
    "Cruise control",
    "DAB radio",
    "Digital cockpit",
    "Distance warning system",
    "Dynamic chassis control",
    "Electric seat adjustment",
    "Electric side mirror",
    "Electric tailgate",
    "Electric windows",
    "Emergency brake assist",
    "Emergency call system",
    "Emergency tyre repair kit",
    "ESP",
    "Fatigue warning system",
    "Folding exterior mirrors",
    "Four-wheel drive",
    "Glare-free high beam headlights",
    "Hands-free kit",
    "Head-up display",
    "Heated seats",
    "Heated steering wheel",
    "Heated windshield",
    "High beam assist",
    "Hill-start assist",
    "Immobilizer",
    "Induction charging for smartphones",
    "Isofix",
    "Keyless central locking",
    "Lane change assist",
    "Leather steering wheel",
    "LED headlights",
    "LED running lights",
    "Light sensor",
    "Lumbar support",
    "Multifunction steering wheel",
    "Navigation preparation",
    "Navigation system",
    "On-board computer",
    "Paddle shifters",
    "Power Steering",
    "Rain sensor",
    "Rear traffic alert",
    "Ski bag",
    "Sound system",
    "Speed limit control system",
    "Sport seats",
    "Sports package",
    "Sports suspension",
    "Start-stop system",
    "Tinted windows",
    "Touchscreen",
    "Traction control",
    "Traffic sign recognition",
    "Tuner/radio",
    "Tyre pressure monitoring",
    "USB port",
    "Voice control",
    "Winter package"
  ]
},
{
  "title": "BMW 3 M340 d xDrive *Sternenhimmel*HeadUpDisplay*",
  "previewImage": "https://img.classistatic.de/api/v1/mo-prod/images/e8/e8bc4bf8-06c5-4ff7-ae5c-ad8af6897b9b?rule=mo-1600.jpg",
  "category": "Limousine",
  "brand": "BMW",
  "model": "M3",
  "url": "https://suchen.mobile.de/fahrzeuge/details.html?id=430986613",
  "price.total.amount": 47590,
  "priceRating": {
    "rating": "Very good price",
    "priceRanges": {
      "Very good price": {
        "start": 45701,
        "end": 59400
      },
      "Good price": {
        "start": 59401,
        "end": 64000
      },
      "Fair price": {
        "start": 64001,
        "end": 71200
      },
      "Increased price": {
        "start": 71201,
        "end": 76400
      },
      "High price": {
        "start": 76401,
        "end": 84900
      }
    }
  },
  "description": "Besichtigung und Probefahrt nur mit Termin.\n​Telefonisch/Whatsapp unter dieser Nummer: 0176 64282845 \n\nTechnisch sowie optisch ist das Fahrzeug in sehr geplegtem Zustand.\nDeutsche Erstzulassung/Fahrzeug\nUnfall- und Nachlackierungsfrei\nTier- und nikotinfrei\n1. Wartung am 23.06.2021 bei 4 km BMW\n2. Wartung am 28.11.2022 bei 20361 km BMW\n3. Wartung am 19.01.2024 bei 44825 km BMW\n4. Wartung am 06.11.2024 bei 71181 km BMW\n5. Wartung am 23.01.2025 bei 75333 km BMW\nSternenhimmel\nSonderausstattung:\nAußenausstattung: Shadow-Line Hochglanz (erweiterter Umfang)\nAußenspiegel schwarz hochglänzend\nBremsanlage: M Sportbremsen (Bremssättel lackiert, rot hochglänzend)\nHeckklappenbetätigung automatisch\nHiFi-Lautsprechersystem\nInduktionsladeschale für Smartphone (Wireless Charging)\nInnenausstattung: Interieurleisten Carbon\nInnovations-Paket\nLenkrad heizbar\nMetallic-Lackierung\nParkassistent-Paket\nScheinwerfer BMW Individual Shadow-Line\nSicherheitssystem Active Protection\nSitzbezug / Polsterung: Leder Vernasca\nSitzheizung vorn\nSonnenschutzverglasung (hinten abgedunkelt)\nSpiegel-Paket\n\nSerien-Ausstattung:\nAblage-Paket\nAerodynamik-Paket M-Technic\nAirbag Beifahrerseite abschaltbar\nAirbag Fahrer-/Beifahrerseite\nAktive Motorhaube\nAlarmanlage\nAmbiente-Beleuchtung\nAnti-Blockier-System (ABS)\nAntriebsart: xDrive (Allrad)\nArmauflage vorn\nBordcomputer\nBremsassistent\nDAB-Tuner (Radioempfang digital)\nDachhimmel Anthrazit (BMW Individual)\nDiebstahlsicherung für Räder (Felgenschlösser)\nDurchladeeinrichtung (Mittelarmlehne hinten)\nFreisprecheinrichtung mit USB-Schnittstelle\nFrontscheibe Akustikglas\nFußmatten Velours\nGeschwindigkeits-Regelanlage mit Bremsfunktion\nGetriebe Sport-Automatic - mit Steptronic (8-Stufen)\nGetränkehalter\nHeckleuchten LED\nHeckspoiler (M-Technic)\nInnenausstattung: Interieurleisten Aluminium Tetragon\nInnenspiegel mit Abblendautomatik\nIsofix-Aufnahmen für Kindersitz an Rücksitz\nKarosserie: 4-türig\nKlimaautomatik 3-Zonen mit autom. Umluft-Control\nKopf-Airbag-System hinten\nKopf-Airbag-System vorn\nKopfstützen hinten klappbar\nKraftstofftank: vergrößert\nLenkrad (Leder M-Technic)\nLicht- und Regensensor\nMild-Hybrid 250 kW (Motor 3,0 Ltr. - 250 kW Diesel)\nParkbremse elektrisch\nPersonalisierungssystem (Personal Profile)\nReifendruck-Kontrollsystem\nRußpartikelfilter\nRücksitzlehne geteilt/klappbar (40:20:40)\nSchadstoffarm nach Abgasnorm Euro 6d\nSeitenairbag vorn\nService-System: ConnectedDrive Services\nService-System: Gesetzlicher Notruf\nService-System: Intelligenter Notruf inkl. TeleServices\nServolenkung Servotronic\nSport Boost Fahrmodusschalter\nSport-Auspuffanlage M\nSport-Fahrwerk (M-Technic)\nSportdifferential\nStart-Stop-Knopf\nWarndreieck\nWegfahrsperre\n\nBesichtigung und Probefahrt nur mit Termin.\n​Telefonisch/Whatsapp unter dieser Nummer: 0176 64282845 \n\nTechnisch sowie optisch ist das Fahrzeug in sehr geplegtem Zustand.\nDeutsche Erstzulassung/Fahrzeug\nUnfall- und Nachlackierungsfrei\nTier- und nikotinfrei\nEingabefehler, Änderungen, Irrtümer und Zwischenverkauf vorbehalten. \nDie gemachten Angaben in unseren Anzeigen, im Internet, auf Preisschildern und Bildern sind unverbindliche Beschreibungen und dienen nicht als zugesicherte Eigenschaften.\nDer Verkäufer übernimmt keine Haftung für Tipp- und Datenübermittlungsfehler.",
  "dealerDetails": {
    "id": 29494465,
    "name": "Autohaus Schwarzberg",
    "sellerType": "Dealer",
    "phones": [
      "+49 (0)2191 793241085"
    ],
    "messengers": {
      "WHATS_APP": "+49 (0)176 64282845"
    },
    "languages": [
      "Deutsch",
      "English"
    ],
    "country": "DE",
    "address": "Knusthöhe 21, DE-42897 Remscheid",
    "location": {
      "latitude": 51.1961621,
      "longitude": 7.2560045
    },
    "activeSince": "2022-07-25T00:00:00.000Z",
    "homepageUrl": "https://home.mobile.de/home/redirect.html?customerId=29494465",
    "iconUrl": "https://img.classistatic.de/api/v1/mo-prod/images/11/11e1bb92-3308-473e-8b89-c862356b1c8c?rule=mo-640.jpg",
    "reviewPageUrl": "https://www.mobile.de/bewertungen/AUTOHAUSSCHWARZBERG?lang=en",
    "score": {
      "total": 4.8,
      "responseTime": 4.8,
      "friendliness": 4.9,
      "advice": 4.7
    },
    "activeRatingCount": 33,
    "vehicleAsDescribedPercentage": 96,
    "recommendPercentage": 96,
    "soldVehicleCount": null,
    "reviews": []
  },
  "attributes": {
    "Vehicle condition": "Used vehicle, Accident-free",
    "Category": "Saloon",
    "Model range": "Baureihe 3 Lim. (G20)(2018->)",
    "Trim line": "M340 d xDrive",
    "Vehicle Number": "415",
    "Availability": "Now",
    "Origin": "German edition",
    "Mileage": "85,559 km",
    "Cubic Capacity": "2,993 ccm",
    "Power": "250 kW (340 hp)",
    "Drive type": "Internal combustion engine",
    "Fuel": "Diesel",
    "CO₂ class": "Based on CO₂ emissions (combined)",
    "Fuel consumption": [
      "5.9 l/100km (combined)"
    ],
    "Energy costs for 15,000 km annual mileage": "€1,726/Year",
    "Fuel price": "€1.95/l (annual average 2024)",
    "Possible CO₂ costs over the next 10 years (15,000 km/year)": [
      "€2,674 (assuming an average CO₂ price of €115/t)",
      "€1,162 (assuming a low average CO₂ price of €50/t)",
      "€4,418 (assuming a high average CO₂ price of €190/t)"
    ],
    "Number of Seats": "5",
    "Door Count": "4/5",
    "Transmission": "Automatic",
    "Emission Class": "Euro6d",
    "Emissions Sticker": "4 (Green)",
    "First Registration": "06/2021",
    "Number of Vehicle Owners": "2",
    "HU": "06/2026",
    "Climatisation": "Automatic air conditioning",
    "Parking sensors": "Front, Camera, Rear",
    "Colour (Manufacturer)": "BLACK SAPPHIRE METALLIC",
    "Colour": "Black Metallic",
    "Interior Design": "Full leather, Black",
    "Weight": "1,895 kg",
    "Cylinders": "6",
    "Energy consumption (comb.)": "5.9 l/100km",
    "CO₂ emissions (comb.)": "155 g/km"
  },
  "features": [
    "ABS",
    "Adaptive cornering lights",
    "Adaptive Cruise Control",
    "Alarm system",
    "Alloy wheels",
    "Ambient lighting",
    "Android Auto",
    "Apple CarPlay",
    "Arm rest",
    "Autom. dimming interior mirror",
    "Blind spot assist",
    "Bluetooth",
    "Central locking",
    "DAB radio",
    "Digital cockpit",
    "Distance warning system",
    "Dynamic chassis control",
    "Electric side mirror",
    "Electric tailgate",
    "Emergency brake assist",
    "Emergency call system",
    "Emergency tyre repair kit",
    "ESP",
    "Fatigue warning system",
    "Fog lamp",
    "Folding exterior mirrors",
    "Four-wheel drive",
    "Full Service History",
    "Hands-free kit",
    "Head-up display",
    "Heated seats",
    "Heated steering wheel",
    "High beam assist",
    "Immobilizer",
    "Induction charging for smartphones",
    "Integrated music streaming",
    "Isofix",
    "Keyless central locking",
    "Lane change assist",
    "Laser headlights",
    "Leather steering wheel",
    "LED running lights",
    "Light sensor",
    "Lumbar support",
    "Multifunction steering wheel",
    "Navigation system",
    "On-board computer",
    "Paddle shifters",
    "Particulate filter",
    "Power Steering",
    "Rain sensor",
    "Seat ventilation",
    "Ski bag",
    "Sound system",
    "Sport seats",
    "Sports package",
    "Sports suspension",
    "Start-stop system",
    "Summer tyres",
    "Tinted windows",
    "Touchscreen",
    "Traction control",
    "Tuner/radio",
    "Tyre pressure monitoring",
    "USB port",
    "Voice control"
  ]
},
{
  "title": "BMW G80 M3",
  "previewImage": "https://img.classistatic.de/api/v1/mo-prod/images/b4/b4c63967-90ed-4b41-baed-a6fc5d18ac89?rule=mo-1600.jpg",
  "category": "Limousine",
  "brand": "BMW",
  "model": "M3",
  "url": "https://suchen.mobile.de/fahrzeuge/details.html?id=434254149",
  "price.total.amount": 69500,
  "priceRating": {
    "rating": "High price",
    "priceRanges": {
      "Very good price": {
        "start": 40401,
        "end": 52500
      },
      "Good price": {
        "start": 52501,
        "end": 56500
      },
      "Fair price": {
        "start": 56501,
        "end": 62900
      },
      "Increased price": {
        "start": 62901,
        "end": 67500
      },
      "High price": {
        "start": 67501,
        "end": 75000
      }
    }
  },
  "description": "Aufgepasst.\n\nDer hier angebotene M3 ist noch ein Auto zu fahren und die Emotionalste Variante ein G-Model zu konfigurieren.\nHandschalter und Heckantrieb.\nDas Fahrzeug ist sehr gut ausgestattet und besitzt das Track-Pack. Schalensitze und eine Carbon-Keramik Bremse.\nUm Fahrerlebnis abzurunden hielt ein KW Fahrwerk Einzug.\nAbgerundet wird die Ausstattung durch ein erweitertes Lederpaket inkl. Armaturenbrett.\nDas Fahrzeug hat 2 Vorbesitzer.\n\n-Scheckheft durchgehend bei BMW\n-Deutsches Fahrzeug\n-Kratzer,Beulen/Dellen frei\n\nBei Fragen gerne Schreiben",
  "dealerDetails": {
    "sellerType": "Private Seller",
    "country": "DE",
    "address": "DE-27755 Delmenhorst",
    "location": {
      "latitude": 53.01328,
      "longitude": 8.64689
    },
    "iconUrl": null,
    "reviewPageUrl": null,
    "score": null,
    "activeRatingCount": null,
    "vehicleAsDescribedPercentage": null,
    "recommendPercentage": null,
    "soldVehicleCount": null,
    "reviews": []
  },
  "attributes": {
    "Vehicle condition": "Used vehicle",
    "Category": "Saloon",
    "Mileage": "56,000 km",
    "Drive type": "Internal combustion engine",
    "Fuel": "Petrol",
    "Transmission": "Manual gearbox",
    "First Registration": "09/2021",
    "HU": "08/2026",
    "Climatisation": "A/C (man.)",
    "Parking sensors": "Rear",
    "Colour (Manufacturer)": "GREY"
  },
  "features": [
    "ABS",
    "Alloy wheels",
    "Bluetooth",
    "Cruise control",
    "Full Service History",
    "Hands-free kit",
    "Heated seats",
    "Navigation system",
    "Tuner/radio"
  ]
},
{
  "title": "BMW M3 Lim. Competition*CARBON+PERF. SITZE*360°*",
  "previewImage": "https://img.classistatic.de/api/v1/mo-prod/images/cb/cbaa66d4-467a-4158-ba1b-6bf2c9480d6a?rule=mo-1600.jpg",
  "category": "Limousine",
  "brand": "BMW",
  "model": "M3",
  "url": "https://suchen.mobile.de/fahrzeuge/details.html?id=434203888",
  "price.total.amount": 66900,
  "priceRating": {
    "rating": "Fair price",
    "priceRanges": {
      "Very good price": {
        "start": 46601,
        "end": 60500
      },
      "Good price": {
        "start": 60501,
        "end": 65200
      },
      "Fair price": {
        "start": 65201,
        "end": 72500
      },
      "Increased price": {
        "start": 72501,
        "end": 77800
      },
      "High price": {
        "start": 77801,
        "end": 86500
      }
    }
  },
  "description": "Das Fahrzeug ist Unfall- und Nachlackierungsfrei\nLückenlos Servicegepflegt bei BMW\nÖlwechsel beim Kauf\n\nDas Fahrzeug wird im Auftrag des Kunden verkauft !\n\nWhatsapp : +49 170 63 911 91\n\nFinanzierung ohne Anzahlung bis zu 96 Monate möglich\n\nSonderausstattung:\nExterieur-Paket M Carbon, Fahrassistenz-System: BMW Gestiksteuerung, Fahrassistenz-System: Fernlichtassistent, Head-up-Display, Heckklappenbetätigung automatisch, Innenausstattung: Interieurleisten Carbon, Lenkrad heizbar, LM-Felgen vorn/hinten: 9,5x19 / 10,5x20 (Doppelspeichen 826 M, Bicolor, Schwarz), M Schalensitze Carbon, Metallic-Lackierung, Parkassistent-Paket Plus, Scheinwerfer Laserlicht, Sonnenschutzverglasung (hinten abgedunkelt), Sound-System Harman-Kardon\n\nWeitere Ausstattung:\nAblage-Paket, Adaptives Fahrwerk M-Technic, Airbag Beifahrerseite abschaltbar, Airbag Fahrer-/Beifahrerseite, Aktives M Differential, Ambiente-Beleuchtung, Ausstattungs-Paket: Connected Professional, Außenausstattung: Shadow-Line Hochglanz, Außenausstattung: Shadow-Line Hochglanz (erweiterter Umfang), Außenspiegel elektr. verstell- und heizbar, Bedienelemente galvanisiert, Blinkleuchte in Außenspiegel integriert, BMW Live Cockpit Professional, Bordcomputer, Competition, DAB-Tuner (Radioempfang digital), Dachhimmel Anthrazit (BMW Individual), Diebstahlsicherung für Räder (Felgenschlösser), Durchladeeinrichtung (Mittelarmlehne hinten), Dynamische Stabilitäts-Control (DSC) mit erweiterter Umfang, Erste Hilfe-Kasten / Verbandkasten, Fahrassistenz-System: Active Guard (Bremsassistent), Fahrassistenz-System: Aufmerksamkeits-Assistent, Freisprecheinrichtung Bluetooth mit USB-/Audio-Schnittstelle, Fußmatten Velours, Gepäckraumbeleuchtung, Getriebe Automatik - mit Steptronic und Drivelogic (8-Stufen), Getränkehalter, Heckleuchten LED, Innenspiegel mit Abblendautomatik, Instrumentenkombination (erweiterter Umfang), Isofix-Aufnahmen für Kindersitz an Rücksitz, Karosserie: 4-türig, Kennzeichenbeleuchtung LED, Klimaautomatik 3-Zonen mit autom. Umluft-Control, Knieairbag Fahrerseite, Kopf-Airbag-System hinten, Kopf-Airbag-System vorn, Kopfstützen hinten klappbar, Leichtbaudach (kohlefaserverstärkter Kunststoff, CFK), Lenksäule (Lenkrad) elektr. verstellbar, Lenksäule (Lenkrad) mechan. verstellbar, Leuchtweitenregelung, M Drive (Fahrprofilauswahl), M Drive Professional (Fahrprofilauswahl), Motor 3,0 Ltr. - 375 kW 24V TwinTurbo KAT (S58), Multifunktion für Lenkrad, Nebelschlussleuchte(n), Otto-Partikelfilter (OPF), Park-Distance-Control (PDC) vorn und hinten, Parkbremse elektrisch, Reifendruck-Kontrollsystem, Reifenpannen-Anzeige, Schadstoffarm nach Abgasnorm Euro 6d, Schaltpunktanzeige, Scheinwerfer LED, Seitenairbag vorn, Service-System: Intelligenter Notruf inkl. TeleServices, Sitzbezug / Polsterung: Leder Merino (erweiterter Umfang), Sitze vorn elektr. verstellbar (mit Memory), Spiegel-Paket, Sportdifferential, Start-Stop-Knopf, Start/Stop-Anlage (Funktion), Steckdose (12V-Anschluß) in Mittelkonsole vorn, Warndreieck, Wärme-/Sonnenschutzverglasung, Wärme-/Sonnenschutzverglasung kombiniert (hinten abgedunkelt)",
  "dealerDetails": {
    "id": 22919154,
    "name": "BADT Automobile oHG",
    "sellerType": "Dealer",
    "phones": [
      "+49 (0)511 5153129398"
    ],
    "messengers": {
      "WHATS_APP": "+49 (0)170 6391191"
    },
    "languages": [
      "Deutsch",
      "English",
      "Español"
    ],
    "country": "DE",
    "address": "Schulenburger Landstraße 115, DE-30165 Hannover",
    "location": {
      "latitude": 52.4074261,
      "longitude": 9.708876799999999
    },
    "activeSince": "2020-02-03T00:00:00.000Z",
    "homepageUrl": "https://home.mobile.de/home/redirect.html?customerId=22919154",
    "iconUrl": "https://img.classistatic.de/api/v1/mo-prod/images/0b/0b5826af-3d21-44ac-826e-0e0f8c49f056?rule=mo-640.jpg",
    "reviewPageUrl": "https://www.mobile.de/bewertungen/BADTAutomobileoHG?lang=en",
    "score": {
      "total": 4.9,
      "responseTime": 4.9,
      "friendliness": 5,
      "advice": 4.7
    },
    "activeRatingCount": 27,
    "vehicleAsDescribedPercentage": 96,
    "recommendPercentage": 100,
    "soldVehicleCount": null,
    "reviews": []
  },
  "attributes": {
    "Vehicle condition": "Used vehicle, Accident-free",
    "Category": "Saloon",
    "Model range": "Baureihe M3 Lim. (G80)(2020->)",
    "Trim line": "Competition",
    "Origin": "EU edition",
    "Mileage": "89,000 km",
    "Cubic Capacity": "2,993 ccm",
    "Power": "375 kW (510 hp)",
    "Drive type": "Internal combustion engine",
    "Fuel": "Petrol",
    "CO₂ class": "Based on CO₂ emissions (combined)",
    "Fuel consumption": [
      "10.2 l/100km (combined)"
    ],
    "Number of Seats": "5",
    "Door Count": "4/5",
    "Transmission": "Automatic",
    "Emission Class": "Euro6",
    "Emissions Sticker": "4 (Green)",
    "First Registration": "06/2021",
    "Number of Vehicle Owners": "2",
    "HU": "06/2027",
    "Climatisation": "Automatic climatisation, 3 zones",
    "Parking sensors": "Rear, Front, Self-steering systems, 360° camera",
    "Airbags": "Front and Side and More Airbags",
    "Colour (Manufacturer)": "SAPHIRSCHWARZ",
    "Colour": "Black Metallic",
    "Interior Design": "Full leather, Black",
    "Weight": "1,805 kg",
    "Date of last service (date)": "07/2024",
    "Last service (mileage)": "67,545 km",
    "Cylinders": "6",
    "Tank capacity": "59 l",
    "Energy consumption (comb.)": "10.2 l/100km",
    "CO₂ emissions (comb.)": "234 g/km"
  },
  "features": [
    "ABS",
    "Adaptive cornering lights",
    "Alarm system",
    "Alloy wheels",
    "Ambient lighting",
    "Android Auto",
    "Apple CarPlay",
    "Arm rest",
    "Autom. dimming interior mirror",
    "Bluetooth",
    "Cargo barrier",
    "CD Multichanger",
    "CD player",
    "Central locking",
    "Cruise control",
    "DAB radio",
    "Digital cockpit",
    "Distance warning system",
    "Dynamic chassis control",
    "Electric seat adjustment",
    "Electric side mirror",
    "Electric tailgate",
    "Electric windows",
    "Eletric seat adjustment with memory function",
    "Emergency brake assist",
    "Emergency call system",
    "Emergency tyre repair kit",
    "ESP",
    "Fatigue warning system",
    "Fog lamp",
    "Folding exterior mirrors",
    "Full Service History",
    "Glare-free high beam headlights",
    "Hands-free kit",
    "Head-up display",
    "Heated rear seats",
    "Heated seats",
    "Heated steering wheel",
    "High beam assist",
    "Hill-start assist",
    "Immobilizer",
    "Induction charging for smartphones",
    "Integrated music streaming",
    "Isofix",
    "Keyless central locking",
    "Lane change assist",
    "Laser headlights",
    "Leather steering wheel",
    "LED running lights",
    "Light sensor",
    "Multifunction steering wheel",
    "Navigation system",
    "Non-smoker vehicle",
    "On-board computer",
    "Paddle shifters",
    "Power Steering",
    "Rain sensor",
    "Rear traffic alert",
    "Rear wheel drive",
    "Sound system",
    "Speed limit control system",
    "Sport seats",
    "Sports package",
    "Sports suspension",
    "Start-stop system",
    "Summer tyres",
    "Tinted windows",
    "Touchscreen",
    "Traction control",
    "Traffic sign recognition",
    "TV",
    "Tyre pressure monitoring",
    "USB port",
    "Voice control",
    "WLAN / Wi-Fi hotspot"
  ]
},
{
  "title": "BMW E46 M3 Cabrio CSL Liebhaberfahrzeug",
  "previewImage": "https://img.classistatic.de/api/v1/mo-prod/images/61/61ea87f1-2b54-4edc-863f-a2e27324d5f8?rule=mo-1600.jpg",
  "category": "Cabrio",
  "brand": "BMW",
  "model": "M3",
  "url": "https://suchen.mobile.de/fahrzeuge/details.html?id=433506450",
  "price.total.amount": 64500,
  "priceRating": {
    "rating": "No rating",
    "priceRanges": null
  },
  "description": "Biete hier ein Sammlerfahrzeug in top gepflegtem Zustand.\n\n6-Gang-Schaltgetriebe\n2.Hand\nFacelift\nDt. Zulassung\nOriginal CSL Felgen und Diffusor\nHarman/Kardon\nKeramikversiegelung\nEisenmann ESD\nWindschott\nProfessional Navi (noch nicht verbaut, aber alle Komponenten vorrätig)\n\nEs wurde gerade frisch TÜV, Motorrevision und sämtliche fälligen Inspektionen gemacht.\n\nAuto ist lückenlos scheckheftgepflegt und ohne jeglichen Wartungsstau. Garagenfahrzeug mit Saisonzulassung.\n\nBitte nur um Kontaktaufnahme bei wirklichem Interesse und Liquidität. Letzte Preis Anfragen werden nicht beantwortet. Nur Verkauf an Liebhaber.\n\nFahrzeug ist angemeldet.",
  "dealerDetails": {
    "sellerType": "Private Seller",
    "country": "DE",
    "address": "DE-38448 Wolfsburg",
    "location": {
      "latitude": 52.45817,
      "longitude": 10.81914
    },
    "iconUrl": null,
    "reviewPageUrl": null,
    "score": null,
    "activeRatingCount": null,
    "vehicleAsDescribedPercentage": null,
    "recommendPercentage": null,
    "soldVehicleCount": null,
    "reviews": []
  },
  "attributes": {
    "Vehicle condition": "Used vehicle",
    "Category": "Cabriolet / Roadster",
    "Mileage": "119,000 km",
    "Power": "252 kW (343 hp)",
    "Drive type": "Internal combustion engine",
    "Fuel": "Petrol",
    "Transmission": "Manual gearbox",
    "Emissions Sticker": "4 (Green)",
    "First Registration": "01/2022",
    "HU": "07/2027",
    "Climatisation": "A/C (man.)",
    "Parking sensors": "Rear",
    "Colour (Manufacturer)": "SILVER"
  },
  "features": [
    "ABS",
    "Alloy wheels",
    "Cruise control",
    "Full Service History",
    "Heated seats",
    "Navigation system",
    "Tuner/radio"
  ]
},
{
  "title": "BMW M3 Competition G80*2.Hd*20/21\"*H&K*VOLL*",
  "previewImage": "https://img.classistatic.de/api/v1/mo-prod/images/a0/a024116c-4e67-43cd-888f-add149dfe963?rule=mo-1600.jpg",
  "category": "Limousine",
  "brand": "BMW",
  "model": "M3",
  "url": "https://suchen.mobile.de/fahrzeuge/details.html?id=434462425",
  "price.total.amount": 69990,
  "priceRating": {
    "rating": "Fair price",
    "priceRanges": {
      "Very good price": {
        "start": 47701,
        "end": 62000
      },
      "Good price": {
        "start": 62001,
        "end": 66700
      },
      "Fair price": {
        "start": 66701,
        "end": 74200
      },
      "Increased price": {
        "start": 74201,
        "end": 79700
      },
      "High price": {
        "start": 79701,
        "end": 88500
      }
    }
  },
  "description": "Wir bieten Ihnen:\n\nFinanzierung zu sehr guten Konditionen, auch OHNE Anzahlung\nAblöse von laufenden Krediten und Verrechnung mit neuer Finanzierung\nLieferung Ihres Wunschfahrzeugs bundesweit möglich\nBahnhof/Flughafen - Abholservice\nNeuwagenanschluss- oder erweiterte Gebrauchtwagen-Garantie optional erhältlich\nInzahlungnahme Ihres Gebrauchten\nWIR kaufen Ihr Auto – auch wenn Sie keines bei uns kaufen!\nGerne erstellen wir Ihnen Kurzzeitkennzeichen zur Überführung\nKFZ-Zulassungsservice\nAuf Wunsch bieten wir Ihnen ein Leihfahrzeug\nReifen Service\nAuf Wunsch bieten wir Ihnen eine individuelle Videoberatung via WhatsApp und FaceTime an\nHygienekonzept Fahrzeugübergabe ozonbehandelt und desinfiziert\n\n.\nLIEFERUNG BUNDESWEIT MÖGLICH!!\nUnser Fahrzeugstandort ist NICHT durchgehend besetzt, so dass Sie uns in jedem Falle in den angegeben Sprechzeiten vorab telefonisch kontaktieren sollten, um einen Termin zur Besichtigung/Probefahrt zu vereinbaren!\n\n.\n\n-deustches Fahrzeug aus 2.Hand\n-Heckdiffusor/Seitenschweller/Spoilerlippe eingetragen\n-Wheelforce Radsatz VA 20\" und HA 21\"\n-KW Gewindefedern\n-Folierung (orig. alpinweiß)\n-lückenlos scheckheftgepflegt\n-Fahrzeug hat nahezu Vollausstattung\n-elektr. Sportsitze Vollleder schwarz\n-Sitzheizung\n-LED Scheinwerfer mit Kurvenlicht\n-HiFi-Lautsprechersystem Harman&Kardon\n-2-Zonen Klimaautomatik\n-Navigation Connected Professional\n-elektr. einstellbare Außenspiegel beheizt anklappbar\n-alle Assistenzsysteme\n-Euro6 Abgasnorm (grüne Plakette)\n-sehr gepflegt Nichtraucher / keine Tiere\n...usw.\n\n\nSonderausstattung:\nFahrassistenz-System: Driving Assistant Professional, Innovations-Paket, LM-Felgen vorn/hinten: 9,5x19 / 10,5x20 (Doppelspeichen 825 M, Bicolor, Schwarz), Parkassistent-Paket Plus, Raucher-Paket, Reifen-Reparaturset (Mobility-Pack), Sicherheitssystem Active Protection, Sonnenschutzverglasung (hinten abgedunkelt), Sound-System Harman-Kardon\n\nWeitere Ausstattung:\nAblage-Paket, Adaptives Fahrwerk M-Technic, Airbag Beifahrerseite abschaltbar, Airbag Fahrer-/Beifahrerseite, Aktives M Differential, Alpinweiß-Lackierung (Uni), Ambiente-Beleuchtung, Ausstattungs-Paket: Connected Professional, Außenausstattung: Shadow-Line Hochglanz, Außenausstattung: Shadow-Line Hochglanz (erweiterter Umfang), Außenspiegel elektr. verstell- und heizbar, Bedienelemente galvanisiert, Blinkleuchte in Außenspiegel integriert, BMW Live Cockpit Professional, Bordcomputer, Competition, DAB-Tuner (Radioempfang digital), Dachhimmel Anthrazit (BMW Individual), Diebstahlsicherung für Räder (Felgenschlösser), Durchladeeinrichtung (Mittelarmlehne hinten), Dynamische Stabilitäts-Control (DSC) mit erweiterter Umfang, Erste Hilfe-Kasten / Verbandkasten, Fahrassistenz-System: Active Guard (Bremsassistent), Fahrassistenz-System: Aufmerksamkeits-Assistent, Freisprecheinrichtung Bluetooth mit USB-/Audio-Schnittstelle, Fußmatten Velours, Gepäckraumbeleuchtung, Getriebe Automatik - mit Steptronic und Drivelogic (8-Stufen), Getränkehalter, Heckleuchten LED, Innenausstattung: Interieurleisten, schwarz hochglänzend, Innenspiegel mit Abblendautomatik, Instrumentenkombination (erweiterter Umfang), Isofix-Aufnahmen für Kindersitz an Rücksitz, Karosserie: 4-türig, Kennzeichenbeleuchtung LED, Klimaautomatik 3-Zonen mit autom. Umluft-Control, Knieairbag Fahrerseite, Kopf-Airbag-System hinten, Kopf-Airbag-System vorn, Kopfstützen hinten klappbar, Leichtbaudach (kohlefaserverstärkter Kunststoff, CFK), Lenksäule (Lenkrad) elektr. verstellbar, Lenksäule (Lenkrad) mechan. verstellbar, Leuchtweitenregelung, M Drive (Fahrprofilauswahl), M Drive Professional (Fahrprofilauswahl), Motor 3,0 Ltr. - 375 kW 24V TwinTurbo KAT (S58), Multifunktion für Lenkrad, Nebelschlussleuchte(n), Otto-Partikelfilter (OPF), Park-Distance-Control (PDC) vorn und hinten, Parkbremse elektrisch, Reifendruck-Kontrollsystem, Reifenpannen-Anzeige, Schadstoffarm nach Abgasnorm Euro 6d, Schaltpunktanzeige, Scheinwerfer LED, Seitenairbag vorn, Service-System: Intelligenter Notruf inkl. TeleServices, Sitzbezug / Polsterung: Leder Merino (erweiterter Umfang), Sitze vorn elektr. verstellbar (mit Memory), Sitzheizung vorn, Spiegel-Paket, Sportdifferential, Sportsitze vorn (M-Technic), Start-Stop-Knopf, Start/Stop-Anlage (Funktion), Steckdose (12V-Anschluß) in Mittelkonsole vorn, Warndreieck, Wärme-/Sonnenschutzverglasung, Wärme-/Sonnenschutzverglasung kombiniert (hinten abgedunkelt)\n\nDas Fahrzeug entspricht Ihren Vorstellungen? Dann kontaktieren Sie uns.\nWir freuen uns auf Ihren Besuch.\n\n\nDer Verkauf aller Fahrzeuge erfolgt auf Grundlage unserer Allgemeinen Geschäftsbedingungen (AGB). Trotz größter Sorgfalt sind Inseratsfehler nicht ausgeschlossen und deshalb ohne Gewähr. Genannte Verbrauchs-/Emmissionsangaben sind Herstellerangaben, wir übernehmen keinerlei Gewähr für die Richtigkeit solcher (Mehrverbrauch/Ausstoß möglich!). Irrtümer, Fehler und Vorverkauf vorbehalten. Fehler in der Fahrzeugbeschreibung?\nMelden Sie uns diesen bitte per Email an rs-automotive@t-online.de !",
  "dealerDetails": {
    "id": 19928145,
    "name": "RS-automotive Herzogenaurach",
    "sellerType": "Dealer",
    "phones": [
      "+49 (0)9132 751421506"
    ],
    "messengers": {
      "WHATS_APP": "+49 (0)172 8317944"
    },
    "languages": [
      "Deutsch",
      "Slovenščina",
      "English",
      "Français",
      "Español"
    ],
    "country": "DE",
    "address": "Erlanger Str. 41a, DE-91074 Herzogenaurach",
    "location": {
      "latitude": 49.5671665,
      "longitude": 10.8935744
    },
    "activeSince": "2018-12-17T00:00:00.000Z",
    "homepageUrl": "https://home.mobile.de/home/redirect.html?customerId=19928145",
    "iconUrl": "https://img.classistatic.de/api/v1/mo-prod/images/82/82ad7495-1e51-4c51-8568-202ca3ebef48?rule=mo-640.jpg",
    "reviewPageUrl": "https://www.mobile.de/bewertungen/RSAUTOMOTIVEHERZOGENAURACHGBR?lang=en",
    "score": {
      "total": 4.8,
      "responseTime": 4.7,
      "friendliness": 4.9,
      "advice": 4.8
    },
    "activeRatingCount": 28,
    "vehicleAsDescribedPercentage": 96,
    "recommendPercentage": 96,
    "soldVehicleCount": null,
    "reviews": []
  },
  "attributes": {
    "Vehicle condition": "Used vehicle",
    "Category": "Saloon",
    "Model range": "Baureihe M3 Lim. (G80)(2020->)",
    "Trim line": "Competition",
    "Mileage": "73,500 km",
    "Cubic Capacity": "2,993 ccm",
    "Power": "375 kW (510 hp)",
    "Drive type": "Internal combustion engine",
    "Fuel": "Petrol",
    "Fuel consumption": [
      "10.2 l/100km (combined)"
    ],
    "Number of Seats": "5",
    "Door Count": "4/5",
    "Emission Class": "Euro6",
    "Emissions Sticker": "4 (Green)",
    "First Registration": "05/2021",
    "Number of Vehicle Owners": "2",
    "HU": "New",
    "Climatisation": "Automatic climatisation, 2 zones",
    "Parking sensors": "Front, Rear, Camera",
    "Airbags": "Front and Side and More Airbags",
    "Colour (Manufacturer)": "alpinweiss",
    "Colour": "White",
    "Interior Design": "Full leather, Black",
    "Weight": "1,805 kg",
    "Cylinders": "6",
    "Tank capacity": "59 l",
    "Energy consumption (comb.)": "10.2 l/100km",
    "CO₂ emissions (comb.)": "234 g/km"
  },
  "features": [
    "ABS",
    "Adaptive cornering lights",
    "Adaptive Cruise Control",
    "Alarm system",
    "Alloy wheels",
    "Ambient lighting",
    "Apple CarPlay",
    "Arm rest",
    "Autom. dimming interior mirror",
    "Blind spot assist",
    "Bluetooth",
    "Central locking",
    "DAB radio",
    "Digital cockpit",
    "Distance warning system",
    "Electric seat adjustment",
    "Electric side mirror",
    "Electric windows",
    "Eletric seat adjustment with memory function",
    "Emergency brake assist",
    "Emergency call system",
    "Emergency tyre repair kit",
    "ESP",
    "Fatigue warning system",
    "Folding exterior mirrors",
    "Full Service History",
    "Glare-free high beam headlights",
    "Hands-free kit",
    "Headlight washer system",
    "Head-up display",
    "Heated seats",
    "High beam assist",
    "Hill-start assist",
    "Immobilizer",
    "Induction charging for smartphones",
    "Integrated music streaming",
    "Isofix",
    "Keyless central locking",
    "Lane change assist",
    "Leather steering wheel",
    "LED headlights",
    "LED running lights",
    "Light sensor",
    "Lumbar support",
    "Multifunction steering wheel",
    "Navigation system",
    "Non-smoker vehicle",
    "On-board computer",
    "Paddle shifters",
    "Power Steering",
    "Rain sensor",
    "Rear traffic alert",
    "Rear wheel drive",
    "Sound system",
    "Sport seats",
    "Sports package",
    "Sports suspension",
    "Start-stop system",
    "Summer tyres",
    "Tinted windows",
    "Touchscreen",
    "Traction control",
    "Traffic sign recognition",
    "Tuner/radio",
    "Tyre pressure monitoring",
    "USB port",
    "Voice control",
    "Warranty",
    "Winter package",
    "WLAN / Wi-Fi hotspot"
  ]
},
{
  "title": "BMW M3 Lim. Competition*DE*Garantie*Finanzierung*",
  "previewImage": "https://img.classistatic.de/api/v1/mo-prod/images/c9/c97e64f5-eadc-4d7f-b483-e1004e954ece?rule=mo-1600.jpg",
  "category": "Limousine",
  "brand": "BMW",
  "model": "M3",
  "url": "https://suchen.mobile.de/fahrzeuge/details.html?id=427462872",
  "price.total.amount": 68990,
  "priceRating": {
    "rating": "Very good price",
    "priceRanges": {
      "Very good price": {
        "start": 54101,
        "end": 70300
      },
      "Good price": {
        "start": 70301,
        "end": 75800
      },
      "Fair price": {
        "start": 75801,
        "end": 84300
      },
      "Increased price": {
        "start": 84301,
        "end": 90400
      },
      "High price": {
        "start": 90401,
        "end": 100500
      }
    }
  },
  "description": "Sehr geehrte Damen und Herren,\n\nalle unsere Fahrzeuge werden bei Ankunft auf Optische und Technische Mängel bei unserer Partnerwerkstatt fachgerecht geprüft, dies beinhaltet auch das automatische Instandsetzen von Technischen Mängeln.\n\nBei uns wird jedes Fahrzeug ohne Technische Mängel verkauft.\n\n*1 Jahr Garantie inklusive*\n\nFahrzeug ist Technisch und Optisch in einem Einwandfreien Zustand\n\nBmw M3 Competition 100% Deutsches Fahrzeug\n\nOriginale Kilometer aus 2.Hand, Tüv Neu 08/2026\n\nService bei BMW Neu 11/24, Bremsen VA Neu 01/25\n\nScheckheftgepflegt durchgehend BMW\n\nAbsoulute super Austattung Head-Up, Feinleder (Tartufo) uvm.\n\n..und vieles mehr siehe unten in der AustattungslisteInzahlungnahme möglich\n\nAuf Wunsch Zusätliche Premium Vollgarantie bis 60 Monate möglich\n\n*nur in Verbindung mit den ausgewählten Santander Produkten*\n\n*Finanzierung bei unserer Partnerbank Santander Consumer Bank AG möglich*\n\nSonderausstattung:\nAktive Sitzbelüftung vorn, BMW Individual-Sonderlackierung, Bremsanlage: Compound - M Bremssystem (Bremssättel Schwarz), Entfall spezifischer Designumfänge, Fahrassistenz-System: Driving Assistant, Fahrassistenz-System: Fernlichtassistent, Head-up-Display, Heckklappenbetätigung automatisch, Innenausstattung: BMW Individual Voll-Leder Merino (Tartufo), Innenausstattung: Interieurleisten Carbon, Lenkrad heizbar, LM-Felgen vorn/hinten: 9,5x19 / 10,5x20 (Doppelspeichen 826 M, Bicolor, Schwarz), Parkassistent-Paket Plus, Scheinwerfer Laserlicht, Sicherheitssystem Active Protection, Sonnenschutzverglasung (hinten abgedunkelt), Sound-System Harman-Kardon, Verglasung Akustikglas\n\nWeitere Ausstattung:\nAblage-Paket, Adaptives Fahrwerk M-Technic, Airbag Beifahrerseite abschaltbar, Airbag Fahrer-/Beifahrerseite, Aktives M Differential, Ambiente-Beleuchtung, Ausstattungs-Paket: Connected Professional, Außenausstattung: Shadow-Line Hochglanz, Außenausstattung: Shadow-Line Hochglanz (erweiterter Umfang), Außenspiegel elektr. verstell- und heizbar, Bedienelemente galvanisiert, Blinkleuchte in Außenspiegel integriert, BMW Live Cockpit Professional, Bordcomputer, Competition, DAB-Tuner (Radioempfang digital), Dachhimmel Anthrazit (BMW Individual), Diebstahlsicherung für Räder (Felgenschlösser), Durchladeeinrichtung (Mittelarmlehne hinten), Dynamische Stabilitäts-Control (DSC) mit erweiterter Umfang, Erste Hilfe-Kasten / Verbandkasten, Fahrassistenz-System: Active Guard (Bremsassistent), Fahrassistenz-System: Aufmerksamkeits-Assistent, Freisprecheinrichtung Bluetooth mit USB-/Audio-Schnittstelle, Fußmatten Velours, Gepäckraumbeleuchtung, Getriebe Automatik - mit Steptronic und Drivelogic (8-Stufen), Getränkehalter, Heckleuchten LED, Innenspiegel mit Abblendautomatik, Instrumentenkombination (erweiterter Umfang), Isofix-Aufnahmen für Kindersitz an Rücksitz, Karosserie: 4-türig, Kennzeichenbeleuchtung LED, Klimaautomatik 3-Zonen mit autom. Umluft-Control, Knieairbag Fahrerseite, Kopf-Airbag-System hinten, Kopf-Airbag-System vorn, Kopfstützen hinten klappbar, Leichtbaudach (kohlefaserverstärkter Kunststoff, CFK), Lenksäule (Lenkrad) elektr. verstellbar, Lenksäule (Lenkrad) mechan. verstellbar, Leuchtweitenregelung, M Drive (Fahrprofilauswahl), M Drive Professional (Fahrprofilauswahl), Motor 3,0 Ltr. - 375 kW 24V TwinTurbo KAT (S58), Multifunktion für Lenkrad, Nebelschlussleuchte(n), Otto-Partikelfilter (OPF), Park-Distance-Control (PDC) vorn und hinten, Parkbremse elektrisch, Reifendruck-Kontrollsystem, Reifenpannen-Anzeige, Schadstoffarm nach Abgasnorm Euro 6d, Schaltpunktanzeige, Scheinwerfer LED, Seitenairbag vorn, Service-System: Intelligenter Notruf inkl. TeleServices, Sitzbezug / Polsterung: Leder Merino (erweiterter Umfang), Sitze vorn elektr. verstellbar (mit Memory), Spiegel-Paket, Sportdifferential, Sportsitze vorn (M-Technic), Start-Stop-Knopf, Start/Stop-Anlage (Funktion), Steckdose (12V-Anschluß) in Mittelkonsole vorn, Warndreieck, Wärme-/Sonnenschutzverglasung, Wärme-/Sonnenschutzverglasung kombiniert (hinten abgedunkelt)\n\nBesichtigung und Probefahrt nach Terminvereinbarung möglich.\n\nTrotz größtmöglicher Sorgfalt sind alle Angaben ohne Gewähr.\nAusstattungen sind vom Käufer gesondert zu prüfen.\nZwischenverkauf, Irrtümer, Änderungen und Angabefehler vorbehalten.\n\n\nPremium Cars Group GmbH\n\nNeue Welt 16\n88471 Laupheim\nDeutschland\n\nTelefon.: +49175 8802029\ninfo@premiumcarsgroup.de",
  "dealerDetails": {
    "id": 28471390,
    "name": "Premium Cars Group GmbH",
    "sellerType": "Dealer",
    "phones": [
      "+49 (0)7392 955493066"
    ],
    "messengers": {
      "WHATS_APP": "+49 (0)1514 6318703"
    },
    "languages": [
      "Deutsch",
      "English"
    ],
    "country": "DE",
    "address": "Neue Welt 16, DE-88471 Laupheim",
    "location": {
      "latitude": 48.2436219,
      "longitude": 9.865821
    },
    "activeSince": "2022-03-15T00:00:00.000Z",
    "homepageUrl": "https://home.mobile.de/home/redirect.html?customerId=28471390",
    "iconUrl": "https://img.classistatic.de/api/v1/mo-prod/images/03/03885a27-66e2-41ad-8889-0cdf9e972ec7?rule=mo-640.jpg",
    "reviewPageUrl": "https://www.mobile.de/bewertungen/PremiumCarsGroupGmbH?lang=en",
    "score": {
      "total": 4.7,
      "responseTime": 4.8,
      "friendliness": 4.8,
      "advice": 4.6
    },
    "activeRatingCount": 63,
    "vehicleAsDescribedPercentage": 98,
    "recommendPercentage": 93,
    "soldVehicleCount": null,
    "reviews": []
  },
  "attributes": {
    "Vehicle condition": "Used vehicle",
    "Category": "Saloon",
    "Model range": "Baureihe M3 Lim. (G80)(2020->)",
    "Trim line": "Deutsche Ausführung / Competition",
    "Vehicle Number": "931",
    "Origin": "German edition",
    "Mileage": "21,202 km",
    "Cubic Capacity": "2,993 ccm",
    "Power": "375 kW (510 hp)",
    "Drive type": "Internal combustion engine",
    "Fuel": "Petrol",
    "Fuel consumption": [
      "10.2 l/100km (combined)"
    ],
    "Number of Seats": "5",
    "Door Count": "4/5",
    "Transmission": "Automatic",
    "Emission Class": "Euro6",
    "Emissions Sticker": "4 (Green)",
    "First Registration": "09/2021",
    "Number of Vehicle Owners": "2",
    "HU": "09/2026",
    "Climatisation": "Automatic climatisation, 3 zones",
    "Parking sensors": "Front, Rear, Self-steering systems, 360° camera",
    "Airbags": "Front and Side and More Airbags",
    "Colour (Manufacturer)": "SONDERLACKIERUNG GRÜN",
    "Colour": "Green Metallic",
    "Interior Design": "Full leather, Brown",
    "Weight": "1,805 kg",
    "Date of last service (date)": "11/2023",
    "Last service (mileage)": "16,956 km",
    "Cylinders": "6",
    "Tank capacity": "59 l",
    "Energy consumption (comb.)": "10.2 l/100km",
    "CO₂ emissions (comb.)": "234 g/km"
  },
  "features": [
    "ABS",
    "Adaptive cornering lights",
    "Alarm system",
    "Alloy wheels",
    "Ambient lighting",
    "Android Auto",
    "Apple CarPlay",
    "Arm rest",
    "Autom. dimming interior mirror",
    "Blind spot assist",
    "Bluetooth",
    "CD player",
    "Central locking",
    "Cruise control",
    "Digital cockpit",
    "Distance warning system",
    "Dynamic chassis control",
    "Electric seat adjustment",
    "Electric side mirror",
    "Electric tailgate",
    "Electric windows",
    "Eletric seat adjustment with memory function",
    "Emergency brake assist",
    "Emergency call system",
    "ESP",
    "Fatigue warning system",
    "Fog lamp",
    "Folding exterior mirrors",
    "Full Service History",
    "Glare-free high beam headlights",
    "Hands-free kit",
    "Head-up display",
    "Heated rear seats",
    "Heated seats",
    "Heated steering wheel",
    "Heated windshield",
    "High beam assist",
    "Hill-start assist",
    "Immobilizer",
    "Induction charging for smartphones",
    "Integrated music streaming",
    "Isofix",
    "Keyless central locking",
    "Lane change assist",
    "Laser headlights",
    "Leather steering wheel",
    "LED running lights",
    "Light sensor",
    "Lumbar support",
    "Multifunction steering wheel",
    "Navigation preparation",
    "Navigation system",
    "New service",
    "Non-smoker vehicle",
    "On-board computer",
    "Paddle shifters",
    "Particulate filter",
    "Power Steering",
    "Rain sensor",
    "Rear traffic alert",
    "Rear wheel drive",
    "Roof rack",
    "Seat ventilation",
    "Smoker's package",
    "Sound system",
    "Speed limit control system",
    "Sport seats",
    "Sports package",
    "Sports suspension",
    "Start-stop system",
    "Tinted windows",
    "Touchscreen",
    "Traction control",
    "Traffic sign recognition",
    "Tuner/radio",
    "Tyre pressure monitoring",
    "USB port",
    "Voice control",
    "Warranty",
    "Winter tyres",
    "WLAN / Wi-Fi hotspot"
  ]
},
{
  "title": "BMW M3 Competition HUD H&K 360 Cam Leder Laser",
  "previewImage": "https://img.classistatic.de/api/v1/mo-prod/images/82/822e7751-33d7-42b9-bbf5-a8b402690648?rule=mo-1600.jpg",
  "category": "Limousine",
  "brand": "BMW",
  "model": "M3",
  "url": "https://suchen.mobile.de/fahrzeuge/details.html?id=430813632",
  "price.total.amount": 68988,
  "priceRating": {
    "rating": "Fair price",
    "priceRanges": {
      "Very good price": {
        "start": 48701,
        "end": 63200
      },
      "Good price": {
        "start": 63201,
        "end": 68100
      },
      "Fair price": {
        "start": 68101,
        "end": 75800
      },
      "Increased price": {
        "start": 75801,
        "end": 81300
      },
      "High price": {
        "start": 81301,
        "end": 90400
      }
    }
  },
  "description": "Getriebe\nAutomatik\nTechnik\nBordcomputer\nSperrdifferential\nAdaptives Daempfungssystem\nPartikelfilter\nStart-Stop-Automatik\nVolldigitales Kombiinstrument\nAssistenten\nMüdigkeitserkennung\nPark-Lenk-Assistent\nRegensensor\nFernlichtassistent\nLichtsensor\nNotbremsassistent\nBerganfahrassistent\nSpurhalteassistent\nSpurwechselassistent\nAbstandsregeltempomat\nAusparkassistent\nAbstands-/Kollisionswarner\nKomfort\nKlimaautomatik\nServolenkung\nZentralverriegelung\nElektrischer Fensterheber\nLederausstattung\nSitzheizung\nElektrische Aussenspiegel\nTempomat\nMultifunktionslenkrad\nKeyless Go Startfunktion\nElektrische Sitze\nInnenspiegel autom. abblendbar\nMittelarmlehne\nInnenraumfilter\nLenksaeule einstellbar\nSportsitze\nParkDistanceControl vorne und hinten\nElektrische Heckklappe\nklimatisierte Sitze\nKeyless Entry\nMemory Sitze\nAmbientebeleuchtung\nLordosenstütze\nLederlenkrad\nGeschwindigkeitsbegrenzungsanlage\nKlimaautomatik-3-Zonen\nFunkfernbedienung\nSicht\nLaserlicht\nadaptives Kurvenlicht\nBlendfreies Fernlicht\nLED-Tagfahrlicht\n360 Grad Kamera\nHEAD-UP-Display\nLED-Rueckleuchten\nScheinwerferregulierung\nAussenspiegel beheizbar\nPrivacyverglasung\nSicherheit\nABS\nAirbag\nBeifahrer-Airbag\nWegfahrsperre\nSeitenairbags\nAlarmanlage\nESP\nAntriebsschlupfregelung\nReifendruckkontrolle\nTraktionskontrolle\nKopfairbag\nKindersitzbefestigung\nEntertainment\nNavigationssystem\nSoundsystem\nRadio\nTelefonvorbereitung\nAUX-In\nUSB-Anschluss\nMP3\nHarman-Kardon\nBluetooth\nFreisprecheinrichtung\nSprachsteuerung\nDAB\nWLAN\nTouchscreen\nMusikstreaming\nUmwelt\nAbgasnorm Euro 6D\nGrüne Umweltplakette\nQualität\nGarantie\nScheckheftgepflegt\nHUAU neu\nSonstiges\nKatalysator\nMetallic\nAlufelgen\nSportfahrwerk\nElektrische Parkbremse\nFahrerprofilauswahl\nScheibenwischer mit Regensensor\nIsofix-Aufnahmen für Kindersitz an Rücksitz\nHeckleuchten LED\nAmbiente-Beleuchtung\nLeuchtweitenregelung\nReifendruck-Kontrollsystem\nAlarmanlage\nKlimaautomatik 3-Zonen mit autom. Umluft-Control\nSportdifferential\nSchadstoffarm nach Abgasnorm Euro 6d\nSitzbezug / Polsterung: Leder Merino (erweiterter Umfang)\nHead-up-Display\nSonnenschutzverglasung (hinten abgedunkelt)\nGeschwindigkeits-Regelanlage\nAktiv mit Stop&Go-Funktion\nScheinwerfer Laserlicht\nKomfortzugang (Öffnungs- und Schließsystem)\nLM-Felgen vorn/hinten: 9\n5x19 / 10\n5x20 (Doppelspeichen 825 M\nOrbit-Grau matt)\nAirbag Fahrer-/Beifahrerseite\nAnti-Blockier-System (ABS)\nSeitenairbag vorn\nStart-Stop-Knopf\nAußenspiegel elektr. verstell- und heizbar\nFensterheber elektrisch\nKopf-Airbag-System hinten\nKopf-Airbag-System vorn\nWegfahrsperre\nReifenpannen-Anzeige\nDynamische Stabilitäts-Control (DSC) mit erweiterter Umfang\nFreisprecheinrichtung Bluetooth mit USB-/Audio-Schnittstelle\nBMW Live Cockpit Professional\nMetallic-Lackierung\nRückfahrkamera (Top View)\nAblage-Paket\nAdaptives Fahrwerk M-Technic\nAktive Sitzbelüftung vorn\naktiver Spurhalteassistent\nAmpel-Erkennung\nAufmerksamkeits-Assistent\nAußenspiegel elektr. anklappbar\nAußenspiegel mit Abblendautomatik\nAußenspiegel rechts mit Bordsteinautomatik\nAusweich-Assistent\nAutomatik - mit Steptronic und Drivelogic (8-Stufen)\nBeifahrerairbag abschaltbar\nConnected Professional\nConnected Teaser\nDAB-Tuner (Radioempfang digital)\nDriving Assistant\nDriving Assistant Professional\nDurchladeeinrichtung\nelektr. Sitze/Memory\nFalschfahrwarnung\nFernlichtassistent\nFrontkollisionswarnung\nGeschwindigkeits-Begrenzeranlage (Speed Limit Device)\nGeschwindigkeits-Regelanlage mit Bremsfunktion\nGetränkehalter\nHeckaufprall-Vermeidung (Prävention Heckkollision)\nHeckklappenbetätigung automatisch\nInnenspiegel mit Abblendautomatik\nInnovations-Paket\nInterieurleisten Carbon\nKreuzungs-Assistent\nLeder-Lenkrad M-Technic\nLendenwirbelstützen elektr. verstellbar\nLenksäule elektr. verstellbar\nM Drive Professional (Fahrprofilauswahl)\nMotor 3\n0 Ltr. - 375 kW 24V\nMotor 3\n0 Ltr. - 375 kW 24V TwinTurbo KAT (S58)\nParkassistent-Paket Plus\nParkbremse elektrisch\nQuerverkehrs-Assistent\nRückfahr-Assistent\nService-System: ConnectedDrive Services\nService-System: Real Time Traffic Information (RTTI)\nSitzheizung vorn\nSound-System Harman-Kardon\nSpiegel-Paket\nSportsitze M-Technic\nSpurwechselassistent\nSpurwechsel-Warnsystem\nStart/Stop-Anlage\nSurround-Kamerasystem (Surround View)\nZV mit Fernbedienung\n\nInt.KnNr: 141349\nÄnderungen, Zwischenverkauf und Irrtümer vorbehalten.\nquality by dotzilla",
  "dealerDetails": {
    "id": 2259797,
    "name": "Euler Group Frankfurt Gebrauchtwagen-Zentrum Hanauer Landstr.",
    "sellerType": "Dealer",
    "phones": [
      "+49 (0)69 2474505273"
    ],
    "languages": [
      "Deutsch",
      "English",
      "Italiano",
      "Français",
      "Español"
    ],
    "country": "DE",
    "address": "Hanauer Landstraße 425, DE-60314 Frankfurt",
    "location": {
      "latitude": 50.122317,
      "longitude": 8.737829699999999
    },
    "activeSince": "2009-02-27T00:00:00.000Z",
    "homepageUrl": "https://home.mobile.de/home/redirect.html?customerId=2259797",
    "iconUrl": null,
    "reviewPageUrl": "https://www.mobile.de/bewertungen/EULERGEBRAUCHTWAGEN?lang=en",
    "score": {
      "total": 4,
      "responseTime": 4.1,
      "friendliness": 4.1,
      "advice": 3.7
    },
    "activeRatingCount": 40,
    "vehicleAsDescribedPercentage": 90,
    "recommendPercentage": 63,
    "soldVehicleCount": null,
    "reviews": []
  },
  "attributes": {
    "Vehicle condition": "Used vehicle",
    "Category": "Saloon",
    "Model range": "G80",
    "Trim line": "m3 competition",
    "Vehicle Number": "141349",
    "Availability": "Now",
    "Origin": "German edition",
    "Mileage": "82,223 km",
    "Cubic Capacity": "2,993 ccm",
    "Power": "375 kW (510 hp)",
    "Drive type": "Internal combustion engine",
    "Fuel": "Petrol",
    "Number of Seats": "5",
    "Door Count": "4/5",
    "Transmission": "Automatic",
    "Emission Class": "Euro6d",
    "Emissions Sticker": "4 (Green)",
    "First Registration": "06/2022",
    "Construction Year": "2021",
    "Number of Vehicle Owners": "2",
    "HU": "New",
    "Climatisation": "Automatic climatisation, 3 zones",
    "Parking sensors": "Front, Self-steering systems, Rear, 360° camera",
    "Airbags": "Front and Side and More Airbags",
    "Colour (Manufacturer)": "BLACK SAPPHIRE METALLIC",
    "Colour": "Black Metallic",
    "Interior Design": "Full leather, Black",
    "Cylinders": "6"
  },
  "features": [
    "ABS",
    "Adaptive cornering lights",
    "Adaptive Cruise Control",
    "Alarm system",
    "Alloy wheels",
    "Ambient lighting",
    "Arm rest",
    "Autom. dimming interior mirror",
    "Bluetooth",
    "Central locking",
    "DAB radio",
    "Digital cockpit",
    "Distance warning system",
    "Dynamic chassis control",
    "Electric seat adjustment",
    "Electric side mirror",
    "Electric tailgate",
    "Electric windows",
    "Eletric seat adjustment with memory function",
    "Emergency brake assist",
    "ESP",
    "Fatigue warning system",
    "Folding exterior mirrors",
    "Full Service History",
    "Glare-free high beam headlights",
    "Hands-free kit",
    "Head-up display",
    "Heated seats",
    "High beam assist",
    "Hill-start assist",
    "Immobilizer",
    "Integrated music streaming",
    "Isofix",
    "Keyless central locking",
    "Lane change assist",
    "Laser headlights",
    "Leather steering wheel",
    "LED running lights",
    "Light sensor",
    "Lumbar support",
    "Multifunction steering wheel",
    "Navigation system",
    "On-board computer",
    "Particulate filter",
    "Power Steering",
    "Rain sensor",
    "Rear traffic alert",
    "Rear wheel drive",
    "Seat ventilation",
    "Sound system",
    "Speed limit control system",
    "Sport seats",
    "Sports suspension",
    "Start-stop system",
    "Tinted windows",
    "Touchscreen",
    "Traction control",
    "Tuner/radio",
    "Tyre pressure monitoring",
    "USB port",
    "Voice control",
    "Warranty",
    "WLAN / Wi-Fi hotspot"
  ]
},
{
  "title": "BMW M3 Competition*LiveCockpit*H&K*Individual*HeadUP",
  "previewImage": "https://img.classistatic.de/api/v1/mo-prod/images/38/3880b5ee-7a11-4fc9-b7c8-d62cb30660de?rule=mo-1600.jpg",
  "category": "Limousine",
  "brand": "BMW",
  "model": "M3",
  "url": "https://suchen.mobile.de/fahrzeuge/details.html?id=432818536",
  "price.total.amount": 69990,
  "priceRating": {
    "rating": "Fair price",
    "priceRanges": {
      "Very good price": {
        "start": 49001,
        "end": 63700
      },
      "Good price": {
        "start": 63701,
        "end": 68600
      },
      "Fair price": {
        "start": 68601,
        "end": 76300
      },
      "Increased price": {
        "start": 76301,
        "end": 81900
      },
      "High price": {
        "start": 81901,
        "end": 91000
      }
    }
  },
  "description": "Wir bieten Ihnen einen einfachen und schnellen Kaufprozess, um Ihnen den Traumwagen einen Schritt näher zu bringen.\n\nKaufberatung per Videotelefonie über Plattformen wie WhatsApp, FaceTime oder Viber\nSie erhalten von uns XXL-Fotos oder ein hochauflösendes 360-Grad-Video des Fahrzeugs\nKostenfreie Lieferung Ihres neuen Fahrzeugs innerhalb eines Umkreises von 50 Kilometern\nKostenlose Fahrzeugbewertung! (telefonisch oder per Email möglich)\nAttraktive Finanzierungsangebote! (telefonisch oder per Email möglich)\nKontaktieren Sie uns gerne per Telefon oder über WhatsApp/Viber unter der Telefonnummer: +49 174 695 7031. Wir stehen Ihnen jederzeit zur VerfügungBMW M3 in der Sonderausführung \"Competion\" mit sportlichen 510 PS, 8-Gang Sport-Automatik,BMW Individuallackierung Tansanit-Blau II Metallic, \nLaserlicht, LED-Heckleuchten, Parksensoren, sportliche 20 Zoll Alufelgen (20\" LM Rad), Keyless Go, Ambientebeleuchtung, Navigation, Shadow Line, Harman Kardon Surround Sound System, Head-Up-Display, DAB-Tuner, Apple CarPlay, Android Auto, BMW Live Cockpit Professional.\n\nTÜV & AU NEU!\nDeutsches Fahrzeug!\nLückenlos BMW Service gepflegt:\n1. Service: 3.223 KM - 07.2021\n2. Service: 19.838 KM - 01.2022\n3. Service: 42.517 KM - 01.2023\n4. Service: 47.000 KM - 04.2023\n5. Service: 56.944 KM - 02.2024\n6. Sercice: 60.114 KM - 07.2024\n7. Service: 72.000 KM - 08.2025 NEU!\nSonderausstattung:\nBMW Individuallackierung Tansanit-Blau II Metallic\nBremsanlage: Compound – M Bremssystem (Bremssättel Rot)\nInnenausstattung: Individual Interieurleisten Pianolack\nInnovations-Paket\nM Driver’s Package\nMetallic-Lackierung\nParkassistent-Paket Plus\nScheinwerfer BMW Individual Shadow-Line\nSicherheitsgurte M\nSitzbezug / Polsterung: Voll-Leder Merino, Bicolor\nSonnenschutzverglasung (hinten abgedunkelt)\nSound-System Harman-Kardon\nAblage-Paket\nAdaptives Fahrwerk M-Technic\nAirbag Beifahrerseite abschaltbar\nAirbag Fahrer-/Beifahrerseite\nAktives M Differential\nAmbiente-Beleuchtung\nAusstattungs-Paket: Connected Professional\nAußenausstattung: Shadow-Line Hochglanz\nAußenausstattung: Shadow-Line Hochglanz (erweiterter Umfang)\nAußenspiegel elektr. verstell- und heizbar\nBedienelemente galvanisiert\nBlinkleuchte in Außenspiegel integriert\nBMW Live Cockpit Professional\nBordcomputer\nCompetition\nDAB-Tuner (Radioempfang digital)\nDachhimmel Anthrazit (BMW Individual)\nDiebstahlsicherung für Räder (Felgenschlösser)\nDurchladeeinrichtung (Mittelarmlehne hinten)\nDynamische Stabilitäts-Control (DSC) mit erweitertem Umfang\nErste Hilfe-Kasten / Verbandkasten\nFahrassistenz-System: Active Guard (Bremsassistent)\nFahrassistenz-System: Aufmerksamkeits-Assistent\nFreisprecheinrichtung Bluetooth mit USB-/Audio-Schnittstelle\nFußmatten Velours\nGepäckraumbeleuchtung\nGetriebe Automatik – mit Steptronic und Drivelogic (8-Stufen)\nGetränkehalter\nHeckleuchten LED\nInnenspiegel mit Abblendautomatik\nInstrumentenkombination (erweiterter Umfang)\nIsofix-Aufnahmen für Kindersitz an Rücksitz\nKarosserie: 4-türig\nKennzeichenbeleuchtung LED\nKlimaautomatik 3-Zonen mit autom. Umluft-Control\nKnieairbag Fahrerseite\nKopf-Airbag-System hinten\nKopf-Airbag-System vorn\nKopfstützen hinten klappbar\nLeichtbaudach (kohlefaserverstärkter Kunststoff, CFK)\nLenksäule (Lenkrad) elektr. verstellbar\nLenksäule (Lenkrad) mechan. verstellbar\nLeuchtweitenregelung\nM Drive (Fahrprofilauswahl)\nM Drive Professional (Fahrprofilauswahl)\nMotor 3,0 Ltr. – 375 kW 24V TwinTurbo KAT (S58)\nMultifunktion für Lenkrad\nPark-Distance-Control (PDC) vorn und hinten\nParkbremse elektrisch\nReifendruck-Kontrollsystem\nReifenpannen-Anzeige\nSchadstoffarm nach Abgasnorm Euro 6d\nSchaltpunktanzeige\nScheinwerfer LED\nSeitenairbag vorn\nService-System: Intelligenter Notruf inkl. TeleServices\nSitze vorn elektr. verstellbar (mit Memory)\nSitzheizung vorn\nSpiegel-Paket\nSportdifferential\nSportsitze vorn (M-Technic)\nWärme-/Sonnenschutzverglasung\nWärme-/Sonnenschutzverglasung kombiniert (hinten abgedunkelt)\nZu unseren zusätzlichen Serviceleistungen gehören:\nAuf Wunsch erhalten Sie bei uns eine Garantie bis zu 24 Monate\nFahrzeuglieferung bis zum Wohnort möglich\nInzahlungnahme Ihres „alten“ Gebrauchtfahrzeugs\nFinanzierungen zu Top – Konditionen – auch ohne Anzahlung!\nBeschaffung von Kurzzeit.- und Zollkennzeichen,\nAnmeldungen im Raum Landsberg\nVorführung zur Haupt.- und Abgasuntersuchung\nÄnderungen, Zwischenverkauf und Irrtümer sind vorbehalten\nDer Verkäufer übernimmt keine Haftung/Gewährleistung für Tipp- und Datenübermittlungsfehler.\nAufgeführte Ausstattungen sind ggfs. gesondert zu prüfen.\nWir sprechen Deutsch, Englisch, Nederlands, Kroatisch.\nWhatsApp +49 174 695 7031\n\nACHTUNG!!! Weitere attraktive Angebote (siehe “Alle Angebote des Händlers anzeigen“, klicken Sie dafür auf den Link unter der Fahrzeuganbieter Adresse), können jederzeit-NACH TELEFONISCHER ABSPRACHE-, auf unserem Verkaufsplatz in 86899 Landsberg am Lech, Max-Planck-Straße 15 besichtigt werden; für nähere Informationen sind wir durchgehend erreichbar unter Tel: 0174 695 7031",
  "dealerDetails": {
    "id": 23813246,
    "name": "Auto Galerie Landsberg",
    "sellerType": "Dealer",
    "phones": [
      "+49 (0)8191 331887533"
    ],
    "messengers": {
      "WHATS_APP": "+49 (0)174 6957031"
    },
    "languages": [
      "Deutsch",
      "English",
      "Nederlands"
    ],
    "country": "DE",
    "address": "Max-Planck-Staße 15, DE-86899 Landsberg am Lech",
    "location": {
      "latitude": 48.0620044,
      "longitude": 10.8555171
    },
    "activeSince": "2020-06-09T00:00:00.000Z",
    "homepageUrl": "https://home.mobile.de/home/redirect.html?customerId=23813246",
    "iconUrl": "https://img.classistatic.de/api/v1/mo-prod/images/7c/7c377f35-114c-4a77-8e6c-6dfb5d889f43?rule=mo-640.jpg",
    "reviewPageUrl": "https://www.mobile.de/bewertungen/AutoGalerieLandsberg?lang=en",
    "score": {
      "total": 4.5,
      "responseTime": 4.5,
      "friendliness": 4.6,
      "advice": 4.5
    },
    "activeRatingCount": 13,
    "vehicleAsDescribedPercentage": 100,
    "recommendPercentage": 91,
    "soldVehicleCount": null,
    "reviews": []
  },
  "attributes": {
    "Vehicle condition": "Used vehicle",
    "Category": "Saloon",
    "Model range": "Baureihe M3 Lim. (G80)(2020->)",
    "Trim line": "Competition",
    "Origin": "German edition",
    "Mileage": "72,000 km",
    "Cubic Capacity": "2,993 ccm",
    "Power": "375 kW (510 hp)",
    "Drive type": "Internal combustion engine",
    "Fuel": "Petrol",
    "Fuel consumption": [
      "10.2 l/100km (combined)"
    ],
    "Number of Seats": "5",
    "Door Count": "4/5",
    "Transmission": "Automatic",
    "Emission Class": "Euro6d-TEMP",
    "Emissions Sticker": "4 (Green)",
    "First Registration": "07/2021",
    "Number of Vehicle Owners": "1",
    "HU": "New",
    "Climatisation": "Automatic climatisation, 3 zones",
    "Parking sensors": "Camera, Front, Rear",
    "Airbags": "Front and Side and More Airbags",
    "Colour (Manufacturer)": "TANSANITBLAU II METALLIC",
    "Colour": "Blue Metallic",
    "Interior Design": "Full leather, Black",
    "Weight": "1,805 kg",
    "Date of last service (date)": "07/2024",
    "Last service (mileage)": "60,114 km",
    "Cylinders": "6",
    "Tank capacity": "59 l",
    "Energy consumption (comb.)": "10.2 l/100km",
    "CO₂ emissions (comb.)": "234 g/km"
  },
  "features": [
    "ABS",
    "Adaptive cornering lights",
    "Adaptive Cruise Control",
    "Alarm system",
    "Alloy wheels",
    "Ambient lighting",
    "Android Auto",
    "Apple CarPlay",
    "Arm rest",
    "Autom. dimming interior mirror",
    "Bluetooth",
    "Cargo barrier",
    "Central locking",
    "DAB radio",
    "Digital cockpit",
    "Distance warning system",
    "Dynamic chassis control",
    "Electric seat adjustment",
    "Electric side mirror",
    "Electric windows",
    "Eletric seat adjustment with memory function",
    "Emergency brake assist",
    "Emergency call system",
    "ESP",
    "Fatigue warning system",
    "Fog lamp",
    "Folding exterior mirrors",
    "Four-wheel drive",
    "Full Service History",
    "Glare-free high beam headlights",
    "Hands-free kit",
    "Head-up display",
    "Heated seats",
    "Heated steering wheel",
    "High beam assist",
    "Hill-start assist",
    "Immobilizer",
    "Induction charging for smartphones",
    "Integrated music streaming",
    "Isofix",
    "Keyless central locking",
    "Lane change assist",
    "Laser headlights",
    "Leather steering wheel",
    "LED running lights",
    "Light sensor",
    "Lumbar support",
    "Multifunction steering wheel",
    "Navigation system",
    "New service",
    "Non-smoker vehicle",
    "On-board computer",
    "Paddle shifters",
    "Power Steering",
    "Rain sensor",
    "Sound system",
    "Speed limit control system",
    "Sport seats",
    "Sports package",
    "Sports suspension",
    "Start-stop system",
    "Summer tyres",
    "Tinted windows",
    "Touchscreen",
    "Traction control",
    "Traffic sign recognition",
    "Tuner/radio",
    "Tyre pressure monitoring",
    "USB port",
    "Voice control",
    "Warranty",
    "Winter package"
  ]
},
{
  "title": "BMW M3 Lim. MCeramikBremseM-DriveLaserlichtHeadUpHka",
  "previewImage": "https://img.classistatic.de/api/v1/mo-prod/images/02/02838b1d-fb21-4503-ba3d-00749c6321d1?rule=mo-1600.jpg",
  "category": "Limousine",
  "brand": "BMW",
  "model": "M3",
  "url": "https://suchen.mobile.de/fahrzeuge/details.html?id=433104212",
  "price.total.amount": 72900,
  "priceRating": {
    "rating": "Good price",
    "priceRanges": {
      "Very good price": {
        "start": 52401,
        "end": 68200
      },
      "Good price": {
        "start": 68201,
        "end": 73400
      },
      "Fair price": {
        "start": 73401,
        "end": 81600
      },
      "Increased price": {
        "start": 81601,
        "end": 87600
      },
      "High price": {
        "start": 87601,
        "end": 97400
      }
    }
  },
  "description": "Sonderausstattung:\nAußenausstattung: Shadow-Line Hochglanz (erweiterter Umfang),\nBMW Drive Recorder (Dashcam),\nBremsanlage: M Carbon-Keramik,\nFzg. ohne Modell-Schriftzug,\nHeckklappenbetätigung automatisch,\nInnenausstattung: Interieurleisten Carbon,\nInnovations-Paket,\nLM-Felgen vorn/hinten: 9,5x19 / 10,5x20 (Doppelspeiche 826 M, Schwarz),\nM Drive Professional (Fahrprofilauswahl),\nM Driver´s Package,\nMetallic-Lackierung,\nParkassistent-Paket Plus,\nReifen-Reparaturset (Mobility-Pack),\nScheinwerfer BMW Individual Shadow-Line,\nSicherheitssystem Active Protection,\nSonnenschutzverglasung (hinten abgedunkelt),\nSound-System Harman-Kardon,\nVerglasung Akustikglas\nRadschraubensicherung\nReifendruckanzeige\nAlarmanlage\nKomfortzugang\nM Leuchten Shadow Line\nAbgedunkelte Verglasung\nAblagenpaket\nSitzheizung vorne & hinten\nFernlichtassistent\nActive Protection\nDriving Assistant\nActive Guard\nBMW Laserlicht\nDAB Tuner\nParkassistenzsystem Plus\nHead Up Display\nConnected Drive Services\nBMW Drive Recorder\nTelefonie mit Wirless Charging\nBMW Live Cocpit\nWLAN Hot Spot\nInnovationspaket\nDeutschland Ausführung\nM Sportdifferenzial\nAdaptives M Fahrwerk\nKlimaautomatik\nM-Sportsitz\nDachhimmel Anthrazit\nGeschwindigkeitsregelung mit Bremsfunktion\nSitzverstellung elektrisch mit Memory\nInnenspiegel automatisch abblendend\nAktiver Fußgängerschutz\n\nTop gepflegt Unfallfrei und Nichtraucher Fahrzeug !\n\nDer Verkäufer haftet nicht für Irrtümer,Eingabefehler und Datenübermittlungsfehler,im Internet gemachte Angaben sind unverbindliche Beschreibungen und stellen keine zugesicherten Eigenschaften dar. Änderungen und Zwischenverkauf vorbehalten.\n\n\nWeitere Ausstattung:\nAblage-Paket, Adaptives Fahrwerk M-Technic, Airbag Beifahrerseite abschaltbar, Airbag Fahrer-/Beifahrerseite, Aktives M Differential, Ambiente-Beleuchtung, Ausstattungs-Paket: Connected Professional, Außenausstattung: Shadow-Line Hochglanz, Außenspiegel elektr. verstell- und heizbar, Blinkleuchte in Außenspiegel integriert, BMW Live Cockpit Professional, Bordcomputer, DAB-Tuner (Radioempfang digital), Dachhimmel Anthrazit (BMW Individual), Diebstahlsicherung für Räder (Felgenschlösser), Durchladeeinrichtung (Mittelarmlehne hinten), Dynamische Stabilitäts-Control (DSC) mit erweiterter Umfang, Erste Hilfe-Kasten / Verbandkasten, Fahrassistenz-System: Active Guard (Bremsassistent), Fahrassistenz-System: Aufmerksamkeits-Assistent, Freisprecheinrichtung Bluetooth mit USB-/Audio-Schnittstelle, Fußmatten Velours, Gepäckraumbeleuchtung, Getränkehalter, Heckleuchten LED, Induktionsladeschale für Smartphone (Wireless Charging), Innenspiegel mit Abblendautomatik, Instrumentenkombination (erweiterter Umfang), Isofix-Aufnahmen für Kindersitz an Rücksitz, Karosserie: 4-türig, Kennzeichenbeleuchtung LED, Klimaautomatik 3-Zonen mit autom. Umluft-Control, Knieairbag Fahrerseite, Kopf-Airbag-System hinten, Kopf-Airbag-System vorn, Kopfstützen hinten klappbar, Leichtbaudach (kohlefaserverstärkter Kunststoff, CFK), Lenksäule (Lenkrad) elektr. verstellbar, Lenksäule (Lenkrad) mechan. verstellbar, Leuchtweitenregelung, M Drive (Fahrprofilauswahl), Motor 3,0 Ltr. - 353 kW 24V TwinTurbo KAT (S58), Multifunktion für Lenkrad, Nebelschlussleuchte(n), Otto-Partikelfilter (OPF), Park-Distance-Control (PDC) vorn und hinten, Parkbremse elektrisch, Reifendruck-Kontrollsystem, Reifenpannen-Anzeige, Schadstoffarm nach Abgasnorm Euro 6d, Schaltpunktanzeige, Scheinwerfer LED, Seitenairbag vorn, Service-System: Intelligenter Notruf inkl. TeleServices, Sitzbezug / Polsterung: Leder Merino (erweiterter Umfang), Sitze vorn elektr. verstellbar (mit Memory), Spiegel-Paket, Sportdifferential, Sportsitze vorn (M-Technic), Start-Stop-Knopf, Start/Stop-Anlage (Funktion), Steckdose (12V-Anschluß) in Mittelkonsole vorn, Warndreieck, Wärme-/Sonnenschutzverglasung, Wärme-/Sonnenschutzverglasung kombiniert (hinten abgedunkelt)",
  "dealerDetails": {
    "id": 4513179,
    "name": "AUTO-Ibler",
    "sellerType": "Dealer",
    "phones": [
      "+49 (0)89 2000731601"
    ],
    "messengers": {
      "WHATS_APP": "+49 (0)171 6216077"
    },
    "languages": [
      "Deutsch",
      "English"
    ],
    "country": "DE",
    "address": "Hauptstraße 84, DE-85579 Neubiberg",
    "location": {
      "latitude": 48.0745358,
      "longitude": 11.6774278
    },
    "activeSince": "2010-08-18T00:00:00.000Z",
    "homepageUrl": "https://home.mobile.de/home/redirect.html?customerId=4513179",
    "iconUrl": null,
    "reviewPageUrl": "https://www.mobile.de/bewertungen/AUTOIBLER?lang=en",
    "score": {
      "total": 4.9,
      "responseTime": 4.9,
      "friendliness": 5,
      "advice": 4.7
    },
    "activeRatingCount": 10,
    "vehicleAsDescribedPercentage": 100,
    "recommendPercentage": 100,
    "soldVehicleCount": null,
    "reviews": []
  },
  "attributes": {
    "Vehicle condition": "Used vehicle, Accident-free",
    "Category": "Saloon",
    "Model range": "Baureihe M3 Lim. (G80)(2020->)",
    "Trim line": "Basis",
    "Origin": "German edition",
    "Mileage": "31,350 km",
    "Cubic Capacity": "2,993 ccm",
    "Power": "353 kW (480 hp)",
    "Drive type": "Internal combustion engine",
    "Fuel": "Petrol",
    "Number of Seats": "5",
    "Door Count": "4/5",
    "Transmission": "Manual gearbox",
    "Emission Class": "Euro6d",
    "First Registration": "06/2022",
    "Number of Vehicle Owners": "1",
    "HU": "New",
    "Climatisation": "Automatic climatisation, 2 zones",
    "Parking sensors": "Camera, Rear, Front, Self-steering systems",
    "Airbags": "Front and Side and More Airbags",
    "Colour (Manufacturer)": "BROOKLYN GRAU",
    "Colour": "Grey Metallic",
    "Interior Design": "Full leather, Black",
    "Weight": "1,780 kg",
    "Date of last service (date)": "07/2024",
    "Last service (mileage)": "23,500 km",
    "Cylinders": "6",
    "Tank capacity": "59 l"
  },
  "features": [
    "ABS",
    "Adaptive cornering lights",
    "Alarm system",
    "Alloy wheels",
    "Ambient lighting",
    "Android Auto",
    "Apple CarPlay",
    "Arm rest",
    "Blind spot assist",
    "Bluetooth",
    "Central locking",
    "Cruise control",
    "DAB radio",
    "Digital cockpit",
    "Distance warning system",
    "Dynamic chassis control",
    "Electric seat adjustment",
    "Electric side mirror",
    "Electric windows",
    "Eletric seat adjustment with memory function",
    "Emergency brake assist",
    "Emergency call system",
    "Emergency tyre repair kit",
    "ESP",
    "Fatigue warning system",
    "Full Service History",
    "Glare-free high beam headlights",
    "Hands-free kit",
    "Head-up display",
    "Heated rear seats",
    "Heated seats",
    "High beam assist",
    "Hill-start assist",
    "Immobilizer",
    "Induction charging for smartphones",
    "Integrated music streaming",
    "Isofix",
    "Keyless central locking",
    "Lane change assist",
    "Laser headlights",
    "Leather steering wheel",
    "LED running lights",
    "Light sensor",
    "Lumbar support",
    "Multifunction steering wheel",
    "Navigation system",
    "Non-smoker vehicle",
    "On-board computer",
    "Passenger seat Isofix point",
    "Power Steering",
    "Rain sensor",
    "Rear wheel drive",
    "Sound system",
    "Speed limit control system",
    "Sport seats",
    "Sports package",
    "Sports suspension",
    "Start-stop system",
    "Summer tyres",
    "Tinted windows",
    "Touchscreen",
    "Traction control",
    "Traffic sign recognition",
    "Tuner/radio",
    "Tyre pressure monitoring",
    "USB port",
    "Voice control",
    "Warranty",
    "WLAN / Wi-Fi hotspot"
  ]
},
{
  "title": "BMW M3 Competition Harman K.-CarbonEx. Garantie 9/27",
  "previewImage": "https://img.classistatic.de/api/v1/mo-prod/images/0e/0e5b6026-a325-40c7-9338-e0412856fecb?rule=mo-1600.jpg",
  "category": "Limousine",
  "brand": "BMW",
  "model": "M3",
  "url": "https://suchen.mobile.de/fahrzeuge/details.html?id=426019166",
  "price.total.amount": 72950,
  "priceRating": {
    "rating": "Good price",
    "priceRanges": {
      "Very good price": {
        "start": 53601,
        "end": 69600
      },
      "Good price": {
        "start": 69601,
        "end": 75000
      },
      "Fair price": {
        "start": 75001,
        "end": 83400
      },
      "Increased price": {
        "start": 83401,
        "end": 89500
      },
      "High price": {
        "start": 89501,
        "end": 99500
      }
    }
  },
  "description": "BMW Gebrauchtwagen Garantie bis 09/2027\n\nSonderausstattung:\nExterieur-Paket M Carbon, Fahrassistenz-System: Driving Assistant Professional, Innenausstattung: Interieurleisten Carbon, Innovations-Paket, LM-Felgen vorn/hinten: 9,5x19 / 10,5x20 (Doppelspeichen 825 M, Orbit-Grau matt), M Driver´s Package, Metallic-Lackierung, Sicherheitsgurte M, Sound-System Harman-Kardon\n\nWeitere Ausstattung:\nAblage-Paket, Adaptives Fahrwerk M-Technic, Airbag Beifahrerseite abschaltbar, Airbag Fahrer-/Beifahrerseite, Aktives M Differential, Ambiente-Beleuchtung, Ausstattungs-Paket: Connected Professional, Außenausstattung: Shadow-Line Hochglanz, Außenausstattung: Shadow-Line Hochglanz (erweiterter Umfang), Außenspiegel elektr. verstell- und heizbar, Bedienelemente galvanisiert, Blinkleuchte in Außenspiegel integriert, BMW Live Cockpit Professional, Bordcomputer, Competition, DAB-Tuner (Radioempfang digital), Dachhimmel Anthrazit (BMW Individual), Diebstahlsicherung für Räder (Felgenschlösser), Durchladeeinrichtung (Mittelarmlehne hinten), Dynamische Stabilitäts-Control (DSC) mit erweiterter Umfang, Erste Hilfe-Kasten / Verbandkasten, Fahrassistenz-System: Active Guard (Bremsassistent), Fahrassistenz-System: Aufmerksamkeits-Assistent, Freisprecheinrichtung Bluetooth mit USB-/Audio-Schnittstelle, Fußmatten Velours, Gepäckraumbeleuchtung, Getriebe Automatik - mit Steptronic und Drivelogic (8-Stufen), Getränkehalter, Heckleuchten LED, Innenspiegel mit Abblendautomatik, Instrumentenkombination (erweiterter Umfang), Isofix-Aufnahmen für Kindersitz an Rücksitz, Karosserie: 4-türig, Kennzeichenbeleuchtung LED, Klimaautomatik 3-Zonen mit autom. Umluft-Control, Knieairbag Fahrerseite, Kopf-Airbag-System hinten, Kopf-Airbag-System vorn, Kopfstützen hinten klappbar, Leichtbaudach (kohlefaserverstärkter Kunststoff, CFK), Lenksäule (Lenkrad) elektr. verstellbar, Lenksäule (Lenkrad) mechan. verstellbar, Leuchtweitenregelung, M Drive (Fahrprofilauswahl), M Drive Professional (Fahrprofilauswahl), Motor 3,0 Ltr. - 375 kW 24V TwinTurbo KAT (S58), Multifunktion für Lenkrad, Nebelschlussleuchte(n), Otto-Partikelfilter (OPF), Park-Distance-Control (PDC) vorn und hinten, Parkbremse elektrisch, Reifendruck-Kontrollsystem, Reifenpannen-Anzeige, Schadstoffarm nach Abgasnorm Euro 6d, Schaltpunktanzeige, Scheinwerfer LED, Seitenairbag vorn, Service-System: Intelligenter Notruf inkl. TeleServices, Sitzbezug / Polsterung: Leder Merino (erweiterter Umfang), Sitze vorn elektr. verstellbar (mit Memory), Sitzheizung vorn, Spiegel-Paket, Sportdifferential, Sportsitze vorn (M-Technic), Start-Stop-Knopf, Start/Stop-Anlage (Funktion), Steckdose (12V-Anschluß) in Mittelkonsole vorn, Warndreieck, Wärme-/Sonnenschutzverglasung, Wärme-/Sonnenschutzverglasung kombiniert (hinten abgedunkelt)\n\nÄnderung, Irrtümer und Zwischenverkauf vorbehalten.\nVerkauf erfolgt Privat inkl. BMW Gebrauchtwagengarantie bis September 2027",
  "dealerDetails": {
    "id": 457182,
    "name": "Honda Lorenz GmbH & Co. KG",
    "sellerType": "Dealer",
    "phones": [
      "+49 (0)3763 529991267"
    ],
    "messengers": {
      "WHATS_APP": "+49 (0)176 72276477"
    },
    "languages": [
      "Deutsch",
      "English"
    ],
    "country": "DE",
    "address": "Meeraner Strasse 174A, DE-08371 Glauchau",
    "location": {
      "latitude": 50.834447,
      "longitude": 12.5005591
    },
    "activeSince": "2002-12-12T00:00:00.000Z",
    "homepageUrl": "https://home.mobile.de/home/redirect.html?customerId=457182",
    "iconUrl": null,
    "reviewPageUrl": "https://www.mobile.de/bewertungen/HONDA-LORENZ?lang=en",
    "score": {
      "total": 4.8,
      "responseTime": 4.8,
      "friendliness": 4.9,
      "advice": 4.7
    },
    "activeRatingCount": 11,
    "vehicleAsDescribedPercentage": 100,
    "recommendPercentage": 100,
    "soldVehicleCount": null,
    "reviews": []
  },
  "attributes": {
    "Vehicle condition": "Used vehicle, Accident-free",
    "Category": "Saloon",
    "Model range": "Baureihe M3 Lim. (G80)(2020->)",
    "Trim line": "Competition",
    "Vehicle Number": "5143",
    "Availability": "Available in 2 days after order",
    "Origin": "German edition",
    "Mileage": "37,000 km",
    "Cubic Capacity": "2,993 ccm",
    "Power": "375 kW (510 hp)",
    "Drive type": "Internal combustion engine",
    "Fuel": "Petrol",
    "CO₂ class": "Based on CO₂ emissions (combined)",
    "Number of Seats": "5",
    "Door Count": "4/5",
    "Transmission": "Automatic",
    "Emission Class": "Euro6d-TEMP",
    "Emissions Sticker": "4 (Green)",
    "First Registration": "09/2021",
    "Number of Vehicle Owners": "1",
    "HU": "New",
    "Climatisation": "Automatic climatisation, 2 zones",
    "Parking sensors": "Rear, Front",
    "Airbags": "Front and Side and More Airbags",
    "Colour (Manufacturer)": "ISLE OF MAN GRUEN METALLIC",
    "Colour": "Green Metallic",
    "Interior Design": "Full leather, Brown",
    "Weight": "1,805 kg",
    "Cylinders": "6",
    "Tank capacity": "59 l",
    "Energy consumption (comb.)": "-- l/100km",
    "CO₂ emissions (comb.)": "-- g/km"
  },
  "features": [
    "ABS",
    "Adaptive cornering lights",
    "Alarm system",
    "Alloy wheels",
    "Ambient lighting",
    "Android Auto",
    "Apple CarPlay",
    "Arm rest",
    "Blind spot assist",
    "Bluetooth",
    "Central locking",
    "Cruise control",
    "DAB radio",
    "Digital cockpit",
    "Distance warning system",
    "Dynamic chassis control",
    "Electric seat adjustment",
    "Electric side mirror",
    "Electric windows",
    "Emergency brake assist",
    "Emergency call system",
    "Emergency tyre repair kit",
    "ESP",
    "Folding exterior mirrors",
    "Full Service History",
    "Glare-free high beam headlights",
    "Hands-free kit",
    "Head-up display",
    "Heated seats",
    "High beam assist",
    "Immobilizer",
    "Isofix",
    "Keyless central locking",
    "Lane change assist",
    "Laser headlights",
    "Leather steering wheel",
    "LED running lights",
    "Light sensor",
    "Lumbar support",
    "Multifunction steering wheel",
    "Navigation system",
    "New service",
    "Non-smoker vehicle",
    "On-board computer",
    "Paddle shifters",
    "Power Steering",
    "Rain sensor",
    "Rear wheel drive",
    "Sound system",
    "Speed limit control system",
    "Sport seats",
    "Sports package",
    "Sports suspension",
    "Start-stop system",
    "Summer tyres",
    "Tinted windows",
    "Touchscreen",
    "Traction control",
    "Traffic sign recognition",
    "Tuner/radio",
    "Tyre pressure monitoring",
    "USB port",
    "Voice control",
    "Warranty",
    "Winter package",
    "Winter tyres"
  ]
},
{
  "title": "BMW M3 Limousine 480PS \"Parliamo Italiano!\"",
  "previewImage": "https://img.classistatic.de/api/v1/mo-prod/images/b6/b676699e-98d4-411d-8fcb-6df1748544da?rule=mo-1600.jpg",
  "category": "Limousine",
  "brand": "BMW",
  "model": "M3",
  "url": "https://suchen.mobile.de/fahrzeuge/details.html?id=394870311",
  "price.total.amount": 73590,
  "priceRating": {
    "rating": "Very good price",
    "priceRanges": {
      "Very good price": {
        "start": 67801,
        "end": 88100
      },
      "Good price": {
        "start": 88101,
        "end": 94900
      },
      "Fair price": {
        "start": 94901,
        "end": 105500
      },
      "Increased price": {
        "start": 105501,
        "end": 113300
      },
      "High price": {
        "start": 113301,
        "end": 125800
      }
    }
  },
  "description": "So gelangen Sie direkt zum Angebot: kopieren Sie einfach den folgenden Link in die Adresszeile: https://apmk.eu/mc/6527/1\nund stellen Sie sich mittels unseres bedienerfreundlichen Konfigurators Ihr Wunschfahrzeug zusammen.\n\nFür dieses Fahrzeug sind alle Motorisierungen und Ausstattungsvarianten verfügbar, welche der Hersteller anbietet. Des Weiteren kann es ganz nach Ihren Wünschen konfiguriert und bestellt werden.\n\nDie angegebenen Preise sind inkl. Überführung bis zu unserem Standort in 82407 Wielenbach. Eine Bezahlung erst bei Abholung bzw. Anlieferung (zum Selbstkostenpreis für maximal 500,- € innerhalb Deutschlands) ist möglich.\n\nBei dem hier angebotenen Fahrzeug handelt es sich um einen Neuwagen, der nach Ihren Wünschen produziert wird. Wenn Sie andere Sonderausstattungen, eine andere Farbe, andere Polster oder auch andere Felgen wünschen, dann besuchen Sie einfach unsere Homepage www.auto-per-mausklick.de und stellen sich Ihr Traumauto nach Belieben zusammen.\nFalls Sie noch etwaige Fragen oder Anregungen haben, melden Sie sich einfach unter der Telefonnummer 08158 / 904 21 35 oder schreiben Sie uns eine E-Mail an info@auto-per-mausklick.de. Das Team von EU-Neuwagen Knott kümmert sich schnellstmöglich um Ihre Angelegenheiten.\n\nIhre Vorteile bei einem Kauf eines Neufahrzeugs über EU-Neuwagen Knott:\nVolle Herstellergarantie\nOption der Garantieverlängerung\nUnschlagbare Einkaufspreise durch Großhandelskonditionen für alle Marken\nBezahlung erst bei Übergabe Ihres Fahrzeuges\nLieferung bis vor die Haustüre zum Selbstkostenpreis möglich innerhalb von Deutschland für maximal 500,- € auf Anfrage auch in weitere EU-Länder möglich\nMöglichkeit der Inzahlungnahme Ihres alten Autos durch unseren externen Partner\nVertrag nach deutschem Recht, keine Vermittlung\nFinanzierungs- und Leasingmöglichkeit über unsere Hausbank oder einen externen Partner (bzw. einer Leasinggesellschaft oder Finanzierungsbank Ihrer Wahl)\nVerfügbarkeit von über 15 Fahrzeugmarken\nLagerfahrzeuge auf Nachfrage, verfügbar über verschiedene Partnerhändler\nLangjährige Erfahrung (seit 2001) im EU-Neuwagenhandel und ausgezeichnet mit dem Fairnespreis 2018 \n\n\nHinweis:\nBilder dienen nur zur Illustration und können unter Umständen Sonderausstattungen aufweisen\nBei EU-Fahrzeugen kann die Serienausstattung vom deutschen Modell abweichen, die zugehörige Serienausstattung finden Sie nachfolgend oder auf unserer Homepage www.auto-per-mausklick.de\n\nHinweise zur aktuellen Corona-Krise:\nWir sind weiterhin per Mail und Telefon für Sie erreichbar!\nFahrzeugrabatte derzeit so hoch wie nie!!",
  "dealerDetails": {
    "id": 11813924,
    "name": "EU Neuwagen Knott GmbH",
    "sellerType": "Dealer",
    "phones": [
      "+49 (0)8158 925992194"
    ],
    "languages": [
      "Deutsch",
      "English",
      "Italiano",
      "Français",
      "Polski",
      "Română",
      "Magyar",
      "Español"
    ],
    "country": "DE",
    "address": "Ammerring 16, DE-82407 Wielenbach",
    "location": {
      "latitude": 47.8809958,
      "longitude": 11.1607451
    },
    "activeSince": "2014-06-25T00:00:00.000Z",
    "homepageUrl": "https://home.mobile.de/home/redirect.html?customerId=11813924",
    "iconUrl": "https://img.classistatic.de/api/v1/mo-prod/images/4e/4ef909b9-f45e-43e7-b119-214e4abf1862?rule=mo-640.jpg",
    "reviewPageUrl": "https://www.mobile.de/bewertungen/EUNEUWAGENKNOTT?lang=en",
    "score": {
      "total": 4.9,
      "responseTime": 4.9,
      "friendliness": 4.9,
      "advice": 4.9
    },
    "activeRatingCount": 138,
    "vehicleAsDescribedPercentage": 99,
    "recommendPercentage": 98,
    "soldVehicleCount": null,
    "reviews": []
  },
  "attributes": {
    "Vehicle condition": "New vehicle, Accident-free",
    "Category": "Saloon",
    "Trim line": "M3",
    "Availability": "Available in 9 months after order",
    "Origin": "EU edition",
    "Cubic Capacity": "2,993 ccm",
    "Power": "353 kW (480 hp)",
    "Drive type": "Internal combustion engine",
    "Fuel": "Petrol, E10-enabled",
    "CO₂ class": "Based on CO₂ emissions (combined)",
    "Fuel consumption": [
      "10.0 l/100km (combined)",
      "15.1 l/100km (city)",
      "9.9 l/100km (suburban)",
      "8.5 l/100km (country road)",
      "9.5 l/100km (motorway)"
    ],
    "Door Count": "4/5",
    "Transmission": "Manual gearbox",
    "Climatisation": "Automatic climatisation, 3 zones",
    "Parking sensors": "Front, Rear",
    "Airbags": "Front and Side Airbags",
    "Colour (Manufacturer)": "wählbar",
    "Energy consumption (comb.)": "10.0 l/100km",
    "CO₂ emissions (comb.)": "228 g/km"
  },
  "features": [
    "ABS",
    "Alarm system",
    "Alloy wheels",
    "Ambient lighting",
    "Arm rest",
    "Bluetooth",
    "Central locking",
    "DAB radio",
    "Electric seat adjustment",
    "Electric side mirror",
    "Electric windows",
    "Emergency call system",
    "ESP",
    "Hands-free kit",
    "Heated seats",
    "Immobilizer",
    "Isofix",
    "Lane change assist",
    "Leather steering wheel",
    "LED headlights",
    "LED running lights",
    "Multifunction steering wheel",
    "Navigation system",
    "Non-smoker vehicle",
    "On-board computer",
    "Power Steering",
    "Rain sensor",
    "Sound system",
    "Sport seats",
    "Sports package",
    "Start-stop system",
    "Summer tyres",
    "Touchscreen",
    "Tuner/radio",
    "Tyre pressure monitoring",
    "USB port",
    "Warranty"
  ]
},
{
  "title": "BMW M3 Competition *MACAO* Carbon-MDriver's-Laser",
  "previewImage": "https://img.classistatic.de/api/v1/mo-prod/images/3f/3f8170d6-78a4-4c06-bb81-e1f947a56bac?rule=mo-1600.jpg",
  "category": "Limousine",
  "brand": "BMW",
  "model": "M3",
  "url": "https://suchen.mobile.de/fahrzeuge/details.html?id=425278358",
  "price.total.amount": 72950,
  "priceRating": {
    "rating": "Fair price",
    "priceRanges": {
      "Very good price": {
        "start": 50001,
        "end": 65000
      },
      "Good price": {
        "start": 65001,
        "end": 70000
      },
      "Fair price": {
        "start": 70001,
        "end": 77800
      },
      "Increased price": {
        "start": 77801,
        "end": 83500
      },
      "High price": {
        "start": 83501,
        "end": 92800
      }
    }
  },
  "description": "BMW M3 Competition\n2-Vorbesitzer (1. BMW Vertragspartner) \nDeutsche Ausführung (kein Re Import)\nScheckheftgepflegt bei BMW \n12 Monate Gebrauchtwagengarantie\nBMW Individual-Sonderlackierung MACAO Blau Metallic\nM Driver´s Package\nParkassistent-Paket Plus\n360° Kamera\nExterieur-Paket M Carbon\nInterieur-Paket M Carbon\nBMW M 50 Jahre Embleme\nInnovations-Paket\nLaser Scheinwerfer\nKomfortzugang\nHarman-Kardon Sound-System\n19\" / 20\" LM Räder Doppelspeiche 826 M, Schwarz\nBMW Drive Recorder (Dashcam)\nBremsanlage: Compound - M Bremssystem (Bremssättel Schwarz)\nSonnenschutzverglasung (hinten abgedunkelt)\nSicherheitssystem Active Protection\nScheinwerfer BMW Individual Shadow-Line\nLenkrad heizbar\nHeckklappenbetätigung automatisch\nSicherheitsgurte M\nVerglasung Akustikglas\nAblage-Paket\nAdaptives Fahrwerk M-Technic\nAirbag Beifahrerseite abschaltbar\nAirbag Fahrer-/Beifahrerseite\nAktives M Differential\nAmbiente-Beleuchtung\nAusstattungs-Paket: Connected Professional\nAußenausstattung: Shadow-Line Hochglanz\nAußenausstattung: Shadow-Line Hochglanz (erweiterter Umfang)\nAußenspiegel elektr. verstell- und heizbar\nBedienelemente galvanisiert\nBlinkleuchte in Außenspiegel integriert\nBMW Live Cockpit Professional\nDAB-Tuner (Radioempfang digital)\nDachhimmel Anthrazit (BMW Individual)\nDiebstahlsicherung für Räder (Felgenschlösser)\nDurchladeeinrichtung (Mittelarmlehne hinten)\nDynamische Stabilitäts-Control (DSC) mit erweiterter Umfang\nErste Hilfe-Kasten / Verbandkasten\nFahrassistenz-System: Active Guard (Bremsassistent)\nFahrassistenz-System: Aufmerksamkeits-Assistent\nFreisprecheinrichtung Bluetooth mit USB-/Audio-Schnittstelle\nFußmatten Velours\nGepäckraumbeleuchtung\nGetriebe Automatik - mit Steptronic und Drivelogic (8-Stufen)\nGetränkehalter\nInduktionsladeschale für Smartphone (Wireless Charging)\nInnenspiegel mit Abblendautomatik\nInstrumentenkombination (erweiterter Umfang)\nIsofix-Aufnahmen für Kindersitz an Rücksitz\nKlimaautomatik 3-Zonen mit autom. Umluft-Control\nKnieairbag Fahrerseite\nKopf-Airbag-System hinten\nKopf-Airbag-System vorn\nKopfstützen hinten klappbar\nLeichtbaudach (kohlefaserverstärkter Kunststoff, CFK)\nLenksäule (Lenkrad) elektr. verstellbar\nLenksäule (Lenkrad) mechan. verstellbar\nNebelschlussleuchte(n)\nOtto-Partikelfilter (OPF)\nPark-Distance-Control (PDC) vorn und hinten\nReifendruck-Kontrollsystem\nSchadstoffarm nach Abgasnorm Euro 6d\nSchaltpunktanzeige\nScheinwerfer LED\nSeitenairbag vorn\nService-System: Intelligenter Notruf inkl. TeleServices\nSitze vorn elektr. verstellbar (mit Memory)\nSpiegel-Paket\nSportdifferential\nSportsitze vorn (M-Technic)\nStart/Stop-Anlage (Funktion)\nSteckdose (12V-Anschluß) in Mittelkonsole vorn\n\n\n\n\n\nFür eine Besichtigung oder Probefahrt bitten wir Sie um vorherige Terminvereinbarung telefonisch oder per E-Mail\n\nTel: +49 (0) 7051 - 968 66 95\nMail: info@autohaus-haybat.deTipp: weitere junge Gebrauchtwagen unter www.autohaus-haybat.deInzahlungnahme und Finanzierung möglich!Bitte beachten Sie, dass auf Bildern aufgrund der Lichtverhältnisse Reflektionen und Farbunterschiede entstehen könnenÄnderungen, Irrtümer und Tippfehler in der Fahrzeugbeschreibung vorbehalten!",
  "dealerDetails": {
    "id": 466611,
    "name": "Autohaus Haybat",
    "sellerType": "Dealer",
    "phones": [
      "+49 (0)7051 809992856"
    ],
    "languages": [
      "Deutsch",
      "English"
    ],
    "country": "DE",
    "address": "Gottlob-Bauknecht-Straße 2-4, DE-75365 Calw",
    "location": {
      "latitude": 48.7062847,
      "longitude": 8.763537699999999
    },
    "activeSince": "2003-09-22T00:00:00.000Z",
    "homepageUrl": "https://home.mobile.de/home/redirect.html?customerId=466611",
    "iconUrl": "https://img.classistatic.de/api/v1/mo-prod/images/08/087d7e9f-90bd-46dd-882e-d49debac3b48?rule=mo-640.jpg",
    "reviewPageUrl": "https://www.mobile.de/bewertungen/HAYBAT-AUTOMOBILE?lang=en",
    "score": {
      "total": 4.7,
      "responseTime": 4.7,
      "friendliness": 4.8,
      "advice": 4.7
    },
    "activeRatingCount": 89,
    "vehicleAsDescribedPercentage": 98,
    "recommendPercentage": 95,
    "soldVehicleCount": null,
    "reviews": []
  },
  "attributes": {
    "Vehicle condition": "Used vehicle",
    "Category": "Saloon",
    "Model range": "Baureihe M3 Lim. (G80)(2020->)",
    "Trim line": "Competition",
    "Vehicle Number": "B70699",
    "Origin": "German edition",
    "Mileage": "58,500 km",
    "Cubic Capacity": "2,993 ccm",
    "Power": "375 kW (510 hp)",
    "Drive type": "Internal combustion engine",
    "Fuel": "Petrol",
    "Number of Seats": "5",
    "Door Count": "4/5",
    "Transmission": "Automatic",
    "Emission Class": "Euro6d-TEMP",
    "Emissions Sticker": "4 (Green)",
    "First Registration": "06/2022",
    "Number of Vehicle Owners": "2",
    "HU": "New",
    "Climatisation": "Automatic climatisation, 3 zones",
    "Parking sensors": "Front, 360° camera, Rear",
    "Airbags": "Front and Side and More Airbags",
    "Colour (Manufacturer)": "MACAOBLAU Individual",
    "Colour": "Blue Metallic",
    "Interior Design": "Full leather, Black",
    "Weight": "1,805 kg",
    "Date of last service (date)": "09/2024",
    "Cylinders": "6",
    "Tank capacity": "59 l"
  },
  "features": [
    "ABS",
    "Alarm system",
    "Alloy wheels",
    "Ambient lighting",
    "Android Auto",
    "Apple CarPlay",
    "Arm rest",
    "Autom. dimming interior mirror",
    "Blind spot assist",
    "Bluetooth",
    "Central locking",
    "Cruise control",
    "DAB radio",
    "Digital cockpit",
    "Distance warning system",
    "Dynamic chassis control",
    "Electric seat adjustment",
    "Electric side mirror",
    "Electric tailgate",
    "Electric windows",
    "Eletric seat adjustment with memory function",
    "Emergency brake assist",
    "Emergency call system",
    "Emergency tyre repair kit",
    "ESP",
    "Folding exterior mirrors",
    "Full Service History",
    "Glare-free high beam headlights",
    "Hands-free kit",
    "Head-up display",
    "Heated rear seats",
    "Heated seats",
    "Heated steering wheel",
    "High beam assist",
    "Hill-start assist",
    "Immobilizer",
    "Induction charging for smartphones",
    "Integrated music streaming",
    "Isofix",
    "Keyless central locking",
    "Lane change assist",
    "Laser headlights",
    "Leather steering wheel",
    "LED running lights",
    "Light sensor",
    "Lumbar support",
    "Multifunction steering wheel",
    "Navigation system",
    "Non-smoker vehicle",
    "On-board computer",
    "Paddle shifters",
    "Power Steering",
    "Rain sensor",
    "Rear traffic alert",
    "Rear wheel drive",
    "Sound system",
    "Speed limit control system",
    "Sport seats",
    "Sports package",
    "Sports suspension",
    "Start-stop system",
    "Summer tyres",
    "Tinted windows",
    "Touchscreen",
    "Traction control",
    "Traffic sign recognition",
    "Tuner/radio",
    "Tyre pressure monitoring",
    "USB port",
    "Voice control",
    "Warranty",
    "WLAN / Wi-Fi hotspot"
  ]
},
{
  "title": "BMW M3 Competition Carbon Paket PLUS Laser Head up",
  "previewImage": "https://img.classistatic.de/api/v1/mo-prod/images/be/be324806-6f5c-4af7-9e31-dd94e20eac55?rule=mo-1600.jpg",
  "category": "Limousine",
  "brand": "BMW",
  "model": "M3",
  "url": "https://suchen.mobile.de/fahrzeuge/details.html?id=433737309",
  "price.total.amount": 73890,
  "priceRating": {
    "rating": "Fair price",
    "priceRanges": {
      "Very good price": {
        "start": 51801,
        "end": 67300
      },
      "Good price": {
        "start": 67301,
        "end": 72500
      },
      "Fair price": {
        "start": 72501,
        "end": 80700
      },
      "Increased price": {
        "start": 80701,
        "end": 86600
      },
      "High price": {
        "start": 86601,
        "end": 96200
      }
    }
  },
  "description": "BMW M3 Competition.\nMotor 3,0 Ltr. - 375 kW 24V\nTwinTurbo KAT (S58).\nGetriebe Automatik - mit Steptronic-\nund Drivelogic (8-Stufen).\nAbgasnorm Euro 6d.\nKarosserie: 4-türig.\nFahrzeug Nr: 299\nHistorie:\n\nDeutsches Fahrzeug.\nDeutsche Erstzulassung.\n1. Hand.\nUnfallfrei.\nNichtraucher Fahrzeug.\nLückenloses Scheckheft bei BMW.\nService / Inspektion NEU.\nTüv / HU NEU.\nM-Sport Paket Highlights:\n\nM-Sport Paket PLUS.\nM-Sport Competition.\nM-Sport Carbon Paket PLUS.\nM-Sport Carbon Interieur.\nM-Sport Carbon Exterieur.\nM-Sport Fahrwerk Adaptive.\nM-Sport Lenkung.\nM-Sport Leder Lenkrad.\nM-Sport Schaltwippen.\nM-Sport Schallensitze.\nM-Sport Bremsanlage gelocht.\nM-Sport Bremssattel lackiert.\nM-Sport Felgen 20 Zoll.\nM-Sport BMW M 50 Jahre Embleme.\nM-Sport Aktives M Differential.\nM-Sport Drive (Fahrprofilauswahl).\nM-Sport Drive Professional (Fahrprofilauswahl).\n\nScheinwerfer BMW -\nIndividual Shadow-Line.\nDachhimmel Anthrazit -\n(BMW Individual).\nAußenausstattung: -\nShadow-Line Hochglanz -\n(erweiterter Umfang).\nBMW Individuallackierung -\nDravit-Grau Metallic.\nInnenausstattung: -\nInterieurleisten Carbon.\n\nFahrassistenz-Systeme:\n\nDriving Assistant Professional.\nParkassistent-Paket Plus.\nScheinwerfer LED.\nActive Guard (Bremsassistent).\nAufmerksamkeits-Assistent.\nDynamische Stabilitäts-Control (DSC) -\nmit erweiterter Umfang.\nPark-Distance-Control (PDC) vorn + hinten.\nParkbremse elektrisch.\nStart-Stop-Knopf,\nStart/Stop-Anlage (Funktion).\nService-System: Intelligenter -\nNotruf inkl. TeleServices.\n\n\n\n\n\nBereifung:\n\nLM-Felgen vorn/hinten:\n9,5x19 / 10,5x20 Zoll.\nDoppelspeiche 826 M, Schwarz.\nSommerreifen.\n\n\n\nSonderausstattung:\n\nScheinwerfer LED.\nInnovations-Paket.\nLenkrad heizbar.\nAblage-Paket.\nSitzbezug / Polsterung: -\nVoll-Leder Merino.\nBicolor.\nSonnenschutzverglasung -\n(hinten abgedunkelt).\nSound-System Harman-Kardon.\nAmbiente-Beleuchtung.\nAusstattungs-Paket: Connected Professional.\nInduktionsladeschale für -\nSmartphone (Wireless Charging).\nSitze elektr. verstellbar mit Memory.\nHeckklappenbetätigung automatisch.\n\n\n\nWeitere Ausstattung:\n\nAirbag Beifahrerseite abschaltbar.\nAirbag Fahrer-/Beifahrerseite.\nAußenspiegel elektr. verstell- und heizbar.\nBedienelemente galvanisiert.\nBlinkleuchte in Außenspiegel integriert.\nBMW Live Cockpit Professional.\nBordcomputer.\nDAB-Tuner (Radioempfang digital).\nDiebstahlsicherung für Räder (Felgenschlösser).\nDurchladeeinrichtung (Mittelarmlehne hinten).\nErste Hilfe-Kasten / Verbandkasten.\nFreisprecheinrichtung Bluetooth -\nmit USB-/Audio-Schnittstelle.\nFußmatten Velours.\nGepäckraumbeleuchtung.\nGetränkehalter.\nHeckleuchten LED.\nInnenspiegel mit Abblendautomatik.\nInstrumentenkombination (erweiterter Umfang).\nIsofix-Aufnahmen für Kindersitz an Rücksitz.\nKennzeichenbeleuchtung LED.\nKlimaautomatik 3-Zonen mit autom. Umluft-Control.\nKnieairbag Fahrerseite.\nKopf-Airbag-System hinten.\nKopf-Airbag-System vorn.\nKopfstützen hinten klappbar.\nLeichtbaudach (kohlefaserverstärkter Kunststoff-CFK.\nLenksäule (Lenkrad) elektr. verstellbar.\nLenksäule (Lenkrad) mechan. verstellbar.\nLeuchtweitenregelung.\nMultifunktion für Lenkrad.\nNebelschlussleuchte(n).\nOtto-Partikelfilter (OPF).\nReifendruck-Kontrollsystem.\nReifenpannen-Anzeige.\nSSchaltpunktanzeige.\nSeitenairbag vorn.\nSpiegel-Paket.\nSteckdose (12V-Anschluß) in Mittelkonsole vorn.\nWarndreieck.\nWärme-/Sonnenschutzverglasung.\nWärme-/Sonnenschutzverglasung -\nkombiniert (hinten abgedunkelt).\n\n\nBei weiteren Fragen kontaktieren Sie uns gerne telefonisch und vereinbaren Sie gleich ein Besichtigungstermin verbunden mit einer Probefahrt.\n\nIhr Ansprechpartner:\n\nPierre Bouillon\ninfo@heide-automobile.de\nTel.: 0174-9891460\n\n\n\nHEIDE AUTOMOBILE\n\n\n\nAnkauf / Inzahlungnahme aller Fabrikate.\n\nFinanzierung ohne Anzahlung bis zu 96 Monaten.\n\nGarantie bis zu 36 Monaten.\n\nHaustür-Lieferung bundesweit.\n\nUnterstützung bei Formalitäten und Dokumenten.\n\nVertrauenscheck beim TÜV gegen Aufpreis.\n\n\n\nAlle Fahrzeuge sind von einer Fachwerkstatt geprüft. Unsere Experten untersuchen die Fahrzeuge gründlich und setzen sie gegebenenfalls instand. Wir bieten die Möglichkeit das gewünschte Fahrzeug von einer Vertragswerkstatt oder von einer freien Werkstatt Ihrer Wahl in unsere Nähe prüfen zu lassen. Besichtigungen sind nach Absprache auch an Sonn- und Feiertagen und nach Geschäftsschluss möglich!\n\nIrrtümer, Änderungen und zwischenzeitlicher Verkauf vorbehalten!\n\nBesuchen Sie uns gerne auf unserer Webseite.\nwww.heide-automobile.de",
  "dealerDetails": {
    "id": 16235892,
    "name": "Heide Automobile",
    "sellerType": "Dealer",
    "phones": [
      "+49 (0)481 1237988344"
    ],
    "messengers": {
      "WHATS_APP": "+49 (0)174 9891460"
    },
    "languages": [
      "Deutsch",
      "English"
    ],
    "country": "DE",
    "address": "Hamburger Straße 93, DE-25746 Heide",
    "location": {
      "latitude": 54.1971743,
      "longitude": 9.1115461
    },
    "activeSince": "2017-04-28T00:00:00.000Z",
    "homepageUrl": "https://home.mobile.de/home/redirect.html?customerId=16235892",
    "iconUrl": "https://img.classistatic.de/api/v1/mo-prod/images/d4/d429f3c3-19cd-471a-ad79-30289d9b31f4?rule=mo-640.jpg",
    "reviewPageUrl": "https://www.mobile.de/bewertungen/HEIDERAUTOMOBILE?lang=en",
    "score": {
      "total": 4.9,
      "responseTime": 4.9,
      "friendliness": 4.9,
      "advice": 4.9
    },
    "activeRatingCount": 236,
    "vehicleAsDescribedPercentage": 98,
    "recommendPercentage": 99,
    "soldVehicleCount": null,
    "reviews": []
  },
  "attributes": {
    "Vehicle condition": "Used vehicle, Accident-free",
    "Category": "Saloon",
    "Model range": "Baureihe M3 Lim. (G80)(2020->) M3 Competition Carbon P…",
    "Trim line": "Competition M3 Competition Carbon Paket PLUS Laser Hea…",
    "Vehicle Number": "299",
    "Origin": "German edition",
    "Mileage": "49,999 km",
    "Cubic Capacity": "2,993 ccm",
    "Power": "375 kW (510 hp)",
    "Drive type": "Internal combustion engine",
    "Fuel": "Petrol, E10-enabled",
    "Number of Seats": "5",
    "Door Count": "4/5",
    "Transmission": "Automatic",
    "Emission Class": "Euro6d",
    "Emissions Sticker": "4 (Green)",
    "First Registration": "12/2022",
    "Number of Vehicle Owners": "1",
    "HU": "New",
    "Climatisation": "Automatic climatisation, 3 zones",
    "Parking sensors": "Self-steering systems, Rear, 360° camera, Front",
    "Airbags": "Front and Side and More Airbags",
    "Colour (Manufacturer)": "DRAVITGRAU",
    "Colour": "Grey Metallic",
    "Interior Design": "Full leather, Black",
    "Weight": "1,805 kg",
    "Cylinders": "6",
    "Tank capacity": "59 l"
  },
  "features": [
    "ABS",
    "Adaptive cornering lights",
    "Adaptive Cruise Control",
    "Alarm system",
    "Alloy wheels",
    "Ambient lighting",
    "Android Auto",
    "Apple CarPlay",
    "Arm rest",
    "Autom. dimming interior mirror",
    "Blind spot assist",
    "Bluetooth",
    "Cargo barrier",
    "Central locking",
    "DAB radio",
    "Digital cockpit",
    "Distance warning system",
    "Dynamic chassis control",
    "Electric seat adjustment",
    "Electric side mirror",
    "Electric tailgate",
    "Electric windows",
    "Eletric seat adjustment with memory function",
    "Emergency brake assist",
    "Emergency call system",
    "Emergency tyre repair kit",
    "ESP",
    "Fatigue warning system",
    "Folding exterior mirrors",
    "Full Service History",
    "Glare-free high beam headlights",
    "Hands-free kit",
    "Head-up display",
    "Heated rear seats",
    "Heated seats",
    "Heated steering wheel",
    "High beam assist",
    "Hill-start assist",
    "Immobilizer",
    "Induction charging for smartphones",
    "Integrated music streaming",
    "Isofix",
    "Keyless central locking",
    "Lane change assist",
    "Laser headlights",
    "Leather steering wheel",
    "LED running lights",
    "Light sensor",
    "Lumbar support",
    "Multifunction steering wheel",
    "Navigation system",
    "New service",
    "Non-smoker vehicle",
    "On-board computer",
    "Paddle shifters",
    "Particulate filter",
    "Power Steering",
    "Rain sensor",
    "Rear wheel drive",
    "Sound system",
    "Speed limit control system",
    "Sport seats",
    "Sports package",
    "Sports suspension",
    "Start-stop system",
    "Summer tyres",
    "Tinted windows",
    "Touchscreen",
    "Traction control",
    "Traffic sign recognition",
    "Tuner/radio",
    "Tyre pressure monitoring",
    "USB port",
    "Voice control",
    "Warranty",
    "WLAN / Wi-Fi hotspot"
  ]
},
{
  "title": "BMW M3 H&K/Laser/el.Sitze/ACC/M Drivers Package H&K/",
  "previewImage": "https://img.classistatic.de/api/v1/mo-prod/images/b6/b65f1574-c3e1-413b-a895-991053ceac35?rule=mo-1600.jpg",
  "category": "Limousine",
  "brand": "BMW",
  "model": "M3",
  "url": "https://suchen.mobile.de/fahrzeuge/details.html?id=410608503",
  "price.total.amount": 73280,
  "priceRating": {
    "rating": "Very good price",
    "priceRanges": {
      "Very good price": {
        "start": 60601,
        "end": 78800
      },
      "Good price": {
        "start": 78801,
        "end": 84900
      },
      "Fair price": {
        "start": 84901,
        "end": 94400
      },
      "Increased price": {
        "start": 94401,
        "end": 101300
      },
      "High price": {
        "start": 101301,
        "end": 112600
      }
    }
  },
  "description": "Fahrzeugnummer: 195560\n\nUnsere Datenschutzhinweise finden Sie unter http://www.rhein-bodensee.de/datenschutz.html HIGHLIGHTS & PAKETE\nBMW Live Cockpit Professional\nInnovationspaket\nHochglanz Shadow-Line\nAblagenpaket\n\nASSISTENZSYSTEME\nDriving Assistant\nParkassistenzsystem\nGeschwindigkeitsregelung mit Bremsfunkt.\n\nMOTOR GETRIEBE & FAHRWERK\nAdaptives M Fahrwerk\nKomfortzugang\n\nAUDIO & KOMMUNIKATION\nConnected Package Professional\nHarman/Kardon Surround Sound System\nDAB-Tuner\n\nINTERIEUR\nIndividual Hochglanz Shadow-Line\nDachhimmel anthrazit\nSitzverstellung elektrisch mit Memory\nKlimaautomatik\nM Sicherheitsgurte\nSitzheizung Fahrer/Beifahrer\nLenkradheizung\nInterieurleisten Carbon Fibre\nInnenspiegel automatisch abblendend\nKopfstützen im Fond klappbar\nDeaktivierung Airbag Beifahrer\n\nLICHT & SICHT\nBMW Laserlicht\nFernlichtassistent\n\nRÄDER\nReifendruckanzeige\n\nTECHNIK & SICHERHEIT\nKilometertacho\nInnen-/Aussensp. mit Abblendautomatik\nAlarmanlage\nAutomatische Heckklappenbetätigung\n\nEXTERIEUR\nAbgedunkelte Verglasung \nWir besorgen Ihnen Ihren WUNSCHGEBRAUCHTWAGEN! Über 1900 Fzg. sofort ab Lager verfügbar. Zugriff auf über 3000 Dienstwagen der BMW AG. Unser Verkaufsteam freut sich auf Ihren Anruf. -Irrtum und Zwischenverkauf vorbehalten-",
  "dealerDetails": {
    "id": 4362458,
    "name": "BMW Autohaus Rhein Bodensee",
    "sellerType": "Dealer",
    "phones": [
      "+49 (0)7541 3973900",
      "+49 7541 386062"
    ],
    "languages": [
      "Deutsch",
      "English",
      "Italiano",
      "Türkçe"
    ],
    "country": "DE",
    "address": "Otto-Lilienthal-Str. 25 ( Am Flughafen ), DE-88046 Friedrichshafen",
    "location": {
      "latitude": 47.666819824665524,
      "longitude": 9.507300987083664
    },
    "activeSince": "2010-07-21T00:00:00.000Z",
    "homepageUrl": "https://home.mobile.de/home/redirect.html?customerId=4362458",
    "iconUrl": null,
    "reviewPageUrl": "https://www.mobile.de/bewertungen/BMWAUTOHAUSRHEINBODENSEE?lang=en",
    "score": {
      "total": 4.5,
      "responseTime": 4.7,
      "friendliness": 4.5,
      "advice": 4.2
    },
    "activeRatingCount": 28,
    "vehicleAsDescribedPercentage": 95,
    "recommendPercentage": 100,
    "soldVehicleCount": null,
    "reviews": []
  },
  "attributes": {
    "Vehicle condition": "Used vehicle",
    "Category": "Saloon",
    "Model range": "G81",
    "Trim line": "M-Drivers-Package",
    "Vehicle Number": "195560",
    "Availability": "Now",
    "Origin": "German edition",
    "Mileage": "11,400 km",
    "Cubic Capacity": "2,993 ccm",
    "Power": "353 kW (480 hp)",
    "Drive type": "Internal combustion engine",
    "Fuel": "Petrol, E10-enabled",
    "Number of Seats": "5",
    "Door Count": "4/5",
    "Transmission": "Manual gearbox",
    "Emission Class": "Euro6d",
    "Emissions Sticker": "4 (Green)",
    "First Registration": "11/2023",
    "Number of Vehicle Owners": "1",
    "Climatisation": "Automatic climatisation, 2 zones",
    "Parking sensors": "Self-steering systems, Rear, Camera, Front",
    "Airbags": "Front and Side and More Airbags",
    "Colour (Manufacturer)": "M Brooklyn Grau",
    "Colour": "Grey Metallic",
    "Interior Design": "Full leather, Other"
  },
  "features": [
    "ABS",
    "Adaptive cornering lights",
    "Alarm system",
    "Alloy wheels",
    "Ambient lighting",
    "Android Auto",
    "Apple CarPlay",
    "Arm rest",
    "Autom. dimming interior mirror",
    "Blind spot assist",
    "Central locking",
    "Cruise control",
    "DAB radio",
    "Daytime running lights",
    "Digital cockpit",
    "Distance warning system",
    "Electric seat adjustment",
    "Electric side mirror",
    "Electric tailgate",
    "Electric windows",
    "Emergency call system",
    "ESP",
    "Fatigue warning system",
    "Folding exterior mirrors",
    "Full Service History",
    "Glare-free high beam headlights",
    "Hands-free kit",
    "Head-up display",
    "Heated seats",
    "Heated steering wheel",
    "High beam assist",
    "Hill-start assist",
    "Immobilizer",
    "Induction charging for smartphones",
    "Integrated music streaming",
    "Isofix",
    "Keyless central locking",
    "Lane change assist",
    "Laser headlights",
    "Leather steering wheel",
    "Light sensor",
    "Multifunction steering wheel",
    "Navigation system",
    "Non-smoker vehicle",
    "On-board computer",
    "Paddle shifters",
    "Power Steering",
    "Rain sensor",
    "Sound system",
    "Sport seats",
    "Sports package",
    "Sports suspension",
    "Start-stop system",
    "Tinted windows",
    "Touchscreen",
    "Traction control",
    "Traffic sign recognition",
    "Tuner/radio",
    "Tyre pressure monitoring",
    "USB port",
    "Voice control",
    "Warranty"
  ]
},
{
  "title": "BMW M3 Competition HuD 360° Laser H&K Carbon",
  "previewImage": "https://img.classistatic.de/api/v1/mo-prod/images/d1/d14f925a-88b4-4947-a9f6-a1af7c30fd45?rule=mo-1600.jpg",
  "category": "Limousine",
  "brand": "BMW",
  "model": "M3",
  "url": "https://suchen.mobile.de/fahrzeuge/details.html?id=424686161",
  "price.total.amount": 71850,
  "priceRating": {
    "rating": "Fair price",
    "priceRanges": {
      "Very good price": {
        "start": 50201,
        "end": 65200
      },
      "Good price": {
        "start": 65201,
        "end": 70300
      },
      "Fair price": {
        "start": 70301,
        "end": 78200
      },
      "Increased price": {
        "start": 78201,
        "end": 83900
      },
      "High price": {
        "start": 83901,
        "end": 93200
      }
    }
  },
  "description": "Weitere Fotos, Details und Top Angebote finden Sie unter www.autoinsel-duisburg.de .\nDeutsches Fahrzeug ! \nLückenlos Scheckheftgepflegt bei BMW \n3. Hand \nWheelForce Alufelgen 285/30ZR20 und 295/25ZR21 mit Sommerreifen von Continental (NEU/Eingetragen) \nKW Gewindefedern (NEU/Eingetragen) \nDas Fahrzeug hat eine Garantie bis Mai 2027 \n\nSonderausstattung \nInnovations-Paket\n◦ Scheinwerfer Laserlicht\n◦ Fahrassistenz-System: Fernlichtassistent\n◦ Head-up-Display\n◦ Komfortzugang (Öffnungs- und Schließsystem)\n◦ Fahrassistenz-System: Driving Assistant\n◦ Fahrassistenz-System: Spurwechselassistent\n◦ Fahrassistenz-System: Frontkollisionswarnung\n◦ Fahrassistenz-System: Heckaufprall-Vermeidung (Prävention Heckkollision)\n◦ Fahrassistenz-System: Querverkehrs-Assistent\n◦ Fahrassistenz-System: Spurwechsel-Warnsystem\nLM-Felgen vorn/hinten: 9,5x19 / 10,5x20 (Doppelspeiche 826 M, Schwarz)\nBMW Individuallackierung Dravit-Grau Metallic\nParkassistent-Paket Plus\n◦ Service-System: Remote 3D View\n◦ Rückfahrkamera (Top View)\n◦ Surround-Kamerasystem (Surround View)\n◦ Fahrassistenz-System: Rückfahr-Assistent\nSound-System Harman-Kardon\nSonnenschutzverglasung (hinten abgedunkelt)\nInnenausstattung: Interieurleisten Aluminium Tetragon\nScheinwerfer BMW Individual Shadow-Line\nBremsanlage: Compound - M Bremssystem (Bremssättel Rot)\nSerienausstattung \nAblage-Paket\nAdaptives Fahrwerk M-Technic\nAirbag Beifahrerseite abschaltbar\nAirbag Fahrer-/Beifahrerseite\nAktives M Differential\nAlarmanlage\nAmbiente-Beleuchtung\nAnti-Blockier-System (ABS)\nAusstattungs-Paket: Connected Professional\nAußenausstattung: Shadow-Line Hochglanz\nAußenausstattung: Shadow-Line Hochglanz (erweiterter Umfang)\nAußenspiegel elektr. verstell- und heizbar\nBedienelemente galvanisiert\nBlinkleuchte in Außenspiegel integriert\nBMW Live Cockpit Professional\nBordcomputer\nCompetition\nDAB-Tuner (Radioempfang digital)\nDachhimmel Anthrazit (BMW Individual)\nDiebstahl-Warnanlage\nDiebstahlsicherung für Räder (Felgenschlösser)\nDurchladeeinrichtung (Mittelarmlehne hinten)\nDynamische Stabilitäts-Control (DSC) mit erweiterter Umfang\nErste Hilfe-Kasten / Verbandkasten\nFahrassistenz-System: Active Guard (Bremsassistent)\nFahrassistenz-System: Aufmerksamkeits-Assistent\nFensterheber elektrisch\nFreisprecheinrichtung Bluetooth mit USB-/Audio-Schnittstelle\nFußmatten Velours\nGepäckraumbeleuchtung\nGeschwindigkeits-Begrenzeranlage (Speed Limit Device)\nGeschwindigkeits-Regelanlage mit Bremsfunktion\nGetriebe Automatik - mit Steptronic und Drivelogic (8-Stufen)\nGetränkehalter\nHeckleuchten LED\nInnenspiegel mit Abblendautomatik\nInstrumentenkombination (erweiterter Umfang)\nIsofix-Aufnahmen für Kindersitz an Rücksitz\nKarosserie: 4-türig\nKennzeichenbeleuchtung LED\nKlimaautomatik 3-Zonen mit autom. Umluft-Control\nKnieairbag Fahrerseite\nKopf-Airbag-System hinten\nKopf-Airbag-System vorn\nKopfstützen hinten klappbar\nLeichtbaudach (kohlefaserverstärkter Kunststoff, CFK)\nLenkrad (Leder) mit Multifunktion M-Technic\nLenksäule (Lenkrad) elektr. verstellbar\nLenksäule (Lenkrad) mechan. verstellbar\nLeuchtweitenregelung\nM Drive (Fahrprofilauswahl)\nM Drive Professional (Fahrprofilauswahl)\nMotor 3,0 Ltr. - 375 kW 24V TwinTurbo KAT (S58)\nMultifunktion für Lenkrad\nNebelschlussleuchte(n)\nOtto-Partikelfilter (OPF)\nPark-Distance-Control (PDC) vorn und hinten\nParkbremse elektrisch\nReifendruck-Kontrollsystem\nReifenpannen-Anzeige\nSchadstoffarm nach Abgasnorm Euro 6d\nSchaltpunktanzeige\nScheibenwischer mit Regensensor\nScheinwerfer LED\nSeitenairbag vorn\nService-System: Intelligenter Notruf inkl. TeleServices\nSitzbezug / Polsterung: Leder Merino (erweiterter Umfang)\nSitze vorn elektr. verstellbar (mit Memory)\nSitzheizung vorn\nSpiegel-Paket\nSportdifferential\nSportsitze vorn (M-Technic)\nStart-Stop-Knopf\nStart/Stop-Anlage (Funktion)\nSteckdose (12V-Anschluß) in Mittelkonsole vorn\nWarndreieck\nWegfahrsperre\nWärme-/Sonnenschutzverglasung\nWärme-/Sonnenschutzverglasung kombiniert (hinten abgedunkelt)\nZentralverriegelung mit Fernbedienung\n\nGarantie:\nWir bieten unser Fahrzeug gegen Aufpreis mit einer 12 Monate gültigen Gebrauchtfahrzeug Garantie an.\n\nFinanzierung:\nWir bieten Finanzierungen ab 3,99%- auch ohne Anzahlung (Feste Finanzierungsrate ).\n\nGerne auch faire Inzahlungnahme Ihres Fahrzeuges.\nBei Fragen ist unser Verkaufspersonal gerne behilflich. Fahrzeugbesichtigung jederzeit nach Terminvereinbarung möglich.\n\nAutoinsel-Duisburg\nBergheimer Str. 115\n47228 Duisburg\nTel.: 02065/6894644\nFax: 02065/6894645\n\nIrrtümer/Tippfehler\nund Zwischenverkauf vorbehalten\n\nWeitere Bilder erhalten Sie auf unserer Homepage www.autoinsel-duisburg.de ** .",
  "dealerDetails": {
    "id": 17862666,
    "name": "Autoinsel-Duisburg",
    "sellerType": "Dealer",
    "phones": [
      "+49 (0)2065 988503013"
    ],
    "languages": [
      "Deutsch",
      "English"
    ],
    "country": "DE",
    "address": "Bergheimer Straße 115, DE-47228 Duisburg",
    "location": {
      "latitude": 51.4173991,
      "longitude": 6.6962081
    },
    "activeSince": "2018-03-02T00:00:00.000Z",
    "homepageUrl": "https://home.mobile.de/home/redirect.html?customerId=17862666",
    "iconUrl": "https://img.classistatic.de/api/v1/mo-prod/images/15/15ee8519-b373-4a7a-b31e-ce2d696966b4?rule=mo-640.jpg",
    "reviewPageUrl": "https://www.mobile.de/bewertungen/AUTOINSEL-MUELHEIM?lang=en",
    "score": {
      "total": 4.1,
      "responseTime": 4.6,
      "friendliness": 4.1,
      "advice": 3.6
    },
    "activeRatingCount": 8,
    "vehicleAsDescribedPercentage": 75,
    "recommendPercentage": 71,
    "soldVehicleCount": null,
    "reviews": []
  },
  "attributes": {
    "Vehicle condition": "Used vehicle",
    "Category": "Saloon",
    "Model range": "G80",
    "Trim line": "M3 Competion",
    "Vehicle Number": "1900",
    "Origin": "German edition",
    "Mileage": "57,000 km",
    "Cubic Capacity": "2,993 ccm",
    "Power": "375 kW (510 hp)",
    "Drive type": "Internal combustion engine",
    "Fuel": "Petrol, E10-enabled",
    "CO₂ class": "Based on CO₂ emissions (combined)",
    "Fuel consumption": [
      "1.0 l/100km (combined)"
    ],
    "Energy costs for 15,000 km annual mileage": "€278/Year",
    "Fuel price": "€1.85/l (annual average 2025)",
    "Possible CO₂ costs over the next 10 years (15,000 km/year)": [
      "€3,855 (assuming an average CO₂ price of €115/t)",
      "€1,844 (assuming a low average CO₂ price of €55/t)",
      "€6,370 (assuming a high average CO₂ price of €190/t)"
    ],
    "Vehicle tax": "€434/Year",
    "Number of Seats": "5",
    "Door Count": "4/5",
    "Transmission": "Automatic",
    "Emission Class": "Euro6d",
    "Emissions Sticker": "4 (Green)",
    "First Registration": "08/2021",
    "Number of Vehicle Owners": "3",
    "HU": "New",
    "Climatisation": "Automatic air conditioning",
    "Parking sensors": "Rear, 360° camera, Front",
    "Airbags": "Front and Side and More Airbags",
    "Colour (Manufacturer)": "DRAVITGRAU",
    "Colour": "Grey Metallic",
    "Interior Design": "Full leather, Black",
    "Weight": "1,805 kg",
    "Date of last service (date)": "08/2024",
    "Last service (mileage)": "46,981 km",
    "Cylinders": "6",
    "Tank capacity": "59 l",
    "Energy consumption (comb.)": "1.0 l/100km",
    "CO₂ emissions (comb.)": "224 g/km"
  },
  "features": [
    "ABS",
    "Adaptive cornering lights",
    "Adaptive Cruise Control",
    "Alarm system",
    "Alloy wheels",
    "Ambient lighting",
    "Android Auto",
    "Apple CarPlay",
    "Arm rest",
    "Autom. dimming interior mirror",
    "Blind spot assist",
    "Bluetooth",
    "CD player",
    "Central locking",
    "DAB radio",
    "Digital cockpit",
    "Distance warning system",
    "Dynamic chassis control",
    "Electric seat adjustment",
    "Electric side mirror",
    "Electric windows",
    "Eletric seat adjustment with memory function",
    "Emergency brake assist",
    "Emergency call system",
    "Emergency tyre repair kit",
    "ESP",
    "Fatigue warning system",
    "Folding exterior mirrors",
    "Full Service History",
    "Glare-free high beam headlights",
    "Hands-free kit",
    "Head-up display",
    "Heated seats",
    "High beam assist",
    "Hill-start assist",
    "Immobilizer",
    "Integrated music streaming",
    "Isofix",
    "Keyless central locking",
    "Laser headlights",
    "Leather steering wheel",
    "LED running lights",
    "Light sensor",
    "Lumbar support",
    "Multifunction steering wheel",
    "Navigation preparation",
    "Navigation system",
    "Non-smoker vehicle",
    "On-board computer",
    "Paddle shifters",
    "Particulate filter",
    "Passenger seat Isofix point",
    "Power Steering",
    "Rain sensor",
    "Rear wheel drive",
    "Ski bag",
    "Sound system",
    "Speed limit control system",
    "Sport seats",
    "Sports package",
    "Sports suspension",
    "Start-stop system",
    "Summer tyres",
    "Tinted windows",
    "Touchscreen",
    "Traction control",
    "Traffic sign recognition",
    "Tuner/radio",
    "Tyre pressure monitoring",
    "USB port",
    "Virtual side mirror",
    "Voice control",
    "Warranty",
    "WLAN / Wi-Fi hotspot"
  ]
},
{
  "title": "BMW M3 Competition xDrive Schalen Laser Head Up 360°",
  "previewImage": "https://img.classistatic.de/api/v1/mo-prod/images/b5/b5f73cda-7867-4a03-b524-5fcb36836015?rule=mo-1600.jpg",
  "category": "Limousine",
  "brand": "BMW",
  "model": "M3",
  "url": "https://suchen.mobile.de/fahrzeuge/details.html?id=434468036",
  "price.total.amount": 72990,
  "priceRating": {
    "rating": "Good price",
    "priceRanges": {
      "Very good price": {
        "start": 52701,
        "end": 68500
      },
      "Good price": {
        "start": 68501,
        "end": 73800
      },
      "Fair price": {
        "start": 73801,
        "end": 82100
      },
      "Increased price": {
        "start": 82101,
        "end": 88100
      },
      "High price": {
        "start": 88101,
        "end": 97900
      }
    }
  },
  "description": "deutsches Fahrzeug\nunfallfrei\nnachlackierungsfrei\nlückenlos Scheckheft gepflegt bei BMW (letzter 01/2025 bei 41.798 km)\nTÜV gültig bis 05/2027\nM Schalensitze Carbon\nM Driver´s Package\nUrban Green Sonderlackierung\nLaserlichter\nAmientebeleuchtung\n360° Kamera\nKeyless\nHead Up Display\nStandheizung\nVerkauf erfolgt im Kundenauftrag\n\n\nSonderausstattung:\nBMW Individual-Sonderlackierung Urban Green, Bremsanlage: Compound - M Bremssystem (Bremssättel Schwarz), Exterieur-Paket M Carbon, Fahrassistenz-System: Driving Assistant Professional, Heckklappenbetätigung automatisch, Innenausstattung: Interieurleisten Carbon, Innovations-Paket, Lenkrad heizbar, M Driver´s Package, M Schalensitze Carbon, Parkassistent-Paket Plus, Scheinwerfer BMW Individual Shadow-Line, Sicherheitsgurte M, Sicherheitssystem Active Protection, Sitzbezug / Polsterung: Voll-Leder Merino, Bicolor, Sonnenschutzverglasung (hinten abgedunkelt), Sound-System Harman-Kardon\n\nWeitere Ausstattung:\nAblage-Paket, Adaptives Fahrwerk M-Technic, Airbag Beifahrerseite abschaltbar, Airbag Fahrer-/Beifahrerseite, Aktives M Differential, Ambiente-Beleuchtung, Ausstattungs-Paket: Connected Professional, Außenausstattung: Shadow-Line Hochglanz, Außenausstattung: Shadow-Line Hochglanz (erweiterter Umfang), Außenspiegel elektr. verstell- und heizbar, Bedienelemente galvanisiert, Blinkleuchte in Außenspiegel integriert, BMW Live Cockpit Professional, Bordcomputer, Competition, DAB-Tuner (Radioempfang digital), Dachhimmel Anthrazit (BMW Individual), Diebstahlsicherung für Räder (Felgenschlösser), Durchladeeinrichtung (Mittelarmlehne hinten), Dynamische Stabilitäts-Control (DSC) mit erweiterter Umfang, Erste Hilfe-Kasten / Verbandkasten, Fahrassistenz-System: Active Guard (Bremsassistent), Fahrassistenz-System: Aufmerksamkeits-Assistent, Freisprecheinrichtung Bluetooth mit USB-/Audio-Schnittstelle, Fußmatten Velours, Gepäckraumbeleuchtung, Getriebe Automatik - mit Steptronic und Drivelogic (8-Stufen), Getränkehalter, Heckleuchten LED, Innenspiegel mit Abblendautomatik, Instrumentenkombination (erweiterter Umfang), Isofix-Aufnahmen für Kindersitz an Rücksitz, Karosserie: 4-türig, Kennzeichenbeleuchtung LED, Klimaautomatik 3-Zonen mit autom. Umluft-Control, Knieairbag Fahrerseite, Kopf-Airbag-System hinten, Kopf-Airbag-System vorn, Kopfstützen hinten klappbar, Leichtbaudach (kohlefaserverstärkter Kunststoff, CFK), Lenksäule (Lenkrad) elektr. verstellbar, Lenksäule (Lenkrad) mechan. verstellbar, Leuchtweitenregelung, LM-Felgen vorn/hinten: 9,5x19 / 10,5x20 (Doppelspeiche 826 M, Schwarz), M Drive (Fahrprofilauswahl), M Drive Professional (Fahrprofilauswahl), Motor 3,0 Ltr. - 375 kW 24V TwinTurbo KAT (S58), Multifunktion für Lenkrad, Nebelschlussleuchte(n), Otto-Partikelfilter (OPF), Park-Distance-Control (PDC) vorn und hinten, Parkbremse elektrisch, Reifendruck-Kontrollsystem, Reifenpannen-Anzeige, Schadstoffarm nach Abgasnorm Euro 6d, Schaltpunktanzeige, Scheinwerfer LED, Seitenairbag vorn, Service-System: Intelligenter Notruf inkl. TeleServices, Sitze vorn elektr. verstellbar (mit Memory), Sitzheizung vorn, Spiegel-Paket, Sportdifferential, Start-Stop-Knopf, Start/Stop-Anlage (Funktion), Steckdose (12V-Anschluß) in Mittelkonsole vorn, Warndreieck, Wärme-/Sonnenschutzverglasung, Wärme-/Sonnenschutzverglasung kombiniert (hinten abgedunkelt)\n\n\n\nZu unseren zusätzlichen Serviceleistungen gehören:\n\n\nInzahlungnahme deines Gebrauchtwagens\nAbholung an deinem Wunschort\nVorführung zur Haupt- und Abgasuntersuchung\nLieferung deines Neuen bis zur Haustür\nFinanzierung möglich\n\n\nWir freuen uns auf deinen Kontakt! \nBesichtigung und Probefahrt nach Absprache.\n\n\nDie gemachten Angaben in den Inseraten, Internet, Preisschildern und Bildern sind unverbindliche Beschreibungen und dienen nicht als zugesicherte Eigenschaften. Der Verkäufer übernimmt keine Haftung / Gewährleistung für Tipp- und Datenübermittlungsfehler. Aufgeführte Ausstattungen sind ggfs. gesondert zu prüfen. Irrtum/Änderungen und Zwischenverkauf vorbehalten.",
  "dealerDetails": {
    "id": 34254536,
    "name": "HE Motors",
    "sellerType": "Dealer",
    "phones": [
      "+49 (0)421 9898084265"
    ],
    "messengers": {
      "WHATS_APP": "+49 (0)160 2202219"
    },
    "languages": [
      "Deutsch",
      "English",
      "Türkçe"
    ],
    "country": "DE",
    "address": "Bernauer Str. 9, DE-28219 Bremen",
    "location": {
      "latitude": 53.1095935,
      "longitude": 8.8036956
    },
    "activeSince": "2024-01-05T00:00:00.000Z",
    "homepageUrl": "https://home.mobile.de/home/redirect.html?customerId=34254536",
    "iconUrl": null,
    "reviewPageUrl": "https://www.mobile.de/bewertungen/HEMotors?lang=en",
    "score": {
      "total": 5,
      "responseTime": 5,
      "friendliness": 5,
      "advice": 5
    },
    "activeRatingCount": 30,
    "vehicleAsDescribedPercentage": 100,
    "recommendPercentage": 100,
    "soldVehicleCount": null,
    "reviews": []
  },
  "attributes": {
    "Vehicle condition": "Used vehicle, Accident-free",
    "Category": "Saloon",
    "Model range": "Baureihe M3 Lim. (G80)(2020->)",
    "Trim line": "xDrive Competition",
    "Origin": "German edition",
    "Mileage": "46,900 km",
    "Cubic Capacity": "2,993 ccm",
    "Power": "375 kW (510 hp)",
    "Drive type": "Internal combustion engine",
    "Fuel": "Petrol, E10-enabled",
    "Number of Seats": "5",
    "Door Count": "4/5",
    "Transmission": "Automatic",
    "Emission Class": "Euro6",
    "Emissions Sticker": "4 (Green)",
    "First Registration": "01/2022",
    "Number of Vehicle Owners": "2",
    "HU": "05/2027",
    "Climatisation": "Automatic climatisation, 3 zones",
    "Parking sensors": "Self-steering systems, Rear, 360° camera, Front",
    "Airbags": "Front and Side and More Airbags",
    "Colour (Manufacturer)": "Urban Green SONDERLACKIERUNG",
    "Colour": "Green",
    "Interior Design": "Full leather, Black",
    "Weight": "1,805 kg",
    "Cylinders": "6",
    "Tank capacity": "59 l"
  },
  "features": [
    "ABS",
    "Adaptive cornering lights",
    "Adaptive Cruise Control",
    "Alarm system",
    "Alloy wheels",
    "Ambient lighting",
    "Android Auto",
    "Apple CarPlay",
    "Arm rest",
    "Autom. dimming interior mirror",
    "Auxiliary heating",
    "Blind spot assist",
    "Bluetooth",
    "Central locking",
    "DAB radio",
    "Digital cockpit",
    "Distance warning system",
    "Dynamic chassis control",
    "Electric seat adjustment",
    "Electric side mirror",
    "Electric tailgate",
    "Electric windows",
    "Eletric seat adjustment with memory function",
    "Emergency brake assist",
    "Emergency call system",
    "ESP",
    "Folding exterior mirrors",
    "Four-wheel drive",
    "Full Service History",
    "Glare-free high beam headlights",
    "Hands-free kit",
    "Head-up display",
    "Heated seats",
    "Heated steering wheel",
    "High beam assist",
    "Hill-start assist",
    "Immobilizer",
    "Induction charging for smartphones",
    "Integrated music streaming",
    "Isofix",
    "Keyless central locking",
    "Lane change assist",
    "Laser headlights",
    "Leather steering wheel",
    "LED running lights",
    "Light sensor",
    "Multifunction steering wheel",
    "Navigation preparation",
    "Navigation system",
    "On-board computer",
    "Paddle shifters",
    "Particulate filter",
    "Power Steering",
    "Rain sensor",
    "Rear traffic alert",
    "Sound system",
    "Speed limit control system",
    "Sport seats",
    "Sports package",
    "Sports suspension",
    "Start-stop system",
    "Summer tyres",
    "Tinted windows",
    "Touchscreen",
    "Traction control",
    "Traffic sign recognition",
    "Tuner/radio",
    "Tyre pressure monitoring",
    "USB port",
    "Voice control"
  ]
},
{
  "title": "BMW M3 Limousine Schalter, LCI, Individual. Laser, H",
  "previewImage": "https://img.classistatic.de/api/v1/mo-prod/images/7d/7d65fb7d-eb2b-48ec-835e-21036b539888?rule=mo-1600.jpg",
  "category": "Limousine",
  "brand": "BMW",
  "model": "M3",
  "url": "https://suchen.mobile.de/fahrzeuge/details.html?id=423772378",
  "price.total.amount": 71850,
  "priceRating": {
    "rating": "Good price",
    "priceRanges": {
      "Very good price": {
        "start": 54001,
        "end": 70300
      },
      "Good price": {
        "start": 70301,
        "end": 75700
      },
      "Fair price": {
        "start": 75701,
        "end": 84100
      },
      "Increased price": {
        "start": 84101,
        "end": 90300
      },
      "High price": {
        "start": 90301,
        "end": 100400
      }
    }
  },
  "description": "Antrieb, Fahrwerk\nAdaptives M Fahrwerk\nBremsanlage: Compound - M Bremssystem (Bremssättel Rot)\nM Drive Professional (Fahrprofilauswahl)\nM Sportdifferenzial\nSportfahrwerk\n\nAußenausstattung\nWärme-/Sonnenschutzverglasung\n\nEditionen und Pakete\nAblagenpaket\nConnected Package Professional (laufzeitgebundener Dienst)\nConnectedDrive Services (laufzeitgebundener Dienst)\nInnovations-Paket\n\nFahrerassistenz\nBMW Drive Recorder (Dashcam)\nGeschwindigkeitsregelung mit Bremsfunktion\nGesetzlicher Notruf\nPark Distance Control (PDC)\nParkassistent-Paket Plus\nRückfahrkamera\nSpurwechselwarnung\nTeleservices\n\nIndividualumfänge\nAußenausstattung: Shadow-Line Hochglanz (erweiterter Umfang)\nM Hochglanz Shadow Line\nScheinwerfer BMW Individual Shadow-Line\n\nKomfort, Innenausstattung\nAktive Sitzbelüftung vorn\nAmbiente-Beleuchtung\nAußenspiegel elektr. anklappbar\nAußenspiegel elektr. verstell- und heizbar\nBedienelemente galvanisiert\nBordcomputer\nDAB-Tuner (Radioempfang digital)\nDurchladeeinrichtung (Mittelarmlehne hinten)\nDurchladesystem\nEinparkhilfe Sensoren vorne\nFensterheber elektrisch\nFensterheber, elektrisch\nFondkopfstützen klappbar\nFreisprecheinrichtung Bluetooth mit USB-/Audio-Schnittstelle\nFunkfernbedienung\nGeschwindigkeits-Regelanlage mit Bremsfunktion\nInduktionsladeschale für Smartphone (Wireless Charging)\nInnen- und Außenspiegelpaket\nInnenspiegel mit Abblendautomatik\nIsofix-Aufnahmen für Kindersitz an Rücksitz\nKeyless Entry\nKlimaautomatik\nKlimaautomatik 3-Zonen mit autom. Umluft-Control\nKomfortzugang (Öffnungs- und Schließsystem)\nLeder\nLederlenkrad\nLendenwirbelstütze Sitz vorn links und rechts, elektr. verstellbar\nLenkrad (Leder) mit Multifunktion M-Technic\nLenkrad heizbar\nLordose\nLordosenstütze für Fahrer und Beifahrer\nM Sportsitze\nMultifunktion für Lenkrad\nMultifunktionslenkrad\nPark-Distance-Control (PDC) vorn und hinten\nScheibenwischer mit Regensensor\nService-System: Real Time Traffic Information (RTTI)\nSicherheitsgurte M\nSitze vorn elektr. verstellbar (mit Memory)\nSitzheizung\nSitzheizung für Fahrer und Beifahrer\nSitzheizung vorn + hinten\nSitzverstellung elektrisch mit Memory für Fahrersitz\nSonnenschutzverglasung (hinten abgedunkelt)\nSportsitze\nStart/Stop-Anlage (Funktion)\nStart-Stop-Knopf\nVerglasung Akustikglas\nWidescreen Display\nZentralverriegelung\nZentralverriegelung mit Fernbedienung\n\nMultimedia\nBluetooth\nBMW Live Cockpit Professional\nBordcomputer\nDAB Tuner\nFreisprecheinrichtung\nSound-System Harman-Kardon\nTelefon\nUSB Schnittstelle\n\nRäder\nLM-Felgen vorn/hinten: 9,5x19 / 10,5x20 (Doppelspeichen 825 M, Orbit-Grau matt)\nRadschraubensicherung\n\nSicherheit/Umwelt\nAdaptives Fahrwerk M-Technic\nAirbag Beifahrerseite abschaltbar\nAirbag Fahrer-/Beifahrerseite\nAlarmanlage\nAnti-Blockier-System (ABS)\nDiebstahl-Warnanlage\n\nSitzbezug\nLeder Merino Silverstone/Schwarz\n\nSonstiges\n19\"/20\" M Schmiederäder Doppelspeiche 825 M Orbitgrau matt / MB\nAblage für Wireless Charging\nActive Guard\nActive Protection\nAktive Sitzbelüftung vorn\nAkustikverglasung\nBlow by-Heizer\nBMW Curved Display\nBMW Drive Recorder\nBMW Laserlicht\nBMW Live Cockpit Professional (laufzeitgebundener Dienst)\nControl-Display mit Farbmonitor (14,9 Zoll)\nDeutsch / Bordliteratur\nDeutschland-Ausfuehrung\nDriving Assistant\nElektrisch verstellbare Spiegel\nEU-spezifische Zusatzumfaenge\nFahrassistenz-System: Frontkollisionswarnung\nFahrassistenz-System: Heckaufprall-Vermeidung (Prävention Heckkollision)\nFahrassistenz-System: Querverkehrs-Assistent\nFahrassistenz-System: Rückfahr-Assistent\nFahrassistenz-System: Spurwechselassistent\nFahrassistenz-System: Spurwechsel-Warnsystem\nFernlichtassistent\nGalvanikapplikation für Bedienelemente\nHarman Kardon Surround Sound System\nInnenausstattung: Interieurleisten Alu Rhombicle mit Akzentleiste\nInnovationspaket\nKaeltemittel\nKilometertacho\nKomfortzugang\nLenkradheizung\nM Compound-Bremse, rot hochglänzend\nM Drive Professional\nM Hochglanz Shadow Line mit erweiterten Umfängen\nM Interieurleisten Aluminium Rhombicle Anthrazit\nM Leuchten Shadow Line\nM Sicherheitsgurte\nMetallic-Lackierung Frozen Orange\nMüdigkeitswarnsystem\nNotrufsystem\nÖlwartungsintervall 24 Monate/30.000 km\nParking Assistant Plus\nReifendruckkontrollsystem\nRückfahrkamera (Top View)\nSonnenschutzverglasung\nSteuerung EfficientDynamics\nSteuerung Infotainment\nSteuerung Karosserie\nSurround-Kamerasystem (Surround View)\n\nUmwelt, Sicherheit\nAbgasnorm EU6 RDE II\nABS\nAktiver Fussgängerschutz\nAlarmanlage mit Fernbedienung\nAuto Start/Stop Funktion \nBeifahrerairbag\nBeifahrerairbag-Deaktivierung\nDiebstahlwarnanlage\nESP\nFahrassistenz-System: Driving Assistant\nFahrassistenz-System: Fernlichtassistent\nFahrerairbag\nInnenspiegel automatisch abblendend\nKindersitzbefestigung ISOFIX\nKopfairbag\nLED-Scheinwerfer\nNotbremsassistent\nPASM\nRegensensor\nReifendruck-Kontrolle\nScheinwerfer Laserlicht\nSeitenairbag\nSicherheitssystem Active Protection\nTraction Control\nWarndreieck\nWegfahrsperre\nIrrtümer und Zwischenverkauf vorbehalten.",
  "dealerDetails": {
    "id": 457453,
    "name": "Autohaus Unterberger GmbH",
    "sellerType": "Dealer",
    "phones": [
      "+49 (0)8031 350998670"
    ],
    "languages": [
      "Deutsch",
      "English"
    ],
    "country": "DE",
    "address": "Sepp-Heindl-Strasse 2, DE-83026 Rosenheim",
    "location": {
      "latitude": 47.8432107,
      "longitude": 12.0839006
    },
    "activeSince": "2003-01-09T00:00:00.000Z",
    "homepageUrl": "https://home.mobile.de/home/redirect.html?customerId=457453",
    "iconUrl": "https://img.classistatic.de/api/v1/mo-prod/images/4a/4a312e72-83bf-4c8e-ad5e-2e21475792dd?rule=mo-640.jpg",
    "reviewPageUrl": "https://www.mobile.de/bewertungen/UNTERBERGER-GMBH?lang=en",
    "score": {
      "total": 4.6,
      "responseTime": 4.7,
      "friendliness": 4.6,
      "advice": 4.4
    },
    "activeRatingCount": 26,
    "vehicleAsDescribedPercentage": 95,
    "recommendPercentage": 87,
    "soldVehicleCount": null,
    "reviews": []
  },
  "attributes": {
    "Vehicle condition": "Used vehicle, Accident-free",
    "Category": "Saloon",
    "Model range": "G80",
    "Trim line": "Schalter, LCI, Individual. Laser, HK Hifi, Kamera, DA",
    "Vehicle Number": "186887",
    "Availability": "Now",
    "Origin": "German edition",
    "Mileage": "47,077 km",
    "Cubic Capacity": "2,993 ccm",
    "Power": "353 kW (480 hp)",
    "Drive type": "Internal combustion engine",
    "Fuel": "Petrol",
    "Number of Seats": "5",
    "Door Count": "4/5",
    "Transmission": "Manual gearbox",
    "Emission Class": "Euro6d",
    "First Registration": "05/2023",
    "Construction Year": "2023",
    "Number of Vehicle Owners": "2",
    "HU": "New",
    "Climatisation": "Automatic climatisation, 3 zones",
    "Parking sensors": "360° camera, Front, Self-steering systems, Rear",
    "Airbags": "Front and Side and More Airbags",
    "Colour (Manufacturer)": "Frozen Tampa Bay Green Metallic",
    "Colour": "Green Metallic Matte",
    "Interior Design": "Full leather, Black",
    "Weight": "1,780 kg",
    "Cylinders": "6",
    "Tank capacity": "59 l"
  },
  "features": [
    "ABS",
    "Adaptive cornering lights",
    "Alarm system",
    "Alloy wheels",
    "Ambient lighting",
    "Android Auto",
    "Apple CarPlay",
    "Arm rest",
    "Autom. dimming interior mirror",
    "Blind spot assist",
    "Bluetooth",
    "Central locking",
    "Cruise control",
    "DAB radio",
    "Digital cockpit",
    "Dynamic chassis control",
    "Electric seat adjustment",
    "Electric side mirror",
    "Electric windows",
    "Eletric seat adjustment with memory function",
    "Emergency brake assist",
    "Emergency call system",
    "ESP",
    "Full Service History",
    "Glare-free high beam headlights",
    "Hands-free kit",
    "Head-up display",
    "Heated seats",
    "Heated steering wheel",
    "High beam assist",
    "Hill-start assist",
    "Immobilizer",
    "Induction charging for smartphones",
    "Isofix",
    "Keyless central locking",
    "Lane change assist",
    "Laser headlights",
    "Leather steering wheel",
    "LED running lights",
    "Light sensor",
    "Lumbar support",
    "Multifunction steering wheel",
    "Navigation system",
    "On-board computer",
    "Power Steering",
    "Rain sensor",
    "Rear wheel drive",
    "Seat ventilation",
    "Sound system",
    "Speed limit control system",
    "Sport seats",
    "Sports package",
    "Sports suspension",
    "Summer tyres",
    "Tinted windows",
    "Touchscreen",
    "Traction control",
    "Traffic sign recognition",
    "Tuner/radio",
    "Tyre pressure monitoring",
    "USB port",
    "Voice control",
    "Warranty"
  ]
},
{
  "title": "BMW M3 G80 Competition Carbon Schale Folie",
  "previewImage": "https://img.classistatic.de/api/v1/mo-prod/images/ef/ef841a1f-7133-417c-84a4-92668db4e7e1?rule=mo-1600.jpg",
  "category": "Limousine",
  "brand": "BMW",
  "model": "M3",
  "url": "https://suchen.mobile.de/fahrzeuge/details.html?id=431244074",
  "price.total.amount": 73900,
  "priceRating": {
    "rating": "Fair price",
    "priceRanges": {
      "Very good price": {
        "start": 49901,
        "end": 64900
      },
      "Good price": {
        "start": 64901,
        "end": 69900
      },
      "Fair price": {
        "start": 69901,
        "end": 77700
      },
      "Increased price": {
        "start": 77701,
        "end": 83400
      },
      "High price": {
        "start": 83401,
        "end": 92700
      }
    }
  },
  "description": "Zweite Hand - Unfallfrei u. Nachlackierungsfrei - Sehr gepflegt - Fahrzeugfront, Motorhaube, Kotflügel und Spiegel Steinschlagschutz foliert vor Auslieferung\nService Neu, Scheckheftgepflegt bei BMW\n\nM Race Track Paket\nM Performance Lenkrad\nCarbon Paket\nVollleder Schwarz\nM Isle of Man Green\nInnovationspaket\nM Drivers Package\nM Carbon Exterieur Paket\nSchalensitze Recaro Carbon mit Sitzheizung\nHead Up Display\n19 Zoll M Mischbereifung\nLaser Scheinwerfer\nKeramikbremse\nCarbon Anbauteile (Original Teile vorhanden)\nApple Carplay / Android Auto\nHarman Kardon Soundsystem\nKeyless-Go (auch mit Handy)\nElektrisch anklappbare Aussenspiegel\nSonnenschutzverglasung\nDAB Digital Radio\nTelefonie mit Wireless Charging\nAlarmanlage\nElektrische Heckklappe\nVerkehrszeichenerkennung\n\nMWSt nicht ausweisbar\nSofort verfügbar\nKilometerstand erhöht sich da Fahrzeug noch angemeldet ist und gefahren wird\n\n\nDer Kaufgegenstand wird unter Ausschluss jeglicher Gewährleistung verkauft. Der Ausschluss gilt nicht für Schadensersatzansprüche aus grob fahrlässiger bzw. vorsätzlicher Verletzung von Pflichten des Verkäufers sowie für jede Verletzung von Leben, Körper und Gesundheit.",
  "dealerDetails": {
    "sellerType": "Private Seller",
    "country": "DE",
    "address": "DE-80992 Moosach",
    "location": {
      "latitude": 48.17544,
      "longitude": 11.51086
    },
    "iconUrl": null,
    "reviewPageUrl": null,
    "score": null,
    "activeRatingCount": null,
    "vehicleAsDescribedPercentage": null,
    "recommendPercentage": null,
    "soldVehicleCount": null,
    "reviews": []
  },
  "attributes": {
    "Vehicle condition": "Used vehicle",
    "Category": "Saloon",
    "Mileage": "65,000 km",
    "Power": "375 kW (510 hp)",
    "Drive type": "Internal combustion engine",
    "Fuel": "Petrol",
    "Transmission": "Automatic",
    "Emissions Sticker": "4 (Green)",
    "First Registration": "03/2021",
    "HU": "05/2026",
    "Climatisation": "A/C (man.)",
    "Parking sensors": "Rear",
    "Colour (Manufacturer)": "GREEN"
  },
  "features": [
    "ABS",
    "Alloy wheels",
    "Bluetooth",
    "Cruise control",
    "Full Service History",
    "Hands-free kit",
    "Heated seats",
    "Navigation system",
    "Tuner/radio"
  ]
},
{
  "title": "BMW M3 Baureihe M3 Lim. Competition",
  "category": "Limousine",
  "brand": "BMW",
  "model": "M3",
  "url": "https://suchen.mobile.de/fahrzeuge/details.html?id=433008601",
  "price.total.amount": 71990,
  "priceRating": {
    "rating": "Fair price",
    "priceRanges": {
      "Very good price": {
        "start": 48801,
        "end": 63400
      },
      "Good price": {
        "start": 63401,
        "end": 68300
      },
      "Fair price": {
        "start": 68301,
        "end": 76000
      },
      "Increased price": {
        "start": 76001,
        "end": 81500
      },
      "High price": {
        "start": 81501,
        "end": 90600
      }
    }
  },
  "description": "Sonderausstattung:\nAktive Sitzbelüftung vorn, BMW Drive Recorder (Dashcam), Bremsanlage: Compound - M Bremssystem (Bremssättel Rot), Fahrassistenz-System: Driving Assistant Professional, Innenausstattung: Interieurleisten Carbon, Innovations-Paket, LM-Felgen vorn/hinten: 9,5x19 / 10,5x20 (Doppelspeiche 826 M, Schwarz), M Driver´s Package, Metallic-Lackierung, Parkassistent-Paket Plus, Scheinwerfer BMW Individual Shadow-Line, Sicherheitsgurte M, Sitzbezug / Polsterung: Voll-Leder Merino, Bicolor, Sonnenschutzverglasung (hinten abgedunkelt), Sound-System Harman-Kardon\n\nWeitere Ausstattung:\nAblage-Paket, Adaptives Fahrwerk M-Technic, Airbag Beifahrerseite abschaltbar, Airbag Fahrer-/Beifahrerseite, Aktives M Differential, Ambiente-Beleuchtung, Ausstattungs-Paket: Connected Professional, Außenausstattung: Shadow-Line Hochglanz, Außenausstattung: Shadow-Line Hochglanz (erweiterter Umfang), Außenspiegel elektr. verstell- und heizbar, Bedienelemente galvanisiert, Blinkleuchte in Außenspiegel integriert, BMW Live Cockpit Professional, Bordcomputer, Competition, DAB-Tuner (Radioempfang digital), Dachhimmel Anthrazit (BMW Individual), Diebstahlsicherung für Räder (Felgenschlösser), Durchladeeinrichtung (Mittelarmlehne hinten), Dynamische Stabilitäts-Control (DSC) mit erweiterter Umfang, Erste Hilfe-Kasten / Verbandkasten, Fahrassistenz-System: Active Guard (Bremsassistent), Fahrassistenz-System: Aufmerksamkeits-Assistent, Freisprecheinrichtung Bluetooth mit USB-/Audio-Schnittstelle, Fußmatten Velours, Gepäckraumbeleuchtung, Getriebe Automatik - mit Steptronic und Drivelogic (8-Stufen), Getränkehalter, Heckleuchten LED, Innenspiegel mit Abblendautomatik, Instrumentenkombination (erweiterter Umfang), Isofix-Aufnahmen für Kindersitz an Rücksitz, Karosserie: 4-türig, Kennzeichenbeleuchtung LED, Klimaautomatik 3-Zonen mit autom. Umluft-Control, Knieairbag Fahrerseite, Kopf-Airbag-System hinten, Kopf-Airbag-System vorn, Kopfstützen hinten klappbar, Leichtbaudach (kohlefaserverstärkter Kunststoff, CFK), Lenksäule (Lenkrad) elektr. verstellbar, Lenksäule (Lenkrad) mechan. verstellbar, Leuchtweitenregelung, M Drive (Fahrprofilauswahl), M Drive Professional (Fahrprofilauswahl), Motor 3,0 Ltr. - 375 kW 24V TwinTurbo KAT (S58), Multifunktion für Lenkrad, Nebelschlussleuchte(n), Otto-Partikelfilter (OPF), Park-Distance-Control (PDC) vorn und hinten, Parkbremse elektrisch, Reifendruck-Kontrollsystem, Reifenpannen-Anzeige, Schadstoffarm nach Abgasnorm Euro 6d, Schaltpunktanzeige, Scheinwerfer LED, Seitenairbag vorn, Service-System: Intelligenter Notruf inkl. TeleServices, Sitze vorn elektr. verstellbar (mit Memory), Sitzheizung vorn, Spiegel-Paket, Sportdifferential, Sportsitze vorn (M-Technic), Start-Stop-Knopf, Start/Stop-Anlage (Funktion), Steckdose (12V-Anschluß) in Mittelkonsole vorn, Warndreieck, Wärme-/Sonnenschutzverglasung, Wärme-/Sonnenschutzverglasung kombiniert (hinten abgedunkelt)\n\nAlle Service bei BMW\n\nIrrtümer und Selbstverkauf vorbehalten",
  "dealerDetails": {
    "id": 3080145,
    "name": "Kurier Autocenter GmbH",
    "sellerType": "Dealer",
    "phones": [
      "+49 (0)761 8878172855"
    ],
    "languages": [
      "Deutsch",
      "العربية",
      "Pусский",
      "English",
      "Français",
      "Polski",
      "Română"
    ],
    "country": "DE",
    "address": "Zinkmattenstraße 8 b, DE-79108 Freiburg",
    "location": {
      "latitude": 48.0261953,
      "longitude": 7.856354199999999
    },
    "activeSince": "2009-10-27T00:00:00.000Z",
    "homepageUrl": "https://home.mobile.de/home/redirect.html?customerId=3080145",
    "iconUrl": null,
    "reviewPageUrl": null,
    "score": null,
    "activeRatingCount": null,
    "vehicleAsDescribedPercentage": null,
    "recommendPercentage": null,
    "soldVehicleCount": null,
    "reviews": []
  },
  "attributes": {
    "Vehicle condition": "Used vehicle, Accident-free",
    "Category": "Saloon",
    "Model range": "Baureihe M3 Lim. (G80)(2020->)",
    "Trim line": "Competition",
    "Vehicle Number": "M3",
    "Origin": "German edition",
    "Mileage": "68,830 km",
    "Cubic Capacity": "2,993 ccm",
    "Power": "375 kW (510 hp)",
    "Drive type": "Internal combustion engine",
    "Fuel": "Petrol",
    "Fuel consumption": [
      "10.2 l/100km (combined)"
    ],
    "Number of Seats": "5",
    "Door Count": "4/5",
    "Transmission": "Automatic",
    "Emission Class": "Euro6d",
    "Emissions Sticker": "4 (Green)",
    "First Registration": "01/2022",
    "Number of Vehicle Owners": "1",
    "HU": "01/2027",
    "Climatisation": "Automatic climatisation, 2 zones",
    "Parking sensors": "Rear, Front, 360° camera",
    "Airbags": "Front and Side and More Airbags",
    "Colour (Manufacturer)": "BROOKLYN GRAU",
    "Colour": "Grey Metallic",
    "Interior Design": "Full leather, Black",
    "Weight": "1,805 kg",
    "Date of last service (date)": "11/2024",
    "Last service (mileage)": "53,948 km",
    "Cylinders": "6",
    "Tank capacity": "59 l",
    "Energy consumption (comb.)": "10.2 l/100km",
    "CO₂ emissions (comb.)": "234 g/km"
  },
  "features": [
    "ABS",
    "Adaptive Cruise Control",
    "Adaptive lighting",
    "Alarm system",
    "Alloy wheels",
    "Ambient lighting",
    "Arm rest",
    "Autom. dimming interior mirror",
    "Blind spot assist",
    "Bluetooth",
    "Central locking",
    "DAB radio",
    "Distance warning system",
    "Dynamic chassis control",
    "Electric seat adjustment",
    "Electric side mirror",
    "Electric windows",
    "Emergency brake assist",
    "Emergency tyre repair kit",
    "Fatigue warning system",
    "Folding exterior mirrors",
    "Full Service History",
    "Glare-free high beam headlights",
    "Hands-free kit",
    "Head-up display",
    "Heated seats",
    "High beam assist",
    "Hill-start assist",
    "Immobilizer",
    "Induction charging for smartphones",
    "Isofix",
    "Keyless central locking",
    "Lane change assist",
    "Laser headlights",
    "Leather steering wheel",
    "LED running lights",
    "Lumbar support",
    "Multifunction steering wheel",
    "Navigation system",
    "New service",
    "Non-smoker vehicle",
    "On-board computer",
    "Paddle shifters",
    "Power Steering",
    "Rain sensor",
    "Rear wheel drive",
    "Seat ventilation",
    "Sound system",
    "Sport seats",
    "Sports suspension",
    "Start-stop system",
    "Summer tyres",
    "Tinted windows",
    "Touchscreen",
    "Traction control",
    "Traffic sign recognition",
    "Tyre pressure monitoring",
    "USB port",
    "Voice control"
  ]
},
{
  "title": "BMW M3 Limousine 480PS Modelljahr 2025",
  "previewImage": "https://img.classistatic.de/api/v1/mo-prod/images/c7/c7acf0e9-4f2d-457c-8641-354c12ecb0a2?rule=mo-1600.jpg",
  "category": "Limousine",
  "brand": "BMW",
  "model": "M3",
  "url": "https://suchen.mobile.de/fahrzeuge/details.html?id=391116308",
  "price.total.amount": 72390,
  "priceRating": {
    "rating": "Very good price",
    "priceRanges": {
      "Very good price": {
        "start": 68301,
        "end": 88800
      },
      "Good price": {
        "start": 88801,
        "end": 95600
      },
      "Fair price": {
        "start": 95601,
        "end": 106400
      },
      "Increased price": {
        "start": 106401,
        "end": 114200
      },
      "High price": {
        "start": 114201,
        "end": 126900
      }
    }
  },
  "description": "So gelangen Sie direkt zum Angebot: kopieren Sie einfach den folgenden Link in die Adresszeile: https://apmk.eu/mc/6527/1\nund stellen Sie sich mittels unseres bedienerfreundlichen Konfigurators Ihr Wunschfahrzeug zusammen.\n\nFür dieses Fahrzeug sind alle Motorisierungen und Ausstattungsvarianten verfügbar, welche der Hersteller anbietet. Des Weiteren kann es ganz nach Ihren Wünschen konfiguriert und bestellt werden.\n\nDie angegebenen Preise sind inkl. Überführung bis zu unserem Standort in 82407 Wielenbach. Eine Bezahlung erst bei Abholung bzw. Anlieferung (zum Selbstkostenpreis für maximal 650,- € innerhalb Deutschlands) ist möglich.\n\nBei dem hier angebotenen Fahrzeug handelt es sich um einen Neuwagen, der nach Ihren Wünschen produziert wird. Wenn Sie andere Sonderausstattungen, eine andere Farbe, andere Polster oder auch andere Felgen wünschen, dann besuchen Sie einfach unsere Homepage www.auto-per-mausklick.de und stellen sich Ihr Traumauto nach Belieben zusammen.\nFalls Sie noch etwaige Fragen oder Anregungen haben, melden Sie sich einfach unter der Telefonnummer 08158 / 914 89 62 oder schreiben Sie uns eine E-Mail an info@auto-per-mausklick.de. Das Team von EU-Neuwagen Knott kümmert sich schnellstmöglich um Ihre Angelegenheiten.\n\nIhre Vorteile bei einem Kauf eines Neufahrzeugs über EU-Neuwagen Knott:\nVolle Herstellergarantie\nOption der Garantieverlängerung\nUnschlagbare Einkaufspreise durch Großhandelskonditionen für alle Marken\nBezahlung erst bei Übergabe Ihres Fahrzeuges\nLieferung bis vor die Haustüre zum Selbstkostenpreis möglich innerhalb von Deutschland für maximal 650,- € auf Anfrage auch in weitere EU-Länder möglich\nMöglichkeit der Inzahlungnahme Ihres alten Autos durch unseren externen Partner\nVertrag nach deutschem Recht, keine Vermittlung\nFinanzierungs- und Leasingmöglichkeit über unsere Hausbank oder einen externen Partner (bzw. einer Leasinggesellschaft oder Finanzierungsbank Ihrer Wahl)\nVerfügbarkeit von über 15 Fahrzeugmarken\nLagerfahrzeuge auf Nachfrage, verfügbar über verschiedene Partnerhändler\nLangjährige Erfahrung (seit 2001) im EU-Neuwagenhandel und ausgezeichnet mit dem Fairnespreis 2024 \n\n\nHinweis:\nBilder dienen nur zur Illustration und können unter Umständen Sonderausstattungen aufweisen\nBei EU-Fahrzeugen kann die Serienausstattung vom deutschen Modell abweichen, die zugehörige Serienausstattung finden Sie nachfolgend oder auf unserer Homepage www.auto-per-mausklick.de\n\nHinweise zur aktuellen Corona-Krise:\nWir sind weiterhin per Mail und Telefon für Sie erreichbar!\nFahrzeugrabatte derzeit so hoch wie nie!!",
  "dealerDetails": {
    "id": 11813924,
    "name": "EU Neuwagen Knott GmbH",
    "sellerType": "Dealer",
    "phones": [
      "+49 (0)8158 925991706"
    ],
    "languages": [
      "Deutsch",
      "English",
      "Italiano",
      "Français",
      "Polski",
      "Română",
      "Magyar",
      "Español"
    ],
    "country": "DE",
    "address": "Ammerring 16, DE-82407 Wielenbach",
    "location": {
      "latitude": 47.8809958,
      "longitude": 11.1607451
    },
    "activeSince": "2014-06-25T00:00:00.000Z",
    "homepageUrl": "https://home.mobile.de/home/redirect.html?customerId=11813924",
    "iconUrl": "https://img.classistatic.de/api/v1/mo-prod/images/4e/4ef909b9-f45e-43e7-b119-214e4abf1862?rule=mo-640.jpg",
    "reviewPageUrl": "https://www.mobile.de/bewertungen/EUNEUWAGENKNOTT?lang=en",
    "score": {
      "total": 4.9,
      "responseTime": 4.9,
      "friendliness": 4.9,
      "advice": 4.9
    },
    "activeRatingCount": 138,
    "vehicleAsDescribedPercentage": 99,
    "recommendPercentage": 98,
    "soldVehicleCount": null,
    "reviews": []
  },
  "attributes": {
    "Vehicle condition": "New vehicle, Accident-free",
    "Category": "Saloon",
    "Trim line": "M3",
    "Availability": "Available in 6 months after order",
    "Origin": "EU edition",
    "Cubic Capacity": "2,993 ccm",
    "Power": "353 kW (480 hp)",
    "Drive type": "Internal combustion engine",
    "Fuel": "Petrol, E10-enabled",
    "CO₂ class": "Based on CO₂ emissions (combined)",
    "Fuel consumption": [
      "10.0 l/100km (combined)",
      "15.1 l/100km (city)",
      "9.9 l/100km (suburban)",
      "8.5 l/100km (country road)",
      "9.5 l/100km (motorway)"
    ],
    "Door Count": "4/5",
    "Transmission": "Manual gearbox",
    "Climatisation": "Automatic climatisation, 3 zones",
    "Parking sensors": "Front, Rear, Camera",
    "Airbags": "Front and Side Airbags",
    "Colour (Manufacturer)": "wählbar",
    "Energy consumption (comb.)": "10.0 l/100km",
    "CO₂ emissions (comb.)": "228 g/km"
  },
  "features": [
    "ABS",
    "Alarm system",
    "Alloy wheels",
    "Ambient lighting",
    "Android Auto",
    "Apple CarPlay",
    "Arm rest",
    "Autom. dimming interior mirror",
    "Bluetooth",
    "Central locking",
    "Cruise control",
    "DAB radio",
    "Digital cockpit",
    "Distance warning system",
    "Electric seat adjustment",
    "Electric side mirror",
    "Electric tailgate",
    "Electric windows",
    "Emergency brake assist",
    "Emergency call system",
    "Emergency tyre repair kit",
    "ESP",
    "Glare-free high beam headlights",
    "Hands-free kit",
    "Headlight washer system",
    "Head-up display",
    "Heated seats",
    "High beam assist",
    "Hill-start assist",
    "Immobilizer",
    "Induction charging for smartphones",
    "Integrated music streaming",
    "Isofix",
    "Keyless central locking",
    "Lane change assist",
    "Leather steering wheel",
    "LED headlights",
    "LED running lights",
    "Light sensor",
    "Multifunction steering wheel",
    "Navigation system",
    "Non-smoker vehicle",
    "On-board computer",
    "Paddle shifters",
    "Passenger seat Isofix point",
    "Power Steering",
    "Rain sensor",
    "Sound system",
    "Speed limit control system",
    "Sport seats",
    "Sports package",
    "Sports suspension",
    "Start-stop system",
    "Summer tyres",
    "Touchscreen",
    "Traction control",
    "Traffic sign recognition",
    "Tuner/radio",
    "Tyre pressure monitoring",
    "USB port",
    "Voice control",
    "Warranty"
  ]
},
{
  "title": "BMW M3 Competition M xDrive HUD Laser DA Pro H/K",
  "previewImage": "https://img.classistatic.de/api/v1/mo-prod/images/43/43b1bce9-c52d-4fc4-bb04-331347099b67?rule=mo-1600.jpg",
  "category": "Limousine",
  "brand": "BMW",
  "model": "M3",
  "url": "https://suchen.mobile.de/fahrzeuge/details.html?id=429336448",
  "price.total.amount": 72680,
  "priceRating": {
    "rating": "Fair price",
    "priceRanges": {
      "Very good price": {
        "start": 49601,
        "end": 64400
      },
      "Good price": {
        "start": 64401,
        "end": 69400
      },
      "Fair price": {
        "start": 69401,
        "end": 77200
      },
      "Increased price": {
        "start": 77201,
        "end": 82800
      },
      "High price": {
        "start": 82801,
        "end": 92000
      }
    }
  },
  "description": "Ehemalige unverbindliche Preisempfehlung des Automobilherstellers: 110.620 €\n- Inzahlungnahme aller Fabrikate\n- günstige Finanzierungs- und Leasingangebote\n- deutschlandweite Zulassung und Lieferung\nHIGHLIGHTS & PAKETE\n0430 Innen- und Außenspiegelpaket\n0493 Ablagenpaket\n0610 BMW Head-Up Display\n071C M Carbon Exterieurpaket\n07ME M Driver's Package\n07R7 Innovationspaket\n\nASSISTENZSYSTEME\n05AU Driving Assistant Professional\n05DN Parking Assistant Plus\n\nAUDIO & KOMMUNIKATION\n0654 DAB-Tuner\n0688 Harman Kardon Surround Sound System\n06NW Telefonie mit Wireless Charging\n06U3 BMW Live Cockpit Professional\n06WD WLAN Hotspot\n\nINTERIEUR\n04GQ M Sicherheitsgurte\n04U0 Galvanikapplikation für Bedienelemente\n\nLICHT & SICHT\n0420 Sonnenschutzverglasung\n05AC Fernlichtassistent\n05AZ BMW Laserlicht\n\nRÄDER\n02VC Reifenpannenset\n\nTECHNIK & SICHERHEIT\n01MB M Drive Professional\n0302 Alarmanlage\n0322 Komfortzugang\n05AV Active Guard\n06DR BMW Drive Recorder\n\nSONSTIGE AUSSTATTUNGEN\n03KA Akustikverglasung\n\nWeitere Merkmale\n01U0 19''/20'' M Schmiederäder Doppelspeiche 826 M Schwarz / MB\n03M5M Compound-Bremse rot hochglänzend\n05DC Fondkopfstützenklappbar\n06AF Gesetzlicher Notruf0\n\n\nWeiteres\nMtl. Finanzierungsrate: 609,00 EUR | Anzahlung: 14.541,00 EUR | Laufzeit: 36 Monate | Zielrate: 44.334,80 EUR | Nettodarlehensbetrag: 58.139,28 EUR | Sollzinssatz p.a.: 4,88% (gebunden für die gesamte Vertragslaufzeit) | Effektiver Jahreszins: 4,99% | Gesamtbetrag: 65.649,80 EUR. Ein unverbindliches Finanzierungsbeispiel der BMW Bank GmbH, Lilienthalallee 26, 80939 München. \n\n- Exportservice (wir helfen Ihnen bei Ausfuhranmeldung, Kennzeichen etc.)\n- Europaweite Garantie\n- In Abweichung zu den BPS/MINI Next Standards wird beim Verkauf des Fahrzeugs in ein Land außerhalb Deutschland im Europäischen Wirtschaftsraum, mit Ausnahme der Schweiz und Österreich, nur eine 1-Jährige Gebrauchtwagen Anschlußgarantie angeboten werden.\nZwischenverkauf und Irrtümer vorbehalten. Die Fahrzeugbeschreibung dient lediglich der allgemeinen Identifizierung des Fahrzeuges und stellt keine Gewährleistung im kaufrechtlichen Sinne dar.\nDen genauen Ausstattungsumfang erhalten Sie von unserem Verkaufspersonal. Bitte kontaktieren Sie uns.",
  "dealerDetails": {
    "id": 455146,
    "name": "Autohaus Widmann + Winterholler GmbH",
    "sellerType": "Dealer",
    "phones": [
      "+49 (0)8131 757302226"
    ],
    "languages": [
      "Deutsch",
      "English"
    ],
    "country": "DE",
    "address": "Rudolf-Diesel-Str. 18, DE-85221 Dachau",
    "location": {
      "latitude": 48.26350619999999,
      "longitude": 11.4740852
    },
    "activeSince": "2000-12-12T00:00:00.000Z",
    "homepageUrl": "https://home.mobile.de/home/redirect.html?customerId=455146",
    "iconUrl": "https://img.classistatic.de/api/v1/mo-prod/images/bc/bc71b788-db80-4139-ad2f-fe2e17ea7bc7?rule=mo-640.jpg",
    "reviewPageUrl": "https://www.mobile.de/bewertungen/WIDMANN-WINTERHOLLER?lang=en",
    "score": {
      "total": 4.6,
      "responseTime": 4.5,
      "friendliness": 4.9,
      "advice": 4.5
    },
    "activeRatingCount": 37,
    "vehicleAsDescribedPercentage": 87,
    "recommendPercentage": 93,
    "soldVehicleCount": null,
    "reviews": []
  },
  "attributes": {
    "Vehicle condition": "Used vehicle, Accident-free",
    "Category": "Saloon",
    "Model range": "G80",
    "Trim line": "M Competition",
    "Vehicle Number": "FM37565",
    "Availability": "Now",
    "Origin": "German edition",
    "Mileage": "83,400 km",
    "Cubic Capacity": "2,993 ccm",
    "Power": "375 kW (510 hp)",
    "Drive type": "Internal combustion engine",
    "Fuel": "Petrol, E10-enabled",
    "CO₂ class": "Based on CO₂ emissions (combined)",
    "Fuel consumption": [
      "10.0 l/100km (combined)"
    ],
    "Number of Seats": "5",
    "Door Count": "4/5",
    "Transmission": "Automatic",
    "Emission Class": "Euro6d",
    "Emissions Sticker": "4 (Green)",
    "First Registration": "01/2022",
    "Number of Vehicle Owners": "1",
    "HU": "New",
    "Climatisation": "Automatic climatisation, 3 zones",
    "Parking sensors": "Self-steering systems, Front, 360° camera, Rear",
    "Airbags": "Front and Side and More Airbags",
    "Colour (Manufacturer)": "Black Sapphire",
    "Colour": "Black Metallic",
    "Interior Design": "Full leather, Black",
    "Cylinders": "6",
    "Energy consumption (comb.)": "10.0 l/100km",
    "CO₂ emissions (comb.)": "228 g/km"
  },
  "features": [
    "ABS",
    "Adaptive cornering lights",
    "Adaptive Cruise Control",
    "Alarm system",
    "Alloy wheels",
    "Ambient lighting",
    "Android Auto",
    "Apple CarPlay",
    "Arm rest",
    "Autom. dimming interior mirror",
    "Blind spot assist",
    "Bluetooth",
    "Central locking",
    "DAB radio",
    "Digital cockpit",
    "Distance warning system",
    "Dynamic chassis control",
    "Electric seat adjustment",
    "Electric side mirror",
    "Electric windows",
    "Eletric seat adjustment with memory function",
    "Emergency brake assist",
    "Emergency call system",
    "Emergency tyre repair kit",
    "ESP",
    "Fatigue warning system",
    "Folding exterior mirrors",
    "Four-wheel drive",
    "Full Service History",
    "Glare-free high beam headlights",
    "Hands-free kit",
    "Head-up display",
    "Heated seats",
    "High beam assist",
    "Hill-start assist",
    "Immobilizer",
    "Induction charging for smartphones",
    "Integrated music streaming",
    "Isofix",
    "Keyless central locking",
    "Lane change assist",
    "Laser headlights",
    "Leather steering wheel",
    "LED running lights",
    "Light sensor",
    "Lumbar support",
    "Multifunction steering wheel",
    "Navigation system",
    "Non-smoker vehicle",
    "On-board computer",
    "Paddle shifters",
    "Particulate filter",
    "Power Steering",
    "Rain sensor",
    "Sound system",
    "Speed limit control system",
    "Sport seats",
    "Sports package",
    "Sports suspension",
    "Start-stop system",
    "Summer tyres",
    "Tinted windows",
    "Touchscreen",
    "Traction control",
    "Traffic sign recognition",
    "Tuner/radio",
    "Tyre pressure monitoring",
    "USB port",
    "Voice control",
    "Warranty",
    "WLAN / Wi-Fi hotspot"
  ]
},
{
  "title": "BMW M3 Lim. Competition WIDESCREEN+DRIVERS PACK.+HUD",
  "previewImage": "https://img.classistatic.de/api/v1/mo-prod/images/b9/b91006c8-866d-4591-b58d-88945a1f1144?rule=mo-1600.jpg",
  "category": "Limousine",
  "brand": "BMW",
  "model": "M3",
  "url": "https://suchen.mobile.de/fahrzeuge/details.html?id=411205802",
  "price.total.amount": 73950,
  "priceRating": {
    "rating": "Very good price",
    "priceRanges": {
      "Very good price": {
        "start": 56901,
        "end": 74000
      },
      "Good price": {
        "start": 74001,
        "end": 79700
      },
      "Fair price": {
        "start": 79701,
        "end": 88600
      },
      "Increased price": {
        "start": 88601,
        "end": 95100
      },
      "High price": {
        "start": 95101,
        "end": 105700
      }
    }
  },
  "description": "BMW M3 LIM. COMPETITION\nORIGINAL DEUTSCHE AUSLIEFERUNG VOM BMW AUTOHAUS\nPRIVATFAHRZEUG - KEINE MWST. AUSWEISBAR\nUNFALLFREI\nKEIN VORFÜHR / MIETWAGEN\nMIT CURVED WIDESCREEN DISPLAY\nM DRIVERS PACKAGE 290 KM/H VMAX\nM TORONTO ROT METALLIC\nKOMPLETT KUNDENDIENSTGEPFLEGT BEIM BMW AUTOHAUS\nLETZTER KUNDENDIENST 07/2025 BEI 16.723 KM\nAusführung \"COMPETITION\"\nM Drivers Package\nGetriebe Automatik - mit Steptronic und Drivelogic (8-Stufen)\nLED Scheinwerfer\nHead Up Display\nBMW Live Cockpit Professional mit Curved Widescreen\nBMW M 50 Jahre Embleme\nBremsanlage: Compound - M Bremssystem (Bremssättel Rot)\nFahrassistenz-System: Driving Assistant Professional\nKlimaautomatik 3 Zonen\nSitzbezug / Polsterung: Leder Merino (erweiterter Umfang)\nSportsitze vorn (M-Technic)\nFzg. ohne Modell-Schriftzug\nM Driver´s Package\nMetallic-Lackierung\nElektrische Sitzverstellung mit Memory vorn\nReifen-Reparaturset (Mobility-Pack)\nScheinwerfer BMW Individual Shadow-Line\nSonnenschutzverglasung (hinten abgedunkelt)\nAblage-Paket\nAdaptives Fahrwerk M-Technic\nAirbag Beifahrerseite abschaltbar\nAirbag Fahrer-/Beifahrerseite\nAmbiente-Beleuchtung\nAusstattungs-Paket: Connected Professional\nAußenausstattung: Shadow-Line Hochglanz\nAußenausstattung: Shadow-Line Hochglanz (erweiterter Umfang)\nAußenspiegel elektr. verstell- und heizbar\nBedienelemente galvanisiert\nBordcomputer\nCompetition\nDAB-Tuner (Radioempfang digital)\nDachhimmel Anthrazit (BMW Individual)\nDiebstahlsicherung für Räder (Felgenschlösser)\nDurchladeeinrichtung (Mittelarmlehne hinten)\nDynamische Stabilitäts-Control (DSC) mit erweiterter Umfang\nErste Hilfe-Kasten / Verbandkasten\nFahrassistenz-System: Active Guard (Bremsassistent)\nFahrassistenz-System: Aufmerksamkeits-Assistent\nFreisprecheinrichtung Bluetooth mit USB-/Audio-Schnittstelle\nFußmatten Velours\nGepäckraumbeleuchtung\nGetriebe Automatik - mit Steptronic und Drivelogic (8-Stufen)\nGetränkehalter\nHeckleuchten LED\nHiFi-Lautsprechersystem\nInduktionsladeschale für Smartphone (Wireless Charging)\nInnenausstattung: Interieurleisten, schwarz hochglänzend\nInnenspiegel mit Abblendautomatik\nInstrumentenkombination (erweiterter Umfang)\nIsofix-Aufnahmen für Kindersitz an Rücksitz\nKarosserie: 4-türig\nKlimaautomatik 3-Zonen mit autom. Umluft-Control\nKnieairbag Fahrerseite\nKopf-Airbag-System hinten\nKopf-Airbag-System vorn\nLenksäule (Lenkrad) elektr. verstellbar\nLeuchtweitenregelung\nLM-Felgen\nM Drive (Fahrprofilauswahl)\nM Drive Professional (Fahrprofilauswahl)\nMotor 3,0 Ltr. - 375 kW / 510 PS 24V TwinTurbo KAT (S58)\nNebelschlussleuchte(n)\nOtto-Partikelfilter (OPF)\nPark-Distance-Control (PDC) vorn und hinten\nParkbremse elektrisch\nReifendruck-Kontrollsystem\nReifenpannen-Anzeige\nSchadstoffarm nach Abgasnorm Euro 6d\nSchaltpunktanzeige\nSeitenairbag vorn\nService-System: ConnectedDrive Services\nService-System: Gesetzlicher Notruf\nSitzbezug / Polsterung: Leder Merino (erweiterter Umfang)\nSitze vorn elektr. verstellbar (mit Memory)\nSpiegel-Paket\nSportdifferential\nSportsitze vorn (M-Technic)\nStart-Stop-Knopf, Start/Stop-Anlage (Funktion)\nWarndreieck\nWärme-/Sonnenschutzverglasung kombiniert (hinten abgedunkelt)\n3.te Bremsleuchte\nPRIVATVERKAUF - KEINE MWST. AUSWEISBAR\nInzahlungnahme möglich\nKurzzeit-/ und Zollkennzeichen gegen Aufpreis möglich\nLieferung der Fahrzeuge Deutschlandweit gegen Aufpreis möglich\nInteressiert? Dann freuen wir uns auf Ihren Anruf!\nEin kurzes Telefonat klärt meist mehr als viele E-Mails – deshalb bitten wir um telefonische Kontaktaufnahme.\nIhr Auto. Unser Angebot. Sofort.\nWir kaufen Ihr Fahrzeug – direkt, fair und unkompliziert.\nOb Inzahlungnahme, Tausch oder reiner Ankauf: Sie erhalten ein faires Angebot und auf Wunsch sofort den Betrag - in bar oder per Echtzeitüberweisung.\nEinfach anbieten. Einfach verkaufen.\nRechtlicher Hinweis: Zwischenverkauf und Irrtümer für dieses Angebot sind ausdrücklich vorbehalten. Die Fahrzeugbeschreibung dient ausschließlich der allgemeinen Information und stellt keine zugesicherte Eigenschaft im Sinne desBGB §434 Abs. 1 Satz 3 dar.\nFür den Käufer wesentliche Ausstattungsmerkmale sind vor Abschluss des Kaufvertrags eigenständig zu prüfen. Verbindlich sind ausschließlich die im Kaufvertrag oder in der Auftragsbestätigung getroffenen Vereinbarungen.",
  "dealerDetails": {
    "id": 841674,
    "name": "Daniel Automobile",
    "sellerType": "Dealer",
    "phones": [
      "+49 (0)9123 700463467"
    ],
    "messengers": {
      "WHATS_APP": "+49 (0)176 29114728"
    },
    "languages": [
      "Čeština",
      "Deutsch",
      "Slovenščina",
      "English",
      "Română",
      "Magyar"
    ],
    "country": "DE",
    "address": "Karl-Büttner-Ring 3, DE-91207 Lauf a.d. Pegnitz",
    "location": {
      "latitude": 49.4983028,
      "longitude": 11.2625427
    },
    "activeSince": "2007-11-06T00:00:00.000Z",
    "homepageUrl": "https://home.mobile.de/home/redirect.html?customerId=841674",
    "iconUrl": null,
    "reviewPageUrl": "https://www.mobile.de/bewertungen/DANIEL-AUTOMOBILE?lang=en",
    "score": {
      "total": 4.3,
      "responseTime": 4.3,
      "friendliness": 4.3,
      "advice": 4.3
    },
    "activeRatingCount": 6,
    "vehicleAsDescribedPercentage": 100,
    "recommendPercentage": 100,
    "soldVehicleCount": null,
    "reviews": []
  },
  "attributes": {
    "Vehicle condition": "Used vehicle, Accident-free",
    "Category": "Saloon",
    "Trim line": "Competition",
    "Origin": "German edition",
    "Mileage": "17,000 km",
    "Cubic Capacity": "2,993 ccm",
    "Power": "375 kW (510 hp)",
    "Drive type": "Internal combustion engine",
    "Fuel": "Petrol",
    "Number of Seats": "5",
    "Door Count": "4/5",
    "Transmission": "Automatic",
    "Emission Class": "Euro6d",
    "Emissions Sticker": "4 (Green)",
    "First Registration": "03/2023",
    "Number of Vehicle Owners": "1",
    "HU": "03/2026",
    "Climatisation": "Automatic climatisation, 3 zones",
    "Parking sensors": "Front, Rear",
    "Airbags": "Front and Side and More Airbags",
    "Colour (Manufacturer)": "TORONTO ROT METALLIC",
    "Colour": "Red Metallic",
    "Interior Design": "Full leather, Black",
    "Date of last service (date)": "07/2025",
    "Last service (mileage)": "16,723 km",
    "Cylinders": "6",
    "Energy consumption (comb.)": "-- l/100km",
    "CO₂ emissions (comb.)": "223 g/km"
  },
  "features": [
    "ABS",
    "Adaptive Cruise Control",
    "Alarm system",
    "Alloy wheels",
    "Ambient lighting",
    "Android Auto",
    "Apple CarPlay",
    "Arm rest",
    "Autom. dimming interior mirror",
    "Bluetooth",
    "Central locking",
    "DAB radio",
    "Digital cockpit",
    "Distance warning system",
    "Electric seat adjustment",
    "Electric side mirror",
    "Electric windows",
    "Eletric seat adjustment with memory function",
    "Emergency brake assist",
    "Emergency call system",
    "Emergency tyre repair kit",
    "ESP",
    "Folding exterior mirrors",
    "Hands-free kit",
    "Head-up display",
    "Heated seats",
    "Hill-start assist",
    "Immobilizer",
    "Induction charging for smartphones",
    "Integrated music streaming",
    "Isofix",
    "Lane change assist",
    "Leather steering wheel",
    "LED headlights",
    "LED running lights",
    "Light sensor",
    "Lumbar support",
    "Multifunction steering wheel",
    "Navigation system",
    "Non-smoker vehicle",
    "On-board computer",
    "Paddle shifters",
    "Particulate filter",
    "Power Steering",
    "Rain sensor",
    "Rear wheel drive",
    "Sport seats",
    "Sports package",
    "Sports suspension",
    "Start-stop system",
    "Summer tyres",
    "Touchscreen",
    "Traction control",
    "Traffic sign recognition",
    "Tuner/radio",
    "Tyre pressure monitoring",
    "USB port",
    "Voice control",
    "Warranty",
    "WLAN / Wi-Fi hotspot"
  ]
},
{
  "title": "BMW M3 Competition *Carbon*Kamera*Laser*Eisenmann*",
  "previewImage": "https://img.classistatic.de/api/v1/mo-prod/images/d2/d265cc5c-db00-44e8-af02-f1ed674b79ca?rule=mo-1600.jpg",
  "category": "Limousine",
  "brand": "BMW",
  "model": "M3",
  "url": "https://suchen.mobile.de/fahrzeuge/details.html?id=421958430",
  "price.total.amount": 69990,
  "priceRating": {
    "rating": "Fair price",
    "priceRanges": {
      "Very good price": {
        "start": 48101,
        "end": 62500
      },
      "Good price": {
        "start": 62501,
        "end": 67300
      },
      "Fair price": {
        "start": 67301,
        "end": 74900
      },
      "Increased price": {
        "start": 74901,
        "end": 80400
      },
      "High price": {
        "start": 80401,
        "end": 89300
      }
    }
  },
  "description": "Wir bieten Ihnen einen gepflegten BMW M3 Competition an.\nGepflegter Zustand \nDeutsches Fahrzeug\nDeutsche Erstauslieferung\nLückenlos BMW Scheckheftgepflegt\nEisenmann Auspuffanlage \nH&R Federn\nH&R Distanzscheiben\n2. Hand + BMW \nTier- und Nikotinfrei\nGaragenfahrzeug\nInnenausstattung: Sitzbezug / Polsterung: Leder Merino (erweiterter Umfang)\n- Sitze vorn elektr. verstellbar (mit Memory)\n\nAußenfarbe : BLACK SAPPHIRE METALLIC\n\nSonderausstattung:\nBremsanlage: Compound - M Bremssystem (Bremssättel Rot)\nFahrassistenz-System: Fernlichtassistent\nInnenausstattung: Interieurleisten Carbon\nKomfortzugang (Öffnungs- und Schließsystem)\nLenkrad heizbar\nLM-Felgen vorn/hinten: 9,5x19 / 10,5x20 (Doppelspeichen 825 M, Orbit-Grau matt)\nMetallic-Lackierung\nParkassistent-Paket\nRückfahrkamera\nFahrassistenz-System: Rückfahr-Assistent\nScheinwerfer BMW Individual Shadow-Line\nScheinwerfer Laserlicht\nSonnenschutzverglasung (hinten abgedunkelt)\nSound-System Harman-Kardon\n\nSerien-Ausstattung:\nAblage-Paket\nAdaptives Fahrwerk M-Technic\nAirbag Beifahrerseite abschaltbar\nAirbag Fahrer-/Beifahrerseite\nAlarmanlage\nAmbiente-Beleuchtung\nAnti-Blockier-System (ABS)\nAusstattungs-Paket: Connected Professional\nAusstattungs-Paket: Connected Teaser\nService-System: Remote Services\nService-System: Concierge Services\nService-System: Real Time Traffic Information (RTTI)\nService-System: Remote 3D View\nAußenausstattung: Shadow-Line Hochglanz\nAußenausstattung: Shadow-Line Hochglanz (erweiterter Umfang)\nAußenspiegel elektr. verstell- und heizbar\nBedienelemente galvanisiert\nBMW Live Cockpit Professional\nBordcomputer\nCompetition\nDAB-Tuner (Radioempfang digital)\nDachhimmel Anthrazit (BMW Individual)\nDiebstahlsicherung für Räder (Felgenschlösser)\nDurchladeeinrichtung (Mittelarmlehne hinten)\nDynamische Stabilitäts-Control (DSC) mit erweiterter Umfang\nErste Hilfe-Kasten / Verbandkasten\nFahrassistenz-System: Active Guard (Bremsassistent)\nFahrassistenz-System: Aufmerksamkeits-Assistent\nFensterheber elektrisch\nFreisprecheinrichtung Bluetooth mit USB-/Audio-Schnittstelle\nFußmatten Velours\nGepäckraumbeleuchtung\nGeschwindigkeits-Begrenzeranlage (Speed Limit Device)\nGeschwindigkeits-Regelanlage mit Bremsfunktion\nGetriebe Automatik - mit Steptronic und Drivelogic (8-Stufen)\nGetränkehalter\nHeckleuchten LED\nInnenspiegel mit Abblendautomatik\nInstrumentenkombination (erweiterter Umfang)\nIsofix-Aufnahmen für Kindersitz an Rücksitz\nKarosserie: 4-türig\nKlimaautomatik 3-Zonen mit autom. Umluft-Control\nKnieairbag Fahrerseite\nKopf-Airbag-System hinten\nKopf-Airbag-System vorn\nLenkrad (Leder) mit Multifunktion M-Technic\nLenksäule (Lenkrad) elektr. verstellbar\nLeuchtweitenregelung\nM Drive (Fahrprofilauswahl)\nM Drive Professional (Fahrprofilauswahl)\nMotor 3,0 Ltr. - 375 kW 24V TwinTurbo KAT (S58)\nNebelschlussleuchte(n)\nOtto-Partikelfilter (OPF)\nPark-Distance-Control (PDC) vorn und hinten\nParkbremse elektrisch\nReifendruck-Kontrollsystem\nReifenpannen-Anzeige\nSchadstoffarm nach Abgasnorm Euro 6d\nSchaltpunktanzeige\nScheibenwischer mit Regensensor\nSeitenairbag vorn\nService-System: ConnectedDrive Services\nService-System: Gesetzlicher Notruf\nSitzbezug / Polsterung: Leder Merino (erweiterter Umfang)\nSitze vorn elektr. verstellbar (mit Memory)\nSitzheizung vorn\nSpiegel-Paket\nAußenspiegel elektr. anklappbar\nAußenspiegel mit Abblendautomatik, links\nAußenspiegel mit Bordsteinautomatik, rechts\nSportdifferential\nSportsitze vorn (M-Technic)\nStart-Stop-Knopf\nStart/Stop-Anlage (Funktion)\nWarndreieck\nWegfahrsperre\nWärme-/Sonnenschutzverglasung kombiniert (hinten abgedunkelt)\nZentralverriegelung mit Fernbedienung",
  "dealerDetails": {
    "id": 512389,
    "name": "Auto Nord Remscheid",
    "sellerType": "Dealer",
    "phones": [
      "+49 (0)2191 598902362"
    ],
    "languages": [
      "Deutsch",
      "English"
    ],
    "country": "DE",
    "address": "Borner Str. 9-19, DE-42897 Remscheid",
    "location": {
      "latitude": 51.1803056,
      "longitude": 7.253823
    },
    "activeSince": "2006-03-24T00:00:00.000Z",
    "homepageUrl": "https://home.mobile.de/home/redirect.html?customerId=512389",
    "iconUrl": "https://img.classistatic.de/api/v1/mo-prod/images/59/597b8ebd-0e2b-4f07-a14c-f74e8694be80?rule=mo-640.jpg",
    "reviewPageUrl": "https://www.mobile.de/bewertungen/AUTONORD-REMSCHEID?lang=en",
    "score": {
      "total": 4.5,
      "responseTime": 4.5,
      "friendliness": 4.6,
      "advice": 4.3
    },
    "activeRatingCount": 106,
    "vehicleAsDescribedPercentage": 90,
    "recommendPercentage": 85,
    "soldVehicleCount": null,
    "reviews": []
  },
  "attributes": {
    "Vehicle condition": "Used vehicle, Accident-free",
    "Category": "Saloon",
    "Model range": "Baureihe M3 Lim. (G80)(2020->)",
    "Trim line": "Competition",
    "Vehicle Number": "25215",
    "Availability": "Now",
    "Origin": "German edition",
    "Mileage": "75,000 km",
    "Cubic Capacity": "2,993 ccm",
    "Power": "375 kW (510 hp)",
    "Drive type": "Internal combustion engine",
    "Fuel": "Petrol, E10-enabled",
    "CO₂ class": "Based on CO₂ emissions (combined)",
    "Fuel consumption": [
      "10.0 l/100km (combined)"
    ],
    "Energy costs for 15,000 km annual mileage": "€2,880/Year",
    "Fuel price": "€1.92/l (annual average 2024)",
    "Possible CO₂ costs over the next 10 years (15,000 km/year)": [
      "€3,933 (assuming an average CO₂ price of €115/t)",
      "€1,710 (assuming a low average CO₂ price of €50/t)",
      "€6,498 (assuming a high average CO₂ price of €190/t)"
    ],
    "Number of Seats": "5",
    "Door Count": "4/5",
    "Transmission": "Automatic",
    "Emission Class": "Euro6d",
    "Emissions Sticker": "4 (Green)",
    "First Registration": "04/2021",
    "Climatisation": "Automatic climatisation, 3 zones",
    "Parking sensors": "Camera, Rear, Front",
    "Airbags": "Front and Side and More Airbags",
    "Colour (Manufacturer)": "BLACK SAPPHIRE METALLIC",
    "Colour": "Black Metallic",
    "Interior Design": "Full leather, Black",
    "Weight": "1,805 kg",
    "Cylinders": "6",
    "Energy consumption (comb.)": "10.0 l/100km",
    "CO₂ emissions (comb.)": "228 g/km"
  },
  "features": [
    "ABS",
    "Adaptive cornering lights",
    "Alarm system",
    "Alloy wheels",
    "Ambient lighting",
    "Android Auto",
    "Apple CarPlay",
    "Arm rest",
    "Autom. dimming interior mirror",
    "Bluetooth",
    "Cargo barrier",
    "CD Multichanger",
    "CD player",
    "Central locking",
    "Cruise control",
    "DAB radio",
    "Digital cockpit",
    "Distance warning system",
    "Dynamic chassis control",
    "Electric seat adjustment",
    "Electric side mirror",
    "Electric windows",
    "Eletric seat adjustment with memory function",
    "Emergency brake assist",
    "Emergency call system",
    "Emergency tyre repair kit",
    "ESP",
    "Fatigue warning system",
    "Fog lamp",
    "Folding exterior mirrors",
    "Full Service History",
    "Glare-free high beam headlights",
    "Hands-free kit",
    "Heated seats",
    "Heated steering wheel",
    "High beam assist",
    "Hill-start assist",
    "Immobilizer",
    "Induction charging for smartphones",
    "Integrated music streaming",
    "Isofix",
    "Keyless central locking",
    "Lane change assist",
    "Laser headlights",
    "Leather steering wheel",
    "LED running lights",
    "Light sensor",
    "Lumbar support",
    "Multifunction steering wheel",
    "Navigation system",
    "Non-smoker vehicle",
    "On-board computer",
    "Paddle shifters",
    "Power Steering",
    "Rain sensor",
    "Rear traffic alert",
    "Rear wheel drive",
    "Ski bag",
    "Smoker's package",
    "Sound system",
    "Speed limit control system",
    "Sport seats",
    "Sports package",
    "Sports suspension",
    "Start-stop system",
    "Summer tyres",
    "Tinted windows",
    "Touchscreen",
    "Traction control",
    "Traffic sign recognition",
    "Tuner/radio",
    "Tyre pressure monitoring",
    "USB port",
    "Voice control",
    "Warranty",
    "Winter package",
    "WLAN / Wi-Fi hotspot"
  ]
},
{
  "title": "BMW M3 Competition Carbon/Navi/Virtual/360°/H&K",
  "previewImage": "https://img.classistatic.de/api/v1/mo-prod/images/a8/a8a1d32e-877a-4647-8321-dcf75ff76ede?rule=mo-1600.jpg",
  "category": "Limousine",
  "brand": "BMW",
  "model": "M3",
  "url": "https://suchen.mobile.de/fahrzeuge/details.html?id=422456887",
  "price.total.amount": 71499,
  "priceRating": {
    "rating": "Fair price",
    "priceRanges": {
      "Very good price": {
        "start": 50401,
        "end": 65500
      },
      "Good price": {
        "start": 65501,
        "end": 70600
      },
      "Fair price": {
        "start": 70601,
        "end": 78500
      },
      "Increased price": {
        "start": 78501,
        "end": 84200
      },
      "High price": {
        "start": 84201,
        "end": 93600
      }
    }
  },
  "description": "Vorab:\nBitte vor Anfahrt mit uns einen Termin abstimmen - damit wir uns die nötige Zeit für Sie nehmen können und Sie individuell beraten können! Vielen DANK!\n\nIn der Regel stehen alle Fahrzeuge in unseren beheizten & belüfteten Hallen mit ausreichendem Decken- und Tageslicht und sind vor Witterungseinflüssen geschützt.\n__________________________________________________________________\n\n*absolute Augenweide*\n*ein Traum auf 4 Rädern*\nDEUTSCHES FAHRZEUG MIT DEUTSCHER ERST AUSLIEFERUNG !! KEIN RE IMPORT !!!\n\nAbsolut schicker BMW M3 Competition im sehr guten peniblem gepflegten Zustand - mit einer sehr guten Ausstattung die absolut keine Wünsche offen lässt.\n\nDas Auto besitzt die weltbeliebte und durchzugsstarke 3.0 Liter Benziner Maschine mit 510 ps.\n\nMotor und Automatik Getriebe laufen sehr gut, ebenfalls ist das Fahrwerk im perfekten Zustand (keine Geräusche, keine Vibrationen).\n\nOptisch ebenfalls im sehr guten Zustand.\n\nDas Auto hat keine Rennstrecke oder ähnliches gesehen.\nWurde IMMER penibel kalt & warm gefahren!\n\nDas Fahrzeug ist mit der kompletten Bordmappe und dem Scheckheft ausgestattet.\n\nDas Fahrzeug wurde regelmäßig gewartet, anbei ein Auszug aus der digitalen Servicehistorie: \n- bei 11 km (bei BMW)\n- bei 2544 km (bei BMW)\n- bei 27721 km (bei BMW)\n- bei 48729 km (bei BMW)\n\nAuf Wunsch und gegen Aufpreis mit neuem Tüv.\nResttüv vorhanden.\n\nreich an Sonderausstattungen:\nBMW Display-Key, BMW Drive Recorder (Dashcam), Bremsanlage: Compound - M Bremssystem (Bremssättel Rot), Fahrassistenz-System: Driving Assistant Professional, Innenausstattung: Individual Interieurleisten Pianolack, Innovations-Paket, LM-Felgen vorn/hinten: 9,5x19 / 10,5x20 (Doppelspeichen 825 M, Orbit-Grau matt), Parkassistent-Paket Plus, Scheinwerfer BMW Individual Shadow-Line, Sicherheitsgurte M, Sonnenschutzverglasung (hinten abgedunkelt), Sound-System Harman-Kardon, Carbon Dach, Ablage-Paket, Adaptives Fahrwerk M-Technic, Airbag Beifahrerseite abschaltbar, Airbag Fahrer-/Beifahrerseite, Aktives M Differential, Alpinweiß-Lackierung (Uni), Ambiente-Beleuchtung, Ausstattungs-Paket: Connected Professional, Außenausstattung: Shadow-Line Hochglanz, Außenausstattung: Shadow-Line Hochglanz (erweiterter Umfang), Außenspiegel elektr. verstell- und heizbar, Bedienelemente galvanisiert, Blinkleuchte in Außenspiegel integriert, BMW Live Cockpit Professional, Bordcomputer, Competition, DAB-Tuner (Radioempfang digital), Dachhimmel Anthrazit (BMW Individual), Diebstahlsicherung für Räder (Felgenschlösser), Durchladeeinrichtung (Mittelarmlehne hinten), Dynamische Stabilitäts-Control (DSC) mit erweiterter Umfang, Erste Hilfe-Kasten / Verbandkasten, Fahrassistenz-System: Active Guard (Bremsassistent), Fahrassistenz-System: Aufmerksamkeits-Assistent, Freisprecheinrichtung Bluetooth mit USB-/Audio-Schnittstelle, Fußmatten Velours, Gepäckraumbeleuchtung, Getriebe Automatik - mit Steptronic und Drivelogic (8-Stufen), Getränkehalter, Heckleuchten LED, Innenspiegel mit Abblendautomatik, Instrumentenkombination (erweiterter Umfang), Isofix-Aufnahmen für Kindersitz an Rücksitz, Karosserie: 4-türig, Kennzeichenbeleuchtung LED, Klimaautomatik 3-Zonen mit autom. Umluft-Control, Knieairbag Fahrerseite, Kopf-Airbag-System hinten, Kopf-Airbag-System vorn, Kopfstützen hinten klappbar, Leichtbaudach (kohlefaserverstärkter Kunststoff, CFK), Lenksäule (Lenkrad) elektr. verstellbar, Lenksäule (Lenkrad) mechan. verstellbar, Leuchtweitenregelung, M Drive (Fahrprofilauswahl), M Drive Professional (Fahrprofilauswahl), Motor 3,0 Ltr. - 375 kW 24V TwinTurbo KAT (S58), Multifunktion für Lenkrad, Nebelschlussleuchte(n), Otto-Partikelfilter (OPF), Park-Distance-Control (PDC) vorn und hinten, Parkbremse elektrisch, Reifendruck-Kontrollsystem, Reifenpannen-Anzeige, Schadstoffarm nach Abgasnorm Euro 6d, Schaltpunktanzeige, Scheinwerfer LED, Seitenairbag vorn, Service-System: Intelligenter Notruf inkl. TeleServices, Sitzbezug / Polsterung: Leder Merino (erweiterter Umfang), Sitze vorn elektr. verstellbar (mit Memory), Sitzheizung vorn, Spiegel-Paket, Sportdifferential, Sportsitze vorn (M-Technic), Start-Stop-Knopf, Start/Stop-Anlage (Funktion), Steckdose (12V-Anschluß) in Mittelkonsole vorn, Warndreieck, Wärme-/Sonnenschutzverglasung, Wärme-/Sonnenschutzverglasung kombiniert (hinten abgedunkelt)\n\n\nDer Verkäufer übernimmt keine Haftung für Tipp. – und Datenübermittlungsfehler. Alle Ausstattungen sind ggf. gesondert zu prüfen. Alle Angaben in den Inseraten sind unverbindlich und ohne Gewähr.\nIrrtümmer und Tippfehler vorbehalten.\n\nInzahlungnahme zu fairen Konditionen möglich.\nEine Gebrauchtwagen Garantie ist gegen Aufpreis möglich.\nBitte vor Anfahrt mit uns einen Termin abstimmen.\n\nBitte beachten Sie, dass wir Fahrzeuge älter als 5 Jahre oder mit einer Laufleistung von über 100.000 Km bevorzugt an Gewerbebetreibende oder an Export verkaufen!\n\nTel: 0157 73694843",
  "dealerDetails": {
    "id": 15793186,
    "name": "VALENTINO CAR´S",
    "sellerType": "Dealer",
    "phones": [
      "+49 (0)2191 374604690"
    ],
    "messengers": {
      "WHATS_APP": "+49 (0)1577 3694843"
    },
    "languages": [
      "Deutsch",
      "English",
      "Italiano"
    ],
    "country": "DE",
    "address": "Am Graben 2-6, DE-42477 Radevormwald",
    "location": {
      "latitude": 51.220527,
      "longitude": 7.3150862
    },
    "activeSince": "2017-01-16T00:00:00.000Z",
    "homepageUrl": "https://home.mobile.de/home/redirect.html?customerId=15793186",
    "iconUrl": "https://img.classistatic.de/api/v1/mo-prod/images/2d/2d6d4998-2f10-4684-b54f-e699665b97b6?rule=mo-640.jpg",
    "reviewPageUrl": "https://www.mobile.de/bewertungen/VALENTINOCARSRADEVORMWALD?lang=en",
    "score": {
      "total": 4.9,
      "responseTime": 4.9,
      "friendliness": 4.9,
      "advice": 4.9
    },
    "activeRatingCount": 146,
    "vehicleAsDescribedPercentage": 97,
    "recommendPercentage": 97,
    "soldVehicleCount": null,
    "reviews": []
  },
  "attributes": {
    "Vehicle condition": "Used vehicle",
    "Category": "Saloon",
    "Model range": "Baureihe M3 Lim. (G80)",
    "Trim line": "Competition",
    "Mileage": "49,578 km",
    "Cubic Capacity": "2,993 ccm",
    "Power": "375 kW (510 hp)",
    "Drive type": "Internal combustion engine",
    "Fuel": "Petrol",
    "Fuel consumption": [
      "10.2 l/100km (combined)"
    ],
    "Number of Seats": "5",
    "Door Count": "4/5",
    "Transmission": "Automatic",
    "Emission Class": "Euro6",
    "Emissions Sticker": "4 (Green)",
    "First Registration": "03/2021",
    "HU": "New",
    "Climatisation": "Automatic climatisation, 2 zones",
    "Parking sensors": "Rear, 360° camera, Front, Self-steering systems",
    "Airbags": "Front and Side and More Airbags",
    "Colour (Manufacturer)": "ALPINWEISS III",
    "Colour": "White",
    "Interior Design": "Full leather, Black",
    "Weight": "1,805 kg",
    "Cylinders": "6",
    "Tank capacity": "59 l",
    "Energy consumption (comb.)": "10.2 l/100km",
    "CO₂ emissions (comb.)": "234 g/km"
  },
  "features": [
    "ABS",
    "Adaptive cornering lights",
    "Adaptive Cruise Control",
    "Alarm system",
    "Alloy wheels",
    "Ambient lighting",
    "Android Auto",
    "Apple CarPlay",
    "Arm rest",
    "Autom. dimming interior mirror",
    "Blind spot assist",
    "Bluetooth",
    "Cargo barrier",
    "Central locking",
    "DAB radio",
    "Digital cockpit",
    "Distance warning system",
    "Dynamic chassis control",
    "Electric seat adjustment",
    "Electric side mirror",
    "Electric windows",
    "Eletric seat adjustment with memory function",
    "Emergency brake assist",
    "Emergency call system",
    "Emergency tyre repair kit",
    "ESP",
    "Fatigue warning system",
    "Fog lamp",
    "Fold flat passenger seat",
    "Folding exterior mirrors",
    "Full Service History",
    "Glare-free high beam headlights",
    "Hands-free kit",
    "Head-up display",
    "Heated seats",
    "High beam assist",
    "Hill-start assist",
    "Immobilizer",
    "Induction charging for smartphones",
    "Integrated music streaming",
    "Isofix",
    "Keyless central locking",
    "Lane change assist",
    "Laser headlights",
    "Leather steering wheel",
    "LED running lights",
    "Light sensor",
    "Lumbar support",
    "Multifunction steering wheel",
    "Navigation system",
    "Non-smoker vehicle",
    "On-board computer",
    "Paddle shifters",
    "Particulate filter",
    "Power Steering",
    "Rain sensor",
    "Rear traffic alert",
    "Rear wheel drive",
    "Sound system",
    "Speed limit control system",
    "Sport seats",
    "Sports package",
    "Sports suspension",
    "Start-stop system",
    "Tinted windows",
    "Touchscreen",
    "Traction control",
    "Traffic sign recognition",
    "Tuner/radio",
    "Tyre pressure monitoring",
    "USB port",
    "Voice control",
    "Warranty",
    "Winter package",
    "WLAN / Wi-Fi hotspot"
  ]
},
{
  "title": "BMW M3 Lim. M xDrive Competition",
  "previewImage": "https://img.classistatic.de/api/v1/mo-prod/images/5d/5dce4590-31f2-48f3-90a0-9395386cdd8d?rule=mo-1600.jpg",
  "category": "Limousine",
  "brand": "BMW",
  "model": "M3",
  "url": "https://suchen.mobile.de/fahrzeuge/details.html?id=428209467",
  "price.total.amount": 69990,
  "priceRating": {
    "rating": "Very good price",
    "priceRanges": {
      "Very good price": {
        "start": 55401,
        "end": 72000
      },
      "Good price": {
        "start": 72001,
        "end": 77500
      },
      "Fair price": {
        "start": 77501,
        "end": 86200
      },
      "Increased price": {
        "start": 86201,
        "end": 92500
      },
      "High price": {
        "start": 92501,
        "end": 102800
      }
    }
  },
  "description": "Sonderausstattung:\nAktive Sitzbelüftung vorn, BMW Display-Key, Heckklappenbetätigung automatisch, Innovations-Paket, Lenkrad heizbar, Metallic-Lackierung, Parkassistent-Paket, Reifen-Reparaturset (Mobility-Pack), Scheinwerfer BMW Individual Shadow-Line, Schiebe-/Hebedach elektrisch (Glas), Sonnenschutzverglasung (hinten abgedunkelt), Sound-System Harman-Kardon,Reparierter Vorschaden,Pkw wird in Kunden Auftrag verkauft,Deutsches Auto,Garagenwagen Neuwertigen Zustand,Nichtraucher Fahrzeug.Trotz sorgfältiger Prüfung bleiben Irrtümer/Druckfehler/Schreibfehler und Zwischenverkauf vorbehalten. \n\nWeitere Ausstattung:\nAblage-Paket, Adaptives Fahrwerk M-Technic, Airbag Beifahrerseite abschaltbar, Airbag Fahrer-/Beifahrerseite, Aktives M Differential, Ambiente-Beleuchtung, Ausstattungs-Paket: Connected Professional, Außenausstattung: Shadow-Line Hochglanz, Außenausstattung: Shadow-Line Hochglanz (erweiterter Umfang), Außenspiegel elektr. verstell- und heizbar, Bedienelemente galvanisiert, Blinkleuchte in Außenspiegel integriert, BMW Live Cockpit Professional, Bordcomputer, Competition, DAB-Tuner (Radioempfang digital), Dachhimmel Anthrazit (BMW Individual), Diebstahlsicherung für Räder (Felgenschlösser), Durchladeeinrichtung (Mittelarmlehne hinten), Dynamische Stabilitäts-Control (DSC) mit erweiterter Umfang, Erste Hilfe-Kasten / Verbandkasten, Fahrassistenz-System: Active Guard (Bremsassistent), Fahrassistenz-System: Aufmerksamkeits-Assistent, Freisprecheinrichtung Bluetooth mit USB-/Audio-Schnittstelle, Fußmatten Velours, Gepäckraumbeleuchtung, Getriebe Automatik - mit Steptronic und Drivelogic (8-Stufen), Getränkehalter, Heckleuchten LED, Induktionsladeschale für Smartphone (Wireless Charging), Innenausstattung: Interieurleisten, schwarz hochglänzend, Innenspiegel mit Abblendautomatik, Instrumentenkombination (erweiterter Umfang), Isofix-Aufnahmen für Kindersitz an Rücksitz, Karosserie: 4-türig, Kennzeichenbeleuchtung LED, Klimaautomatik 3-Zonen mit autom. Umluft-Control, Knieairbag Fahrerseite, Kopf-Airbag-System hinten, Kopf-Airbag-System vorn, Kopfstützen hinten klappbar, Leichtbaudach (kohlefaserverstärkter Kunststoff, CFK), Lenksäule (Lenkrad) elektr. verstellbar, Lenksäule (Lenkrad) mechan. verstellbar, Leuchtweitenregelung, LM-Felgen vorn/hinten: 9,5x19 / 10,5x20 (Doppelspeiche 826 M, Schwarz), M Drive (Fahrprofilauswahl), M Drive Professional (Fahrprofilauswahl), Motor 3,0 Ltr. - 375 kW 24V TwinTurbo KAT (S58), Multifunktion für Lenkrad, Nebelschlussleuchte(n), Otto-Partikelfilter (OPF), Park-Distance-Control (PDC) vorn und hinten, Parkbremse elektrisch, Reifendruck-Kontrollsystem, Reifenpannen-Anzeige, Schadstoffarm nach Abgasnorm Euro 6d, Schaltpunktanzeige, Scheinwerfer LED, Seitenairbag vorn, Service-System: Intelligenter Notruf inkl. TeleServices, Sitzbezug / Polsterung: Leder Merino /Silverstone/Schwarz (erweiterter Umfang), Sitze vorn elektr. verstellbar (mit Memory), Spiegel-Paket, Sportdifferential, Sportsitze vorn (M-Technic), Start-Stop-Knopf, Start/Stop-Anlage (Funktion), Steckdose (12V-Anschluß) in Mittelkonsole vorn, Warndreieck, Wärme-/Sonnenschutzverglasung, Wärme-/Sonnenschutzverglasung kombiniert (hinten abgedunkelt)",
  "dealerDetails": {
    "id": 464972,
    "name": "Automobile Caracciolo GmbH & Co. KG",
    "sellerType": "Dealer",
    "phones": [
      "+49 (0)8131 356960154"
    ],
    "messengers": {
      "WHATS_APP": "+49 (0)172 8102290"
    },
    "languages": [
      "Deutsch",
      "Italiano"
    ],
    "country": "DE",
    "address": "Münchner Str. 209, DE-85757 Karlsfeld bei München",
    "location": {
      "latitude": 48.2216722,
      "longitude": 11.4743062
    },
    "activeSince": "2003-12-11T00:00:00.000Z",
    "homepageUrl": "https://home.mobile.de/home/redirect.html?customerId=464972",
    "iconUrl": null,
    "reviewPageUrl": "https://www.mobile.de/bewertungen/CARACCIOLO?lang=en",
    "score": {
      "total": 4.5,
      "responseTime": 4.9,
      "friendliness": 4.6,
      "advice": 4
    },
    "activeRatingCount": 7,
    "vehicleAsDescribedPercentage": 80,
    "recommendPercentage": 100,
    "soldVehicleCount": null,
    "reviews": []
  },
  "attributes": {
    "Vehicle condition": "Used vehicle, Repaired accident damage",
    "Category": "Saloon",
    "Model range": "Baureihe M3 Lim. (G80)(2020->)",
    "Trim line": "xDrive Competition",
    "Origin": "German edition",
    "Mileage": "19,250 km",
    "Cubic Capacity": "2,993 ccm",
    "Power": "375 kW (510 hp)",
    "Drive type": "Internal combustion engine",
    "Fuel": "Petrol",
    "Number of Seats": "5",
    "Door Count": "4/5",
    "Emission Class": "Euro5",
    "Emissions Sticker": "4 (Green)",
    "First Registration": "07/2022",
    "Number of Vehicle Owners": "2",
    "HU": "06/2027",
    "Climatisation": "Automatic climatisation, 3 zones",
    "Parking sensors": "Rear",
    "Airbags": "Front and Side and More Airbags",
    "Colour (Manufacturer)": "BLACK SAPPHIRE METALLIC",
    "Colour": "Black Metallic",
    "Interior Design": "Full leather, Black",
    "Weight": "1,805 kg",
    "Cylinders": "6",
    "Tank capacity": "59 l"
  },
  "features": [
    "ABS",
    "Adaptive cornering lights",
    "Alarm system",
    "Alloy wheels",
    "Ambient lighting",
    "Android Auto",
    "Apple CarPlay",
    "Arm rest",
    "Autom. dimming interior mirror",
    "Blind spot assist",
    "Bluetooth",
    "Central locking",
    "Cruise control",
    "DAB radio",
    "Daytime running lights",
    "Distance warning system",
    "Dynamic chassis control",
    "Electric seat adjustment",
    "Electric side mirror",
    "Electric windows",
    "Eletric seat adjustment with memory function",
    "Emergency brake assist",
    "Emergency tyre repair kit",
    "ESP",
    "Folding exterior mirrors",
    "Four-wheel drive",
    "Full Service History",
    "Glare-free high beam headlights",
    "Hands-free kit",
    "Head-up display",
    "Heated rear seats",
    "Heated seats",
    "Heated steering wheel",
    "High beam assist",
    "Hill-start assist",
    "Immobilizer",
    "Induction charging for smartphones",
    "Integrated music streaming",
    "Isofix",
    "Lane change assist",
    "Laser headlights",
    "Leather steering wheel",
    "Light sensor",
    "Lumbar support",
    "Multifunction steering wheel",
    "Navigation system",
    "Non-smoker vehicle",
    "On-board computer",
    "Paddle shifters",
    "Power Steering",
    "Rain sensor",
    "Seat ventilation",
    "Sound system",
    "Sport seats",
    "Sports package",
    "Sports suspension",
    "Start-stop system",
    "Summer tyres",
    "Sunroof",
    "Tinted windows",
    "Touchscreen",
    "Traction control",
    "Traffic sign recognition",
    "Tuner/radio",
    "Tyre pressure monitoring",
    "USB port",
    "Voice control",
    "Winter package",
    "WLAN / Wi-Fi hotspot"
  ]
},
{
  "title": "BMW M3 Lim. Compet.,Laser,Harm.Kard.,HeadUp,el.Sitze",
  "previewImage": "https://img.classistatic.de/api/v1/mo-prod/images/f9/f94e6d9a-530a-4aec-9678-95f50078d923?rule=mo-1600.jpg",
  "category": "Limousine",
  "brand": "BMW",
  "model": "M3",
  "url": "https://suchen.mobile.de/fahrzeuge/details.html?id=421913746",
  "price.total.amount": 70900,
  "priceRating": {
    "rating": "Fair price",
    "priceRanges": {
      "Very good price": {
        "start": 50401,
        "end": 65500
      },
      "Good price": {
        "start": 65501,
        "end": 70600
      },
      "Fair price": {
        "start": 70601,
        "end": 78500
      },
      "Increased price": {
        "start": 78501,
        "end": 84200
      },
      "High price": {
        "start": 84201,
        "end": 93600
      }
    }
  },
  "description": "Dieser Supersportler der BMW M3 Limousine Competition G80 Baureihe mit 510 PS - 650 Newtonmeter - 6 Zylinder katapultiert von 0-100 km/h in 3.9 Sekunden.\n\nDie Farbe isle of man green metallic ist unsere absolute Lieblingsfarbe.\nWir sind der Meinung sie steht dem M3 wie keine andere Farbe.\n\nDa es von dieser Farbe auch nicht viel auf dem Markt gibt, ist dies schon ein recht seltenes Exemplar\n\nEr ist aus\n\n2. Hand\n1. Hand von 05.2021 - 07.2023 Dienstwagen der BMW AG\n2. Hand von 07.2023 - heute ein Herr im mittleren Alter\n\nUNFALLFREI\n\nDeutsches Fahrzeug\n\nScheckheftgepflegt\n\nKeine Macken,Kratzer oder Dellen\n\nTop Ausstattung\n\nH & R Tieferlegungsfedern\nSpurplatten\n\nDer Rest ist komplett original.\n\n\n\nFarbe: Isle of man green metallic\nPolster: Leder \"Merino\"/schwarz\n\n01CB CO2 Umfang\n01DF Abgasnorm EU6 rde II\n01MB M DRIVE PROFESSIONAL\n01T7 BMW LM Rad 825M OG/GG\n0230 EU-spezifische Zusatzumfänge\n02PA Radschraubensicherung\n02T4 M Sportdifferenzial\n02VB Reifendruckanzeige\n02VC Reifenreparatur-Set\n02VF Adaptives M Fahrwerk\n0302 Alarmanlage\n0316 Automatische Heckklappenbetätigung\n0322 Komfortzugang\n03M6 M COMPOUND-BREMSE, SCHWARZ HOCHGL.\n03MF M Leuchten Shadow Line\n0420 Abgedunkelte Verglasung\n0428 Warndreieck und Verbandstasche\n0430 Innen-/Aussensp. mit Abblendautomatik\n0431 Innenspiegel automatisch abblendend\n0459 Sitzverstellung elektrisch mit Memory\n0488 Lordosenstütze Fahrer u. Beifahrer\n0493 Ablagenpaket\n04HA Sitzheizung vorne und hinten\n04KK Interieurleisten Aluminium Tetragon\n04NE Blow-by-Heizer\n04U0 Galvanikapplikation Bedienelemente\n0534 Klimaautomatik\n0548 Kilometertacho\n05AC Fernlichtassistent\n05AL Active Protection\n05AU Driving Assistant Professional\n05AV Active Guard\n05AZ BMW Laserlicht\n05DA Deaktivierung Airbag Beifahrer\n05DC Kopfstützen im Fond klappbar\n05DN Parkassistenzsystem Plus\n0610 Head-Up Display\n0654 DAB-Tuner (DAB+ fähig)\n0688 Harman/Kardon Surround Sound System\n06AE Teleservices\n06AF Gesetzlicher Notruf\n06AK Connected Drive Services\n06C4 Connected Package Professional\n06NW Telefonie mit Wireless Charging\n06U3 BMW Live Cockpit Professional\n06WD WLAN Hotspot\n0712 M Sportsitz\n0760 Hochglanz Shadow-Line\n0775 Dachhimmel anthrazit\n07M9 M Shadow Line mit erweitertem Umfang\n07R7 Innovationspaket\n0801 Deutschland-Ausführung\n0851 Sprachversion deutsch\n0879 Bordliteratur deutsch\n08EK Dummy-SALAPA\n08KA Ölwartungsintervall 24 Monate/30.000 km\n08R9 Kältemittel R1234yf\n08TF Aktiver Fussgängerschutz\nL070 L070 Batteriegröße 70AH\n\nAlle Fahrzeuge bekommen eine neue Inspektion bzw. vor der Übergabe eine Auslieferungs-Inspektion. Alle evtl. defekten Teile werden erneuert.\n\nAlle BMW, Alpina´s und MINI´s verlassen in einen einwandfreiem technischen und optischen Zustand unser Haus.\n\nGerne liefern wir Ihren neuen BMW oder Mini bis vor Ihre Haustüre. Fragen Sie doch einfach nach unseren günstigen Lieferkonditionen.\n\nIrrtümer und Eingabefehler vorbehalten.\n\nDie Inzahlungnahme Ihres Fahrzeuges zu fairen Preisen ist möglich.\n\nFragen Sie nach unseren günstigen Finanzierungsmöglichkeiten.\n\nKontakt per handy 0179-4888417, oder gerne über whats app.\n\nBitte vereinbaren sie vor der Besichtigung auf jeden Fall einen Termin mit mir.\n\nIch freue mich auf Ihren Besuch.\n\nFolgen Sie uns auch auf Instagramm:\n\n@schmittomobile\n\nMit freundlichen Grüßen\n\nJochen Schmitt",
  "dealerDetails": {
    "id": 25233191,
    "name": "Schmittomobile",
    "sellerType": "Dealer",
    "phones": [
      "+49 (0)9347 314980492"
    ],
    "messengers": {
      "WHATS_APP": "+49 (0)179 4888417"
    },
    "languages": [
      "Deutsch",
      "English"
    ],
    "country": "DE",
    "address": "Königstr.28, DE-97957 Wittighausen",
    "location": {
      "latitude": 49.6111604,
      "longitude": 9.839855300000002
    },
    "activeSince": "2020-12-02T00:00:00.000Z",
    "homepageUrl": "https://home.mobile.de/home/redirect.html?customerId=25233191",
    "iconUrl": "https://img.classistatic.de/api/v1/mo-prod/images/48/4896a81c-d5e1-4ec3-942f-1ed5eead218a?rule=mo-640.jpg",
    "reviewPageUrl": "https://www.mobile.de/bewertungen/Schmittomobile?lang=en",
    "score": {
      "total": 4.9,
      "responseTime": 5,
      "friendliness": 5,
      "advice": 4.9
    },
    "activeRatingCount": 84,
    "vehicleAsDescribedPercentage": 100,
    "recommendPercentage": 100,
    "soldVehicleCount": null,
    "reviews": []
  },
  "attributes": {
    "Vehicle condition": "Used vehicle, Accident-free",
    "Category": "Saloon",
    "Model range": "Baureihe M3 Lim. (G80)(2020->)",
    "Trim line": "Competition",
    "Origin": "German edition",
    "Mileage": "56,300 km",
    "Cubic Capacity": "2,993 ccm",
    "Power": "375 kW (510 hp)",
    "Drive type": "Internal combustion engine",
    "Fuel": "Petrol",
    "Fuel consumption": [
      "10.2 l/100km (combined)"
    ],
    "Number of Seats": "5",
    "Door Count": "4/5",
    "Transmission": "Automatic",
    "Emission Class": "Euro6",
    "Emissions Sticker": "4 (Green)",
    "First Registration": "06/2021",
    "Number of Vehicle Owners": "2",
    "HU": "06/2025",
    "Climatisation": "Automatic climatisation, 4 zones",
    "Parking sensors": "Rear, Front, Camera, Self-steering systems",
    "Airbags": "Front and Side and More Airbags",
    "Colour (Manufacturer)": "ISLE OF MAN GRUEN METALLIC",
    "Colour": "Green Metallic",
    "Interior Design": "Full leather, Black",
    "Weight": "1,805 kg",
    "Cylinders": "6",
    "Tank capacity": "59 l",
    "Energy consumption (comb.)": "10.2 l/100km",
    "CO₂ emissions (comb.)": "234 g/km"
  },
  "features": [
    "ABS",
    "Adaptive cornering lights",
    "Alarm system",
    "Alloy wheels",
    "Android Auto",
    "Apple CarPlay",
    "Arm rest",
    "Autom. dimming interior mirror",
    "Blind spot assist",
    "Bluetooth",
    "Central locking",
    "Cruise control",
    "DAB radio",
    "Digital cockpit",
    "Distance warning system",
    "Dynamic chassis control",
    "Electric seat adjustment",
    "Electric side mirror",
    "Electric windows",
    "Emergency brake assist",
    "Emergency call system",
    "ESP",
    "Fatigue warning system",
    "Folding exterior mirrors",
    "Full Service History",
    "Glare-free high beam headlights",
    "Hands-free kit",
    "Headlight washer system",
    "Head-up display",
    "Heated rear seats",
    "Heated seats",
    "High beam assist",
    "Immobilizer",
    "Integrated music streaming",
    "Isofix",
    "Keyless central locking",
    "Lane change assist",
    "Laser headlights",
    "Leather steering wheel",
    "LED running lights",
    "Light sensor",
    "Lumbar support",
    "Multifunction steering wheel",
    "Navigation system",
    "Non-smoker vehicle",
    "On-board computer",
    "Paddle shifters",
    "Power Steering",
    "Rain sensor",
    "Rear wheel drive",
    "Sound system",
    "Sport seats",
    "Sports package",
    "Sports suspension",
    "Start-stop system",
    "Summer tyres",
    "Tinted windows",
    "Touchscreen",
    "Traction control",
    "Traffic sign recognition",
    "Tuner/radio",
    "Tyre pressure monitoring",
    "USB port",
    "Voice control"
  ]
},
{
  "title": "BMW M3 Competition M xDrive Limousine Harman/K",
  "previewImage": "https://img.classistatic.de/api/v1/mo-prod/images/c6/c636dfd7-c235-47e2-a02d-9fc78148b07c?rule=mo-1600.jpg",
  "category": "Limousine",
  "brand": "BMW",
  "model": "M3",
  "url": "https://suchen.mobile.de/fahrzeuge/details.html?id=434266496",
  "price.total.amount": 73990,
  "priceRating": {
    "rating": "Fair price",
    "priceRanges": {
      "Very good price": {
        "start": 52001,
        "end": 67600
      },
      "Good price": {
        "start": 67601,
        "end": 72800
      },
      "Fair price": {
        "start": 72801,
        "end": 81000
      },
      "Increased price": {
        "start": 81001,
        "end": 86900
      },
      "High price": {
        "start": 86901,
        "end": 96600
      }
    }
  },
  "description": "Antrieb, Fahrwerk\nAdaptives M Fahrwerk\nAllrad\nM Sportdifferenzial\n\nEditionen und Pakete\nAblagenpaket\nConnected Package Professional (laufzeitgebundener Dienst)\nConnectedDrive Services (laufzeitgebundener Dienst)\nInnovationspaket\n\nFahrerassistenz\nBMW Head-Up Display\nDriving Assistant Professional\nGesetzlicher Notruf\nParking Assistant\nTeleservices\n\nIndividualumfänge\nM Hochglanz Shadow Line\nM Hochglanz Shadow Line mit erweiterten Umfängen\n\nKomfort, Innenausstattung\nFondkopfstützen klappbar\nGalvanikapplikation für Bedienelemente\nInnen- und Außenspiegelpaket\nKlimaautomatik\nKomfortzugang\nLenkradheizung\nLordosenstütze für Fahrer und Beifahrer\nM Interieurleisten 'Carbon Fibre'\nM Sportsitze\nSitzheizung für Fahrer und Beifahrer\nSitzverstellung elektrisch\nSitzverstellung elektrisch mit Memory für Fahrersitz\nSonnenschutzverglasung\n\nMultimedia\nBMW Live Cockpit Professional (laufzeitgebundener Dienst)\nDAB Tuner\nHarman Kardon Surround Sound System\nTelefonie mit Wireless Charging\nWLAN Hotspot\n\nRäder\n19\"/20\" M Schmiederäder Doppelspeiche 826 M Schwarz / MB\n\nSitzbezug\nLeder Merino Schwarz/Schwarz\n\nSonstiges\nABS\nActive Guard\nBMW Apps\nEntfall Touch Funktionalität auf BMW Controller\nIndividual\nKlimaanlage oder -automatik\nLeder\nLordose\nM Drive Professional\nSitzheizung\nSpez. Bluetooth- & WiFi Funktionen, temporärer Entfall & Vorb. Remote Softw. Up.\nSportfahrwerk\n\nUmwelt, Sicherheit\nAktiver Fussgängerschutz\nAlarmanlage mit Fernbedienung\nBeifahrerairbag-Deaktivierung\nBMW Laserlicht\nFernlichtassistent\nInnenspiegel automatisch abblendend\nReifendruck-Kontrolle\nIrrtümer und Zwischenverkauf vorbehalten.",
  "dealerDetails": {
    "id": 452743,
    "name": "BMW AG Niederlassung Bonn",
    "sellerType": "Dealer",
    "phones": [
      "+49 (0)228 9727107367"
    ],
    "languages": [
      "Deutsch",
      "English"
    ],
    "country": "DE",
    "address": "Vorgebirgsstrasse 95, DE-53119 Bonn",
    "location": {
      "latitude": 50.7407064,
      "longitude": 7.080574299999999
    },
    "activeSince": "2000-07-03T00:00:00.000Z",
    "homepageUrl": "https://home.mobile.de/home/redirect.html?customerId=452743",
    "iconUrl": "https://img.classistatic.de/api/v1/mo-prod/images/62/622928e4-4fb8-4a4b-854b-397e89f4b9a7?rule=mo-640.jpg",
    "reviewPageUrl": "https://www.mobile.de/bewertungen/BMW-BONN?lang=en",
    "score": {
      "total": 4.2,
      "responseTime": 4.2,
      "friendliness": 4.4,
      "advice": 3.8
    },
    "activeRatingCount": 45,
    "vehicleAsDescribedPercentage": 93,
    "recommendPercentage": 77,
    "soldVehicleCount": null,
    "reviews": []
  },
  "attributes": {
    "Vehicle condition": "Used vehicle",
    "Category": "Saloon",
    "Model range": "G80",
    "Trim line": "M xDrive Limousine Harman/K",
    "Vehicle Number": "07049816",
    "Availability": "Now",
    "Mileage": "55,021 km",
    "Cubic Capacity": "2,993 ccm",
    "Power": "375 kW (510 hp)",
    "Drive type": "Internal combustion engine",
    "Fuel": "Petrol, E10-enabled",
    "Number of Seats": "5",
    "Door Count": "4/5",
    "Transmission": "Automatic",
    "Emission Class": "Euro6",
    "Emissions Sticker": "4 (Green)",
    "First Registration": "05/2022",
    "Construction Year": "2022",
    "Number of Vehicle Owners": "1",
    "HU": "05/2025",
    "Climatisation": "Automatic climatisation, 3 zones",
    "Parking sensors": "Front, Self-steering systems, Rear",
    "Airbags": "Front and Side and More Airbags",
    "Colour (Manufacturer)": "M Brooklyn Grau",
    "Colour": "Grey Metallic",
    "Interior Design": "Full leather, Black"
  },
  "features": [
    "ABS",
    "Adaptive cornering lights",
    "Alarm system",
    "Alloy wheels",
    "Autom. dimming interior mirror",
    "Bluetooth",
    "Cargo barrier",
    "Central locking",
    "DAB radio",
    "Digital cockpit",
    "Distance warning system",
    "Electric seat adjustment",
    "Electric side mirror",
    "Electric windows",
    "Eletric seat adjustment with memory function",
    "Emergency brake assist",
    "Emergency call system",
    "ESP",
    "Fatigue warning system",
    "Four-wheel drive",
    "Full Service History",
    "Glare-free high beam headlights",
    "Hands-free kit",
    "Head-up display",
    "Heated seats",
    "Heated steering wheel",
    "High beam assist",
    "Hill-start assist",
    "Immobilizer",
    "Induction charging for smartphones",
    "Isofix",
    "Keyless central locking",
    "Lane change assist",
    "Laser headlights",
    "Leather steering wheel",
    "LED running lights",
    "Light sensor",
    "Lumbar support",
    "Multifunction steering wheel",
    "Navigation system",
    "Non-smoker vehicle",
    "On-board computer",
    "Power Steering",
    "Rain sensor",
    "Sound system",
    "Sport seats",
    "Sports package",
    "Sports suspension",
    "Start-stop system",
    "Summer tyres",
    "Tinted windows",
    "Touchscreen",
    "Traction control",
    "Traffic sign recognition",
    "Tuner/radio",
    "Tyre pressure monitoring",
    "USB port",
    "Voice control",
    "Warranty",
    "WLAN / Wi-Fi hotspot"
  ]
},
{
  "title": "BMW M3 Competition M xDrive RFK NAVI LASER LM",
  "previewImage": "https://img.classistatic.de/api/v1/mo-prod/images/38/3870b9a9-22ab-4dc4-835e-e4c2c42bde19?rule=mo-1600.jpg",
  "category": "Limousine",
  "brand": "BMW",
  "model": "M3",
  "url": "https://suchen.mobile.de/fahrzeuge/details.html?id=433274156",
  "price.total.amount": 73990,
  "priceRating": {
    "rating": "Good price",
    "priceRanges": {
      "Very good price": {
        "start": 53701,
        "end": 69800
      },
      "Good price": {
        "start": 69801,
        "end": 75200
      },
      "Fair price": {
        "start": 75201,
        "end": 83600
      },
      "Increased price": {
        "start": 83601,
        "end": 89700
      },
      "High price": {
        "start": 89701,
        "end": 99700
      }
    }
  },
  "description": "Finanzierungsbeispiel\n\nMtl. Finanzierungsrate: 585,00 EUR\nAnzahlung: 14.818,97 EUR\nLaufzeit: 60 Monate\nZielrate: 37.734,90 EUR\nNettodarlehensbetrag: 59.171,03 EUR\nSollzinssatz p.a.: 5,36% (gebunden für die gesamte Vertragslaufzeit)\nEffektiver Jahreszins: 5,49%\nGesamtbetrag: 72.249,90 EUR\nEin unverbindliches Finanzierungsbeispiel der BMW Bank GmbH, Lilienthalallee 26, 80939 München.\n\n\nAntrieb, Fahrwerk\nAllrad\nSportfahrwerk\n\nAußenausstattung\nLM-Felgen vorn/hinten: 9,5x19 / 10,5x20 (Doppelspeiche 826 M, Schwarz)\nWärme-/Sonnenschutzverglasung\n\nExterieur\nElektrische Gepäckraumklappe\n\nFahrerassistenz\nPark Distance Control (PDC)\nRückfahrkamera\n\nKomfort, Innenausstattung\nAmbiente-Beleuchtung\nAußenspiegel elektr. anklappbar\nAußenspiegel elektr. verstell- und heizbar\nBMW Live Cockpit Professional\nBordcomputer\nDAB-Tuner (Radioempfang digital)\nDurchladeeinrichtung (Mittelarmlehne hinten)\nDurchladesystem\nEinparkhilfe Sensoren vorne\nFensterheber elektrisch\nFensterheber, elektrisch\nFreisprecheinrichtung Bluetooth mit USB-/Audio-Schnittstelle\nFunkfernbedienung\nGeschwindigkeits-Regelanlage mit Bremsfunktion\nInduktionsladeschale für Smartphone (Wireless Charging)\nInnenspiegel mit Abblendautomatik\nIsofix-Aufnahmen für Kindersitz an Rücksitz\nKeyless Entry\nKlimaanlage\nKlimaautomatic\nKlimaautomatik 3-Zonen mit autom. Umluft-Control\nLeder\nLederlenkrad\nLendenwirbelstütze Sitz vorn links und rechts, elektr. verstellbar\nLenkrad (Leder) mit Multifunktion M-Technic\nLordose\nMultifunktion für Lenkrad\nMultifunktionslenkrad\nPark-Distance-Control (PDC) vorn und hinten\nScheibenwischer mit Regensensor\nService-System: Real Time Traffic Information (RTTI)\nSitze vorn elektr. verstellbar (mit Memory)\nSitzheizung\nSitzheizung vorn\nSitzverstellung, elektrisch fuer Fahrer und Beifahrer\nSportsitze\nStart/Stop-Anlage (Funktion)\nStart-Stop-Knopf\nTempomat\nZentralverriegelung\nZentralverriegelung mit Fernbedienung\n\nMultimedia\nBluetooth\nBordcomputer\nDAB Tuner\nFreisprecheinrichtung\nRadio\nSurround-Sound-System\nTelefon\nUSB Schnittstelle\n\nRäder\nAlufelgen\n\nSicherheit/Umwelt\nAdaptives Fahrwerk M-Technic\nAirbag Beifahrerseite abschaltbar\nAirbag Fahrer-/Beifahrerseite\nAlarmanlage\nAnti-Blockier-System (ABS)\nAntriebsart: Allradantrieb\nAntriebsart: xDrive (Allrad)\nDiebstahl-Warnanlage\nDynamische Stabilitäts-Control (DSC) mit erweiterter Umfang\nFahrassistenz-System: Active Guard (Bremsassistent)\nFahrassistenz-System: Aufmerksamkeits-Assistent\nGeschwindigkeits-Begrenzeranlage (Speed Limit Device)\nKnieairbag Fahrerseite\nKopf-Airbag-System hinten\nKopf-Airbag-System vorn\nOtto-Partikelfilter (OPF)\nReifendruck-Kontrollsystem\nReifenpannen-Anzeige\nScheinwerfer LED\nSeitenairbag vorn\nService-System: Gesetzlicher Notruf\nService-System: Intelligenter Notruf inkl. TeleServices\nWegfahrsperre\n\nSitzbezug\nLeder\n\nSonstiges\nAblagenpaket\nAblage-Paket\nAdaptives M Fahrwerk\nAktives M Differential\nAkustikverglasung\nAlarmanlage\nAußenausstattung: Shadow-Line Hochglanz\nAußenausstattung: Shadow-Line Hochglanz (erweiterter Umfang)\nAußenspiegel mit Abblendautomatik, links\nAußenspiegel mit Bordsteinautomatik, rechts\nAusstattungs-Paket: Connected Professional\nAutomatische Heckklappenbetätigung\nBedienelemente galvanisiert\nBlinkleuchte in Außenspiegel integriert\nBlow by-Heizer\nBMW Laserlicht\nCompetition\nDachhimmel Anthrazit (BMW Individual)\nDiebstahlsicherung für Räder (Felgenschlösser)\nDifferenzialsperre\nElektrisch verstellbare Spiegel\nErste Hilfe-Kasten / Verbandkasten\nFußmatten Velours\nGepäckraumbeleuchtung\nGeschwindigkeitsregelung mit Bremsfunktion\nGesetzlicher Notruf\nGetränkehalter\nGetriebe Automatik - mit Steptronic und Drivelogic (8-Stufen)\nHarman Kardon Surround Sound System\nHeckleuchten LED\nInduktionsladen für Smartphones\nInnen- und Außenspiegelpaket\nInnenspiegel automatisch abblendend\nInstrumentenkombination (erweiterter Umfang)\nIrrtümer und Zwischenverkauf vorbehalten\nKarosserie: 4-türig\nKennzeichenbeleuchtung LED\nKilometertacho\nKlimaautomatik\nKlimaautomatik 3 Zonen\nKomfortzugang\nKopfstützen hinten klappbar\nLordosenstütze für Fahrer und Beifahrer\nM Compound-Bremse, rot hochglänzend\nM Drive Professional\nM Hochglanz Shadow Line\nM Interieurleisten 'Carbon Fibre'\nM Leuchten Shadow Line\nM Sicherheitsgurte\nM Sportdifferenzial\nM Sportsitze\nMüdigkeitswarnsystem\nNotrufsystem\nRadschraubensicherung\nReifendruckkontrollsystem\nSitzheizung für Fahrer und Beifahrer\nSitzverstellung, elektrisch mit Memory für Fahrersitz\nSonnenschutzverglasung\nSteuerung EfficientDynamics\nWLAN Hotspot\n\nUmwelt, Sicherheit\nABS\nAirbag Fahrer/Beifahrer\nAlarmanlage\nAuto Start/Stop Funktion \nBeifahrerairbag\nBeifahrerairbag-Deaktivierung\nDiebstahlwarnanlage\nESP\nFahrerairbag\nFernlichtassistent\nInnenspiegel, automatisch abblendend\nKindersitzbefestigung ISOFIX\nKopfairbag\nLED-Scheinwerfer\nNotbremsassistent\nPASM\nRegensensor\nReifen Druck Control (RDC)\nSeitenairbag\nTraction Control\nWegfahrsperre\n\n\nSicherhei",
  "dealerDetails": {
    "id": 470825,
    "name": "Procar Automobile GmbH & Co.KG",
    "sellerType": "Dealer",
    "phones": [
      "+49 (0)2234 219057585"
    ],
    "languages": [
      "Deutsch",
      "English",
      "Italiano",
      "Français",
      "Polski",
      "Español",
      "Türkçe"
    ],
    "country": "DE",
    "address": "Bayerische Allee 1, DE-50858 Köln-West",
    "location": {
      "latitude": 50.9159377,
      "longitude": 6.853220599999999
    },
    "activeSince": "2000-06-21T00:00:00.000Z",
    "homepageUrl": "https://home.mobile.de/home/redirect.html?customerId=470825",
    "iconUrl": "https://img.classistatic.de/api/v1/mo-prod/images/dd/ddfe10a2-cf79-49c5-bd2f-4c4a27b0d0de?rule=mo-640.jpg",
    "reviewPageUrl": "https://www.mobile.de/bewertungen/PROCAR-KOELN-WEST?lang=en",
    "score": {
      "total": 4.4,
      "responseTime": 4.6,
      "friendliness": 4.5,
      "advice": 4.2
    },
    "activeRatingCount": 80,
    "vehicleAsDescribedPercentage": 95,
    "recommendPercentage": 88,
    "soldVehicleCount": null,
    "reviews": []
  },
  "attributes": {
    "Vehicle condition": "Used vehicle, Accident-free",
    "Category": "Saloon",
    "Model range": "G80",
    "Trim line": "M xDrive RFK NAVI LASER LM",
    "Vehicle Number": "105110-B",
    "Availability": "Now",
    "Mileage": "37,293 km",
    "Cubic Capacity": "2,993 ccm",
    "Power": "375 kW (510 hp)",
    "Drive type": "Internal combustion engine",
    "Fuel": "Petrol",
    "Number of Seats": "5",
    "Door Count": "4/5",
    "Transmission": "Automatic",
    "Emission Class": "Euro6d",
    "Emissions Sticker": "4 (Green)",
    "First Registration": "07/2022",
    "Construction Year": "2022",
    "Number of Vehicle Owners": "1",
    "HU": "07/2025",
    "Climatisation": "Automatic climatisation, 3 zones",
    "Parking sensors": "Front, Camera, Rear",
    "Airbags": "Front and Side and More Airbags",
    "Colour (Manufacturer)": "SAPHIRSCHWARZ",
    "Colour": "Black",
    "Interior Design": "Full leather, Other",
    "Weight": "1,805 kg",
    "Tank capacity": "59 l"
  },
  "features": [
    "ABS",
    "Alarm system",
    "Alloy wheels",
    "Ambient lighting",
    "Arm rest",
    "Autom. dimming interior mirror",
    "Bluetooth",
    "Central locking",
    "Cruise control",
    "DAB radio",
    "Digital cockpit",
    "Distance warning system",
    "Dynamic chassis control",
    "Electric seat adjustment",
    "Electric side mirror",
    "Electric tailgate",
    "Electric windows",
    "Emergency brake assist",
    "Emergency call system",
    "ESP",
    "Fatigue warning system",
    "Four-wheel drive",
    "Full Service History",
    "Hands-free kit",
    "Heated seats",
    "High beam assist",
    "Hill-start assist",
    "Immobilizer",
    "Induction charging for smartphones",
    "Isofix",
    "Keyless central locking",
    "Laser headlights",
    "Leather steering wheel",
    "LED running lights",
    "Light sensor",
    "Lumbar support",
    "Multifunction steering wheel",
    "Navigation system",
    "Non-smoker vehicle",
    "On-board computer",
    "Particulate filter",
    "Power Steering",
    "Rain sensor",
    "Sound system",
    "Speed limit control system",
    "Sport seats",
    "Sports package",
    "Sports suspension",
    "Start-stop system",
    "Tinted windows",
    "Touchscreen",
    "Traction control",
    "Tuner/radio",
    "Tyre pressure monitoring",
    "USB port",
    "Voice control",
    "Warranty",
    "WLAN / Wi-Fi hotspot"
  ]
},
{
  "title": "BMW M3 Competition MxDrive MDriversPackage|Laser|HUD",
  "previewImage": "https://img.classistatic.de/api/v1/mo-prod/images/5e/5e0ec0b8-2899-47ee-80f9-06e3348e4c74?rule=mo-1600.jpg",
  "category": "Limousine",
  "brand": "BMW",
  "model": "M3",
  "url": "https://suchen.mobile.de/fahrzeuge/details.html?id=431179747",
  "price.total.amount": 75790,
  "priceRating": {
    "rating": "Good price",
    "priceRanges": {
      "Very good price": {
        "start": 54801,
        "end": 71300
      },
      "Good price": {
        "start": 71301,
        "end": 76700
      },
      "Fair price": {
        "start": 76701,
        "end": 85300
      },
      "Increased price": {
        "start": 85301,
        "end": 91600
      },
      "High price": {
        "start": 91601,
        "end": 101800
      }
    }
  },
  "description": "Außenausstattung\n19\"/20\" M Schmiederäder Doppelspeiche 826 M Schwarz /\n\nKomfort/Innenausstattung\nAktive Sitzbelüftung vorn \nBMW Head-Up Display \nBMW Live Cockpit Professional \nDAB-Tuner \nHarman Kardon Surround Sound System\nInnenspiegel automatisch abblendend\nKlimaautomatik \nLordosenstütze für Fahrer und Beifahrer\nParking Assistant Plus \nSitzheizung Fahrer/Beifahrer \nSitzverstellung, elektrisch mit Memory für Fahrersitz\nTelefonie mit Wireless Charging\nWLAN Hotspot \n\nSicherheit/Umwelt\nAlarmanlage \nBMW Laserlicht \nFernlichtassistent \nKomfortzugang \nReifendruckanzeige \n\nSitzbezug\nLeder Merino Silverstone/Schwarz\n\nSonstiges\nAbgedunkelte Verglasung \nAblagenpaket \nActive Guard \nActive Protection \nAktiver Fußgängerschutz \nAutomatische Heckklappenbetätigung\nBMW Individual Interieurleisten Pianolack\nConnected Package Professional\nConnecteddrive Services \nDriving Assistant Professional\nEntfall Touch Funktionalität auf BMW Controller\nGalvanikapplikation für Bedienelemente\nInnen- und Außenspiegelpaket \nInnovationspaket \nKopfstützen im Fond klappbar \nM Carbon Exterieurpaket \nM Compound-Bremse, schwarz hochglänzend\nM Dachhimmel anthrazit \nM Drive Professional \nM Driver\"s Package \nM Hochglanz Shadow Line \nM Hochglanz Shadow Line mit erweiterten Umfängen\nM Leuchten Shadow Line \nM Sportdifferenzial \nModellschriftzug Entfall \nÖlwartungsintervall 24Mon/30K \n\nSport\nAdaptives M Fahrwerk \nM Sportsitze \n\nFinanzierungsbeispiel\n\nMtl. Finanzierungsrate: 1.372,73 EUR\nAnzahlung: 0,00 EUR\nLaufzeit: 36 Monate\nZielrate: 38.652,90 EUR\nNettodarlehensbetrag: 75.790,00 EUR\nSollzinssatz p.a.: 6,30% (gebunden für die gesamte Vertragslaufzeit)\nEffektiver Jahreszins: 6,49%\nGesamtbetrag: 86.698,45 EUR\nEin unverbindliches Finanzierungsbeispiel der BMW Bank GmbH - Lilienthalallee 26 - 80939 München.\n\n\nFahrzeug hat einen behobenen Schaden in Höhe von 35.350,- Euro brutto.\n\nHINWEIS: Unsere Angebote werden unverzüglich nach Kauf eingestellt, es kann dadurch sein, dass sich das von Ihnen ausgesuchte Fahrzeug noch nicht in unserer Ausstellung befindet bitte informieren Sie sich vor Besuch bei einem unserer Verkaufsberater, ob das gewünschte Fahrzeug bereits eingetroffen und verkaufsfertig ist.\nVielen Dank, Ihr Verkaufsteam!\n\n\n\n* Lieferservice innerhalb Deutschlands gegen geringen Aufpreis möglich! Irrtümer und Zwischenverkauf vorbehalten.",
  "dealerDetails": {
    "id": 8342118,
    "name": "Fett & Wirtz Automobile GmbH & Co. KG",
    "sellerType": "Dealer",
    "phones": [
      "+49 (0)2831 990413244"
    ],
    "languages": [
      "Deutsch",
      "English"
    ],
    "country": "DE",
    "address": "Martinistr. 52b, DE-47608 Geldern",
    "location": {
      "latitude": 51.5210403,
      "longitude": 6.2904506
    },
    "activeSince": "2012-08-20T00:00:00.000Z",
    "homepageUrl": "https://home.mobile.de/home/redirect.html?customerId=8342118",
    "iconUrl": "https://img.classistatic.de/api/v1/mo-prod/images/6e/6e7dc492-3cdd-4745-8b97-1679fcc192fe?rule=mo-640.jpg",
    "reviewPageUrl": "https://www.mobile.de/bewertungen/FETTWIRTZAUTOMOBILEGMBHCOKGGELDERN?lang=en",
    "score": {
      "total": 4.8,
      "responseTime": 4.7,
      "friendliness": 4.8,
      "advice": 4.8
    },
    "activeRatingCount": 53,
    "vehicleAsDescribedPercentage": 97,
    "recommendPercentage": 98,
    "soldVehicleCount": null,
    "reviews": []
  },
  "attributes": {
    "Vehicle condition": "Used vehicle",
    "Category": "Saloon",
    "Model range": "G80",
    "Trim line": "MxDrive MDriversPackage|Laser|HUD",
    "Vehicle Number": "G412130",
    "Availability": "Now",
    "Mileage": "30,800 km",
    "Cubic Capacity": "2,993 ccm",
    "Power": "375 kW (510 hp)",
    "Drive type": "Internal combustion engine",
    "Fuel": "Petrol",
    "Number of Seats": "5",
    "Door Count": "4/5",
    "Transmission": "Automatic",
    "Emission Class": "Euro6",
    "Emissions Sticker": "4 (Green)",
    "First Registration": "07/2022",
    "Construction Year": "2022",
    "Number of Vehicle Owners": "1",
    "HU": "New",
    "Climatisation": "Automatic climatisation, 3 zones",
    "Parking sensors": "Rear, 360° camera, Self-steering systems, Front",
    "Airbags": "Front and Side and More Airbags",
    "Colour (Manufacturer)": "Saphirschwarz",
    "Colour": "Black Metallic",
    "Interior Design": "Full leather, Other",
    "Weight": "1,805 kg",
    "Cylinders": "6",
    "Tank capacity": "59 l"
  },
  "features": [
    "ABS",
    "Adaptive cornering lights",
    "Adaptive Cruise Control",
    "Alarm system",
    "Alloy wheels",
    "Ambient lighting",
    "Android Auto",
    "Apple CarPlay",
    "Arm rest",
    "Autom. dimming interior mirror",
    "Blind spot assist",
    "Bluetooth",
    "Central locking",
    "DAB radio",
    "Digital cockpit",
    "Distance warning system",
    "Dynamic chassis control",
    "Electric seat adjustment",
    "Electric side mirror",
    "Electric tailgate",
    "Electric windows",
    "Eletric seat adjustment with memory function",
    "Emergency brake assist",
    "Emergency call system",
    "ESP",
    "Fatigue warning system",
    "Four-wheel drive",
    "Full Service History",
    "Glare-free high beam headlights",
    "Hands-free kit",
    "Head-up display",
    "Heated seats",
    "High beam assist",
    "Hill-start assist",
    "Immobilizer",
    "Induction charging for smartphones",
    "Integrated music streaming",
    "Isofix",
    "Keyless central locking",
    "Laser headlights",
    "Leather steering wheel",
    "LED running lights",
    "Light sensor",
    "Lumbar support",
    "Multifunction steering wheel",
    "Navigation system",
    "Non-smoker vehicle",
    "On-board computer",
    "Paddle shifters",
    "Particulate filter",
    "Power Steering",
    "Rain sensor",
    "Seat ventilation",
    "Sound system",
    "Speed limit control system",
    "Sport seats",
    "Sports package",
    "Sports suspension",
    "Start-stop system",
    "Tinted windows",
    "Touchscreen",
    "Traction control",
    "Traffic sign recognition",
    "Tuner/radio",
    "Tyre pressure monitoring",
    "USB port",
    "Voice control",
    "Warranty",
    "WLAN / Wi-Fi hotspot"
  ]
},
{
  "title": "BMW M3 Competition A M xDrive Touring MDriversPackag",
  "previewImage": "https://img.classistatic.de/api/v1/mo-prod/images/86/869106ee-c25e-466a-809a-3dc2b091c7aa?rule=mo-1600.jpg",
  "category": "EstateCar",
  "brand": "BMW",
  "model": "M3",
  "url": "https://suchen.mobile.de/fahrzeuge/details.html?id=424720458",
  "price.total.amount": 75470,
  "priceRating": {
    "rating": "Fair price",
    "priceRanges": {
      "Very good price": {
        "start": 51201,
        "end": 66500
      },
      "Good price": {
        "start": 66501,
        "end": 71600
      },
      "Fair price": {
        "start": 71601,
        "end": 79700
      },
      "Increased price": {
        "start": 79701,
        "end": 85500
      },
      "High price": {
        "start": 85501,
        "end": 95000
      }
    }
  },
  "description": "Wichtiger Hinweis: Trotz sorgfältiger Überprüfung aller Details in unserem Angebot kann es vorkommen, dass sich Fehler einschleichen. Teilweise werden diese durch Übertragungsfehler in den Systemen der verschiedenen Plattformanbieter verursacht. Daher möchten wir darauf hinweisen, dass sich alle Angaben ohne Gewähr verstehen und keinen Rechtsanspruch darstellen. Rechtliches: Diese Verkaufsanzeige stellt kein Angebot im Sinne des §145 BGB dar. Vielmehr handelt es sich um Informationen zur Vertragsanbahnung. Die hier gemachten Angaben sind ohne Gewähr und stellen somit keine zugesicherten Eigenschaften dar. | Important note: Despite careful checking of all details in our offer, it is possible that errors may creep in. Some of these are caused by transmission errors in the systems of the various platform providers. We would therefore like to point out that all information is provided without guarantee and does not constitute a legal claim. Legal information: This sales advertisement does not constitute an offer within the meaning of §145 BGB. Rather, it is information for the initiation of a contract. The information provided here is without guarantee and therefore does not represent guaranteed properties.\n\nAntrieb, Fahrwerk\nAdaptives M Fahrwerk\nAllrad\nBremsanlage: Compound - M Bremssystem (Bremssättel Schwarz)\nM Drive Professional\nM Sportdifferenzial\nSportfahrwerk\n\nEditionen und Pakete\nAblagenpaket\nConnected Package Professional (laufzeitgebundener Dienst)\nConnectedDrive Services (laufzeitgebundener Dienst)\nGepäckraum-Paket\nInnovations-Paket\nM Driver´s Package\n\nExterieur\nDachreling\nElektrische Gepäckraumklappe\n\nFahrerassistenz\nBMW Drive Recorder (Dashcam)\nFahrassistenz-System: Driving Assistant Professional\nGesetzlicher Notruf\nPark Distance Control (PDC)\nParkassistent-Paket Plus\nRückfahrkamera\nSpurverlassenswarnung\nSpurwechselwarnung\nTeleservices\n\nIndividualumfänge\nM Dachreling Hochglanz Shadow Line\nM Hochglanz Shadow Line\nM Hochglanz Shadow Line mit erweiterten Umfängen\nScheinwerfer BMW Individual Shadow-Line\n\nKomfort, Innenausstattung\nAbstandsregeltempomat\nAktive Sitzbelüftung vorn\nDurchladesystem\nEinparkhilfe Sensoren vorne\nFensterheber, elektrisch\nFondkopfstützen klappbar\nFunkfernbedienung\nGalvanikapplikation für Bedienelemente\nInnen- und Außenspiegelpaket\nInnenausstattung: Interieurleisten Carbon\nKeyless Entry\nKlimaautomatik\nKomfortzugang (Öffnungs- und Schließsystem)\nLeder\nLederlenkrad\nLenkrad heizbar\nLordose\nLordosenstütze für Fahrer und Beifahrer\nM Sportsitze\nMultifunktionslenkrad\nSicherheitsgurte M\nSitzheizung\nSitzheizung für Fahrer und Beifahrer\nSitzverstellung elektrisch mit Memory für Fahrersitz\nSonnenschutzverglasung (hinten abgedunkelt)\nSportsitze\nSpurhalteassistent\nVerglasung Akustikglas\nZentralverriegelung\n\nMultimedia\nBluetooth\nBMW Live Cockpit Professional\nBordcomputer\nDAB Tuner\nFreisprecheinrichtung\nSound-System Harman-Kardon\nTelefon\nUSB Schnittstelle\n\nRäder\nLM-Felgen\nRadschraubensicherung\nReifen-Reparaturset (Mobility-Pack)\n\nSitzbezug\nVollleder Merino Silverstone/Schwarz\n\nSonstiges\n19\"/20\" M Schmiederäder Doppelspeiche 826 M Schwarz / MB\nAblage für Wireless Charging\nActive Guard\nActive Protection\nAktive Sitzbelüftung vorn\nAkustikverglasung\nBlow by-Heizer\nBMW Curved Display\nBMW Drive Recorder\nBMW Laserlicht\nBMW Live Cockpit Professional (laufzeitgebundener Dienst)\nControl-Display mit Farbmonitor (14,9 Zoll)\nDekodierung Zusatzfunktionen\nDeutsch / Bordliteratur\nDeutschland-Ausfuehrung\nDriving Assistant Professional\nElektrisch verstellbare Spiegel\nEntfall spezifischer Designumfänge\nEntfall spezifischer Designumfänge Exterieur\nEU-spezifische Zusatzumfaenge\nFahrassistenz-System: aktiver Spurhalteassistent\nFahrassistenz-System: Ampel-Erkennung\nFahrassistenz-System: Ausweich-Assistent\nFahrassistenz-System: Driving Assistant\nFahrassistenz-System: Falschfahrwarnung\nFahrassistenz-System: Frontkollisionswarnung\nFahrassistenz-System: Heckaufprall-Vermeidung (Prävention Heckkollision)\nFahrassistenz-System: Kreuzungs-Assistent\nFahrassistenz-System: Querverkehrs-Assistent\nFahrassistenz-System: Rückfahr-Assistent\nFahrassistenz-System: Spurwechselassistent\nFahrassistenz-System: Spurwechsel-Warnsystem\nFernlichtassistent\nFzg. ohne Modell-Schriftzug\nGepäckraumpaket\nGeschwindigkeits-Regelanlage, Aktiv mit Stop&Go-Funktion\nHarman Kardon Surround Sound System\nInnovationspaket\nKaeltemittel\nKilometertacho\nKomfortzugang\nLenkradheizung\nM Compound-Bremse, schwarz hochglänzend\nM Driver's Package\nM Interieurleisten 'Carbon Fibre'\nM Leuchten Shadow Line\nM Sicherheitsgurte\nMetallic-Lackierung Frozen Orange\nModellschriftzug - Entfall\nMüdigkeitswarnsystem\nNotrufsystem\nÖlwartungsintervall 24 Monate/30.000 km\nParking Assistant Plus\nReifendruckkontrollsystem\nReifenreparatur Set\nRückfahrkamera (Top View)\nSonnenschutzverglasung\nSteuerung EfficientDynamics\nSteuerung Infotainment\nSteuerung Karosserie\nSurround-Kamerasystem (Surround View)\n\nUmwelt, Sicherheit\nAbgasnorm EU6 RDE II\nABS\n* Aktiver FIrrtümer und Zwischenverkauf vorbehalten.",
  "dealerDetails": {
    "id": 461411,
    "name": "Autohaus Munding GmbH",
    "sellerType": "Dealer",
    "phones": [
      "+49 (0)7351 374477973"
    ],
    "languages": [
      "Deutsch",
      "English",
      "Italiano",
      "Polski"
    ],
    "country": "DE",
    "address": "Rissstrasse  24, DE-88400 Biberach",
    "location": {
      "latitude": 48.104433,
      "longitude": 9.795855
    },
    "activeSince": "2003-07-02T00:00:00.000Z",
    "homepageUrl": "https://home.mobile.de/home/redirect.html?customerId=461411",
    "iconUrl": null,
    "reviewPageUrl": "https://www.mobile.de/bewertungen/MUNDING?lang=en",
    "score": {
      "total": 4.6,
      "responseTime": 4.8,
      "friendliness": 4.8,
      "advice": 4.3
    },
    "activeRatingCount": 13,
    "vehicleAsDescribedPercentage": 91,
    "recommendPercentage": 100,
    "soldVehicleCount": null,
    "reviews": []
  },
  "attributes": {
    "Vehicle condition": "Used vehicle, Accident-free",
    "Category": "Estate car",
    "Model range": "G81",
    "Trim line": "A M xDrive Touring MDriversPackage uvm.",
    "Vehicle Number": "B00495054311",
    "Availability": "Available in 2 weeks after order",
    "Origin": "German edition",
    "Mileage": "97,629 km",
    "Cubic Capacity": "2,993 ccm",
    "Power": "375 kW (510 hp)",
    "Drive type": "Internal combustion engine",
    "Fuel": "Petrol, E10-enabled",
    "Battery": "included",
    "Number of Seats": "5",
    "Door Count": "4/5",
    "Transmission": "Automatic",
    "Emission Class": "Euro6d",
    "Emissions Sticker": "4 (Green)",
    "First Registration": "08/2023",
    "Construction Year": "2023",
    "Number of Vehicle Owners": "1",
    "HU": "New",
    "Climatisation": "Automatic climatisation, 3 zones",
    "Parking sensors": "Self-steering systems, Rear, 360° camera, Front",
    "Airbags": "Front and Side and More Airbags",
    "Colour (Manufacturer)": "Sonderlackierung",
    "Colour": "Gold",
    "Interior Design": "Full leather, Black",
    "Weight": "1,940 kg",
    "Cylinders": "6",
    "Tank capacity": "59 l"
  },
  "features": [
    "ABS",
    "Adaptive cornering lights",
    "Adaptive Cruise Control",
    "Alarm system",
    "Alloy wheels",
    "Ambient lighting",
    "Arm rest",
    "Autom. dimming interior mirror",
    "Blind spot assist",
    "Bluetooth",
    "Cargo barrier",
    "Central locking",
    "DAB radio",
    "Digital cockpit",
    "Distance warning system",
    "Dynamic chassis control",
    "Electric seat adjustment",
    "Electric side mirror",
    "Electric tailgate",
    "Electric windows",
    "Eletric seat adjustment with memory function",
    "Emergency brake assist",
    "Emergency call system",
    "ESP",
    "Fatigue warning system",
    "Four-wheel drive",
    "Full Service History",
    "Glare-free high beam headlights",
    "Hands-free kit",
    "Head-up display",
    "Heated seats",
    "Heated steering wheel",
    "High beam assist",
    "Hill-start assist",
    "Immobilizer",
    "Induction charging for smartphones",
    "Integrated music streaming",
    "Isofix",
    "Keyless central locking",
    "Lane change assist",
    "Laser headlights",
    "Leather steering wheel",
    "LED running lights",
    "Light sensor",
    "Lumbar support",
    "Multifunction steering wheel",
    "Navigation system",
    "Non-smoker vehicle",
    "On-board computer",
    "Particulate filter",
    "Power Steering",
    "Rain sensor",
    "Roof rack",
    "Seat ventilation",
    "Sound system",
    "Speed limit control system",
    "Sport seats",
    "Sports package",
    "Sports suspension",
    "Start-stop system",
    "Summer tyres",
    "Tinted windows",
    "Touchscreen",
    "Traction control",
    "Traffic sign recognition",
    "Tuner/radio",
    "Tyre pressure monitoring",
    "USB port",
    "Voice control",
    "Warranty"
  ]
},
{
  "title": "BMW M3 Handschalter Innovationspaket Garantie",
  "previewImage": "https://img.classistatic.de/api/v1/mo-prod/images/ba/ba72b46f-bec1-4d3c-8b9c-39b8b06b73b0?rule=mo-1600.jpg",
  "category": "Limousine",
  "brand": "BMW",
  "model": "M3",
  "url": "https://suchen.mobile.de/fahrzeuge/details.html?id=432147182",
  "price.total.amount": 76900,
  "priceRating": {
    "rating": "Very good price",
    "priceRanges": {
      "Very good price": {
        "start": 63101,
        "end": 82000
      },
      "Good price": {
        "start": 82001,
        "end": 88300
      },
      "Fair price": {
        "start": 88301,
        "end": 98200
      },
      "Increased price": {
        "start": 98201,
        "end": 105400
      },
      "High price": {
        "start": 105401,
        "end": 117100
      }
    }
  },
  "description": "Zum Verkauf steht eine gepflegte BMW M3 Limousine in Aventurin Rot mit einer Volllederausstattung in Merino Tartufo Braun.\n\nBei dem Fahrzeug handelt es sich um ein Nichtraucher Fahrzeug sowie ein Garagenfahrzeug. Das Fahrzeug ist unfallfrei und stammt aus 1 Hand.\n\nDas Fahrzeug hat noch Werksgarantie bis 02/2028\n\nEinfahrservice bei BMW erledigt bei 1919km\n\nAusstattung Highlights: Handschalter, Volllederausstattung Tartufo, Innovationspaket uvm….\n\nDie genaue Auflistung der gesamten Sonderausstattung:\n\n01CB CO2 Umfang\n01DF Abgasnorm EU6 rde II\n01MB M DRIVE PROFESSIONAL\n0000 BMW LM Rad 827M lackiert in Seidenmatt Silber\n0230 EU-spezifische Zusatzumfänge\n02PA Radschraubensicherung\n02T4 M Sportdifferenzial\n02VB Reifendruckanzeige\n02VC Reifenreparatur-Set\n02VF Adaptives M Fahrwerk\n0302 Alarmanlage\n0316 Automatische Heckklappenbetätigung\n0322 Komfortzugang\n03M5 M COMPOUND-BREMSE, ROT HOCHGLAENZ.\n0420 Abgedunkelte Verglasung\n0428 Warndreieck und Verbandstasche\n0430 Innen-/Aussensp. mit Abblendautomatik\n0431 Innenspiegel automatisch abblendend\n0459 Sitzverstellung elektrisch mit Memory\n0488 Lordosenstütze Fahrer u. Beifahrer\n0493 Ablagenpaket\n0494 Sitzheizung Fahrer/Beifahrer\n04GQ M Sicherheitsgurte\n04LN INT. LEIST. ALU. RHOMBICLE ANTHR.\n04NE Blow-by-Heizer\n04U0 Galvanikapplikation Bedienelemente\n0534 Klimaautomatik\n0544 Geschwindigkeitsregelung mit Bremsfunktion\n0548 Kilometertacho\n0552 Adaptiver LED-Scheinwerfer\n05AC Fernlichtassistent\n05AS Driving Assistant\n05AV Active Guard\n05DA Deaktivierung Airbag Beifahrer\n05DC Kopfstützen im Fond klappbar\n05DM Parkassistenzsystem\n0654 DAB-Tuner\n0688 Harman/Kardon Surround Sound System\n06AE Teleservices\n06AF Gesetzlicher Notruf\n06AK Connected Drive Services\n06C4 Connected Package Professional\n06NX Storage tray wireless charging\n06PA Personal eSIM\n06U3 BMW Live Cockpit Professional\n06VB Steuerung Infotainment\n0712 M Sportsitz\n0760 Hochglanz Shadow-Line\n0775 Dachhimmel anthrazit\n07A2 Innovationspaket II\n0801 Deutschland-Ausführung\n0851 Sprachversion deutsch\n0879 Bordliteratur deutsch\n08EK Dummy-SALAPA\n08KA Ölwartungsintervall 24 Monate/30.000 km\n08R3 COC ZUSATZUMFAENGE\n08R9 Kältemittel R1234yf\n08TF Aktiver Fussgängerschutz\n08WD Steuerung Fahrerassistenzsysteme\n08WM Steuerung D\nL070 L070 Batteriegröße 70AH\n\nNachträglich wurde ein 827M CS Radsatz verbaut dieser wurde individuell in Seidenmatt Silber lackiert.\nAndere Räder sowie Winterräder sind auf Anfrage auch möglich.\nAuf Wunsch kann vor Übergabe ebenfalls ein neuer Service gemacht werden.\n\nListenpreis 104.010,00€",
  "dealerDetails": {
    "id": 15663425,
    "sellerType": "Private Seller",
    "phones": [
      "+49 (0)160 4765165"
    ],
    "country": "DE",
    "address": "DE-85614 Kirchseeon",
    "location": {
      "latitude": 48.0677735,
      "longitude": 11.8826663
    },
    "iconUrl": null,
    "reviewPageUrl": null,
    "score": null,
    "activeRatingCount": null,
    "vehicleAsDescribedPercentage": null,
    "recommendPercentage": null,
    "soldVehicleCount": null,
    "reviews": []
  },
  "attributes": {
    "Vehicle condition": "Used vehicle, Accident-free",
    "Category": "Saloon",
    "Mileage": "7,000 km",
    "Cubic Capacity": "2,993 ccm",
    "Power": "353 kW (480 hp)",
    "Drive type": "Internal combustion engine",
    "Fuel": "Petrol",
    "Number of Seats": "5",
    "Door Count": "4/5",
    "Transmission": "Manual gearbox",
    "Emission Class": "Euro 6e",
    "Emissions Sticker": "4 (Green)",
    "First Registration": "02/2025",
    "Number of Vehicle Owners": "1",
    "HU": "02/2028",
    "Climatisation": "Automatic climatisation, 3 zones",
    "Parking sensors": "Front, Camera, Rear, Self-steering systems",
    "Airbags": "Front and Side and More Airbags",
    "Colour": "Red Metallic",
    "Interior Design": "Full leather, Brown"
  },
  "features": [
    "ABS",
    "Adaptive cornering lights",
    "Alarm system",
    "Alloy wheels",
    "Ambient lighting",
    "Android Auto",
    "Apple CarPlay",
    "Arm rest",
    "Autom. dimming interior mirror",
    "Blind spot assist",
    "Bluetooth",
    "Central locking",
    "Cruise control",
    "DAB radio",
    "Digital cockpit",
    "Distance warning system",
    "Electric seat adjustment",
    "Electric side mirror",
    "Electric tailgate",
    "Electric windows",
    "Emergency brake assist",
    "Emergency call system",
    "ESP",
    "Fatigue warning system",
    "Full Service History",
    "Glare-free high beam headlights",
    "Hands-free kit",
    "Head-up display",
    "Heated seats",
    "High beam assist",
    "Hill-start assist",
    "Immobilizer",
    "Induction charging for smartphones",
    "Integrated music streaming",
    "Isofix",
    "Keyless central locking",
    "Lane change assist",
    "Leather steering wheel",
    "LED headlights",
    "LED running lights",
    "Light sensor",
    "Lumbar support",
    "Multifunction steering wheel",
    "Navigation system",
    "Non-smoker vehicle",
    "On-board computer",
    "Particulate filter",
    "Passenger seat Isofix point",
    "Power Steering",
    "Rain sensor",
    "Rear wheel drive",
    "Sound system",
    "Speed limit control system",
    "Sport seats",
    "Sports package",
    "Sports suspension",
    "Start-stop system",
    "Summer tyres",
    "Touchscreen",
    "Traction control",
    "Traffic sign recognition",
    "Tuner/radio",
    "Tyre pressure monitoring",
    "USB port",
    "Voice control",
    "Warranty",
    "WLAN / Wi-Fi hotspot"
  ]
},
{
  "title": "BMW M3 Lim. xDrive Competition*Schalensitze*Voll*",
  "previewImage": "https://img.classistatic.de/api/v1/mo-prod/images/6c/6c1f829a-4a18-4be6-b6bf-3a00a1b0b2c3?rule=mo-1600.jpg",
  "category": "SportsCar",
  "brand": "BMW",
  "model": "M3",
  "url": "https://suchen.mobile.de/fahrzeuge/details.html?id=430538190",
  "price.total.amount": 78490,
  "priceRating": {
    "rating": "Fair price",
    "priceRanges": {
      "Very good price": {
        "start": 51001,
        "end": 66200
      },
      "Good price": {
        "start": 66201,
        "end": 71300
      },
      "Fair price": {
        "start": 71301,
        "end": 79400
      },
      "Increased price": {
        "start": 79401,
        "end": 85200
      },
      "High price": {
        "start": 85201,
        "end": 94600
      }
    }
  },
  "description": "1.Hand\nUnfallfrei\nNachlackierungsfrei\nDeutsches Fahrzeug\nScheckheftgepflegt bei BMW\n\n\nEingetragen und mit TÜV Abnahme\nKW Gewindefahrwerk Variante 5\nM Performance Frontspoiler \n\nAlle Originalteile vorhanden\n\n\n\n01CB CO2 Umfang\n01DF Abgasnorm EU6 rde II\n01MB M DRIVE PROFESSIONAL\n01U0 BMW LM Rad 826M JB\n0230 EU-spezifische Zusatzumfänge\n0248 Lenkradheizung\n02PA Radschraubensicherung\n02T4 M Sportdifferenzial\n02VB Reifendruckanzeige\n02VF Adaptives M Fahrwerk\n0302 Alarmanlage\n0316 Automatische Heckklappenbetätigung\n0322 Komfortzugang\n03MF M Leuchten Shadow Line\n0420 Abgedunkelte Verglasung\n0428 Warndreieck und Verbandstasche\n0430 Innen-/Aussensp. mit Abblendautomatik\n0431 Innenspiegel automatisch abblendend\n0459 Sitzverstellung elektrisch mit Memory\n048C M Carbon Schalensitze\n0493 Ablagenpaket\n0494 Sitzheizung Fahrer/Beifahrer\n04GQ M Sicherheitsgurte\n04MC Interieurleisten Carbon Fibre\n04NE Blow-by-Heizer\n04U0 Galvanikapplikation Bedienelemente\n0534 Klimaautomatik\n0544 Geschwindigkeitsregelung mit Bremsfunkt.\n0548 Kilometertacho\n05AC Fernlichtassistent\n05AS Driving Assistant\n05AV Active Guard\n05AZ BMW Laserlicht\n05DA Deaktivierung Airbag Beifahrer\n05DC Kopfstützen im Fond klappbar\n05DM Parkassistenzsystem\n0610 Head-Up Display\n0654 DAB-Tuner (DAB+ fähig)\n0688 Harman/Kardon Surround Sound System\n06AE Teleservices\n06AF Gesetzlicher Notruf\n06AK Connected Drive Services\n06C4 Connected Package Professional\n06NW Telefonie mit Wireless Charging\n06P1 Temp. Entfall Remote Software Upgrade\n06U3 BMW Live Cockpit Professional\n06UX Entfall Touchfunktion BMW Controller\n06WD WLAN Hotspot\n0760 Hochglanz Shadow-Line\n0775 Dachhimmel anthrazit\n07M9 M Shadow Line mit erweitertem Umfang\n07R7 Innovationspaket\n0801 Deutschland-Ausführung\n0851 Sprachversion deutsch\n0879 Bordliteratur deutsch\n08EK Dummy-SALAPA\n08KA Ölwartungsintervall 24 Monate/30.000 km\n08R9 Kältemittel R1234yf\n08TF Aktiver Fussgängerschutz\nL070 L070 Batteriegröße 70AH\n\n\nWeitere Ausstattung:\nAblage-Paket, Adaptives Fahrwerk M-Technic, Airbag Beifahrerseite abschaltbar, Airbag Fahrer-/Beifahrerseite, Aktives M Differential, Alpinweiß-Lackierung (Uni), Ambiente-Beleuchtung, Ausstattungs-Paket: Connected Professional, Außenausstattung: Shadow-Line Hochglanz, Außenausstattung: Shadow-Line Hochglanz (erweiterter Umfang), Außenspiegel elektr. verstell- und heizbar, Bedienelemente galvanisiert, Blinkleuchte in Außenspiegel integriert, BMW Live Cockpit Professional, Bordcomputer, Competition, DAB-Tuner (Radioempfang digital), Dachhimmel Anthrazit (BMW Individual), Diebstahlsicherung für Räder (Felgenschlösser), Durchladeeinrichtung (Mittelarmlehne hinten), Dynamische Stabilitäts-Control (DSC) mit erweiterter Umfang, Erste Hilfe-Kasten / Verbandkasten, Fahrassistenz-System: Active Guard (Bremsassistent), Fahrassistenz-System: Aufmerksamkeits-Assistent, Freisprecheinrichtung Bluetooth mit USB-/Audio-Schnittstelle, Fußmatten Velours, Gepäckraumbeleuchtung, Getriebe Automatik - mit Steptronic und Drivelogic (8-Stufen), Getränkehalter, Heckleuchten LED, Induktionsladeschale für Smartphone (Wireless Charging), Innenspiegel mit Abblendautomatik, Instrumentenkombination (erweiterter Umfang), Isofix-Aufnahmen für Kindersitz an Rücksitz, Karosserie: 4-türig, Kennzeichenbeleuchtung LED, Klimaautomatik 3-Zonen mit autom. Umluft-Control, Knieairbag Fahrerseite, Kopf-Airbag-System hinten, Kopf-Airbag-System vorn, Kopfstützen hinten klappbar, Leichtbaudach (kohlefaserverstärkter Kunststoff, CFK), Lenksäule (Lenkrad) elektr. verstellbar, Lenksäule (Lenkrad) mechan. verstellbar, Leuchtweitenregelung, LM-Felgen vorn/hinten: 9,5x19 / 10,5x20 (Doppelspeiche 826 M, Schwarz), M Drive (Fahrprofilauswahl), M Drive Professional (Fahrprofilauswahl), Motor 3,0 Ltr. - 375 kW 24V TwinTurbo KAT (S58), Multifunktion für Lenkrad, Nebelschlussleuchte(n), Otto-Partikelfilter (OPF), Park-Distance-Control (PDC) vorn und hinten, Parkbremse elektrisch, Reifendruck-Kontrollsystem, Reifenpannen-Anzeige, Schadstoffarm nach Abgasnorm Euro 6d, Schaltpunktanzeige, Scheinwerfer LED, Seitenairbag vorn, Service-System: Intelligenter Notruf inkl. TeleServices, Sitzbezug / Polsterung: Leder Merino (erweiterter Umfang), Sitze vorn elektr. verstellbar (mit Memory), Sitzheizung vorn, Spiegel-Paket, Sportdifferential, Start-Stop-Knopf, Start/Stop-Anlage (Funktion), Steckdose (12V-Anschluß) in Mittelkonsole vorn, Warndreieck, Wärme-/Sonnenschutzverglasung, Wärme-/Sonnenschutzverglasung kombiniert (hinten abgedunkelt)",
  "dealerDetails": {
    "id": 25689507,
    "name": "Waldner Car Consulting GmbH & Co. KG",
    "sellerType": "Dealer",
    "phones": [
      "+49 (0)7025 907990157"
    ],
    "languages": [
      "Deutsch",
      "Pусский",
      "English",
      "Italiano",
      "Română",
      "Türkçe"
    ],
    "country": "DE",
    "address": "Beurener Str. 4, DE-72636 Frickenhausen",
    "location": {
      "latitude": 48.5798819,
      "longitude": 9.371940799999999
    },
    "activeSince": "2021-02-16T00:00:00.000Z",
    "homepageUrl": "https://home.mobile.de/home/redirect.html?customerId=25689507",
    "iconUrl": null,
    "reviewPageUrl": "https://www.mobile.de/bewertungen/WaldnerCarConsultingGmbHCoKG?lang=en",
    "score": {
      "total": 5,
      "responseTime": 5,
      "friendliness": 5,
      "advice": 4.9
    },
    "activeRatingCount": 8,
    "vehicleAsDescribedPercentage": 100,
    "recommendPercentage": 100,
    "soldVehicleCount": null,
    "reviews": []
  },
  "attributes": {
    "Vehicle condition": "Used vehicle, Accident-free",
    "Category": "Sports Car / Coupe",
    "Model range": "Baureihe M3 Lim. (G80)(2020->)",
    "Trim line": "xDrive Competition",
    "Availability": "Now",
    "Origin": "German edition",
    "Mileage": "56,500 km",
    "Cubic Capacity": "2,993 ccm",
    "Power": "375 kW (510 hp)",
    "Drive type": "Internal combustion engine",
    "Fuel": "Petrol",
    "Number of Seats": "5",
    "Door Count": "4/5",
    "Transmission": "Automatic",
    "Emission Class": "Euro6d",
    "Emissions Sticker": "4 (Green)",
    "First Registration": "05/2022",
    "Number of Vehicle Owners": "1",
    "HU": "New",
    "Climatisation": "Automatic climatisation, 3 zones",
    "Parking sensors": "Camera, Rear, Front, Self-steering systems",
    "Airbags": "Front and Side and More Airbags",
    "Colour (Manufacturer)": "ALPINWEISS III",
    "Colour": "White",
    "Interior Design": "Other, Black",
    "Weight": "1,805 kg",
    "Cylinders": "6",
    "Tank capacity": "59 l"
  },
  "features": [
    "ABS",
    "Adaptive lighting",
    "Alarm system",
    "Alloy wheels",
    "Ambient lighting",
    "Android Auto",
    "Apple CarPlay",
    "Arm rest",
    "Autom. dimming interior mirror",
    "Blind spot assist",
    "Bluetooth",
    "Cargo barrier",
    "Central locking",
    "Cruise control",
    "DAB radio",
    "Digital cockpit",
    "Distance warning system",
    "Dynamic chassis control",
    "Electric seat adjustment",
    "Electric side mirror",
    "Electric tailgate",
    "Electric windows",
    "Eletric seat adjustment with memory function",
    "Emergency brake assist",
    "Emergency call system",
    "ESP",
    "Fatigue warning system",
    "Fog lamp",
    "Four-wheel drive",
    "Full Service History",
    "Glare-free high beam headlights",
    "Hands-free kit",
    "Head-up display",
    "Heated seats",
    "Heated steering wheel",
    "High beam assist",
    "Hill-start assist",
    "Immobilizer",
    "Induction charging for smartphones",
    "Isofix",
    "Lane change assist",
    "Laser headlights",
    "Leather steering wheel",
    "LED running lights",
    "Light sensor",
    "Multifunction steering wheel",
    "Navigation system",
    "Non-smoker vehicle",
    "On-board computer",
    "Paddle shifters",
    "Particulate filter",
    "Power Steering",
    "Rain sensor",
    "Sound system",
    "Speed limit control system",
    "Sport seats",
    "Sports package",
    "Sports suspension",
    "Start-stop system",
    "Summer tyres",
    "Tinted windows",
    "Touchscreen",
    "Traction control",
    "Traffic sign recognition",
    "Tuner/radio",
    "Tyre pressure monitoring",
    "USB port",
    "Voice control",
    "Warranty"
  ]
},
{
  "title": "BMW M3 Competition Limousine Harman/K Head-Up Laser",
  "previewImage": "https://img.classistatic.de/api/v1/mo-prod/images/ba/bab29b94-4083-4682-8153-218a7c1614f5?rule=mo-1600.jpg",
  "category": "Limousine",
  "brand": "BMW",
  "model": "M3",
  "url": "https://suchen.mobile.de/fahrzeuge/details.html?id=433945814",
  "price.total.amount": 75900,
  "priceRating": {
    "rating": "Good price",
    "priceRanges": {
      "Very good price": {
        "start": 55601,
        "end": 72300
      },
      "Good price": {
        "start": 72301,
        "end": 77800
      },
      "Fair price": {
        "start": 77801,
        "end": 86500
      },
      "Increased price": {
        "start": 86501,
        "end": 92900
      },
      "High price": {
        "start": 92901,
        "end": 103200
      }
    }
  },
  "description": "Bei den oben dargestellten Angaben zu Verbrauchs- und Emissionswerten handelt es sich um Angaben nach dem NEFZ-Messverfahren. Werte nach dem WLTP-Messverfahren werden mit dem Zusatz „(WLTP)“ gekennzeichnet.*\n\nAntrieb, Fahrwerk\nAdaptives M Fahrwerk\nM Sportdifferenzial\n\nEditionen und Pakete\nAblagenpaket\nInnovationspaket\n\nExterieur\nGlasdach elektrisch\nSchiebedach\n\nFahrerassistenz\nBMW Head-Up Display\nDriving Assistant\nGeschwindigkeitsregelung mit Bremsfunktion\nGesetzlicher Notruf\nParking Assistant Plus\n\nIndividualumfänge\nM Hochglanz Shadow Line\nM Hochglanz Shadow Line mit erweiterten Umfängen\n\nKomfort, Innenausstattung\nAkustikverglasung\nFondkopfstützen klappbar\nGalvanikapplikation für Bedienelemente\nInnen- und Außenspiegelpaket\nKlimaautomatik\nKomfortzugang\nLordosenstütze für Fahrer und Beifahrer\nM Interieurleisten 'Carbon Fibre'\nM Sportsitze\nSitzheizung für Fahrer und Beifahrer\nSitzverstellung elektrisch\nSitzverstellung elektrisch mit Memory für Fahrersitz\nSonnenschutzverglasung\n\nMultimedia\nBMW Live Cockpit Professional (laufzeitgebundener Dienst)\nDAB Tuner\nHarman Kardon Surround Sound System\nTelefonie mit Wireless Charging\n\nRäder\n19\"/20\" M Schmiederäder Doppelspeiche 826 M Schwarz / MB\n\nSitzbezug\nLeder Merino Silverstone/Schwarz\n\nSonstiges\nABS\nActive Guard\nEntfall Touch Funktionalität auf BMW Controller\nIndividual\nKlimaanlage oder -automatik\nLeder\nLordose\nM Compound-Bremse, rot hochglänzend\nM Drive Professional\nM Leuchten Shadow Line\nSitzheizung\nSportfahrwerk\nTempomat\nUnfallfrei\n\nUmwelt, Sicherheit\nAbgasnorm EU6 RDE II\nAktiver Fussgängerschutz\nAlarmanlage mit Fernbedienung\nBeifahrerairbag-Deaktivierung\nBMW Laserlicht\nFernlichtassistent\nInnenspiegel automatisch abblendend\nReifendruck-Kontrolle\n\nWeiteres\nBitte haben Sie Verständnis dafür, dass es sich bei den ausgewiesenenAngebotspreisen um Festpreise handelt.Vielen Dank, Ihr Verkaufsteam!\n\nOffizielle Angaben zu Kraftstoffverbrauch, CO2-Emissionen, Stromverbrauch und elektrischer Reichweite wurden nach dem vorgeschriebenen Messverfahren ermittelt und entsprechen der VO (EU) 715/2007 in der jeweils geltenden Fassung. Für die Bemessung von Steuern und anderen fahrzeugbezogenen Abgaben, die (auch) auf den CO2-Ausstoß abstellen, sowie ggf. für die Zwecke von fahrzeugspezifischen Förderungen werden WLTP-Werte verwendet. Aufgeführte NEFZ-Werte wurden ggf. auf Basis des neuen WLTP-Messverfahrens ermittelt und zur Vergleichbarkeit auf das NEFZ-Messverfahren zurückgerechnet. Für seit 01.01.2021 neu typgeprüfte Fahrzeuge existieren die offiziellen Angaben nur noch nach WLTP. Weitere Informationen zu den Messverfahren NEFZ und WLTP finden Sie unter www.bmw.de/wltp.Irrtümer und Zwischenverkauf vorbehalten.",
  "dealerDetails": {
    "id": 452855,
    "name": "BMW AG - Niederlassung Berlin - Hauptbetrieb - Verkauf Gebrauchte Automobile",
    "sellerType": "Dealer",
    "phones": [
      "+49 (0)30 2325396272"
    ],
    "languages": [
      "Deutsch",
      "English",
      "Türkçe"
    ],
    "country": "DE",
    "address": "Kaiserdamm 90, DE-14057 Berlin",
    "location": {
      "latitude": 52.5093891,
      "longitude": 13.2827296
    },
    "activeSince": "2000-07-10T00:00:00.000Z",
    "homepageUrl": "https://home.mobile.de/home/redirect.html?customerId=452855",
    "iconUrl": "https://img.classistatic.de/api/v1/mo-prod/images/81/81308b4f-a6df-4ae6-bc95-bb4bcc515fff?rule=mo-640.jpg",
    "reviewPageUrl": "https://www.mobile.de/bewertungen/BMW-BERLIN?lang=en",
    "score": {
      "total": 4.8,
      "responseTime": 4.8,
      "friendliness": 4.8,
      "advice": 4.7
    },
    "activeRatingCount": 25,
    "vehicleAsDescribedPercentage": 95,
    "recommendPercentage": 92,
    "soldVehicleCount": null,
    "reviews": []
  },
  "attributes": {
    "Vehicle condition": "Used vehicle",
    "Category": "Saloon",
    "Model range": "M3",
    "Trim line": "Limousine Harman/K Head-Up Laser",
    "Vehicle Number": "2G322527",
    "Availability": "Now",
    "Origin": "German edition",
    "Mileage": "19,414 km",
    "Cubic Capacity": "2,993 ccm",
    "Power": "375 kW (510 hp)",
    "Drive type": "Internal combustion engine",
    "Fuel": "Petrol, E10-enabled",
    "Number of Seats": "5",
    "Door Count": "4/5",
    "Transmission": "Manual gearbox",
    "Emission Class": "Euro6",
    "Emissions Sticker": "4 (Green)",
    "First Registration": "06/2022",
    "Construction Year": "2022",
    "Number of Vehicle Owners": "1",
    "HU": "05/2027",
    "Climatisation": "Automatic air conditioning",
    "Parking sensors": "Rear, Front, Self-steering systems",
    "Airbags": "Front Airbags",
    "Colour (Manufacturer)": "Skyscraper Grau",
    "Colour": "Grey Metallic",
    "Interior Design": "Full leather, Black"
  },
  "features": [
    "ABS",
    "Adaptive cornering lights",
    "Alarm system",
    "Alloy wheels",
    "Autom. dimming interior mirror",
    "Bluetooth",
    "Central locking",
    "Cruise control",
    "DAB radio",
    "Digital cockpit",
    "Electric seat adjustment",
    "Electric windows",
    "Eletric seat adjustment with memory function",
    "Emergency call system",
    "ESP",
    "Glare-free high beam headlights",
    "Hands-free kit",
    "Head-up display",
    "Heated seats",
    "High beam assist",
    "Hill-start assist",
    "Immobilizer",
    "Induction charging for smartphones",
    "Isofix",
    "Keyless central locking",
    "Laser headlights",
    "Light sensor",
    "Lumbar support",
    "Multifunction steering wheel",
    "Navigation system",
    "On-board computer",
    "Power Steering",
    "Rain sensor",
    "Sound system",
    "Sport seats",
    "Sports suspension",
    "Start-stop system",
    "Sunroof",
    "Tinted windows",
    "Touchscreen",
    "Traction control",
    "Tuner/radio",
    "Tyre pressure monitoring",
    "Voice control",
    "Warranty"
  ]
},
{
  "title": "BMW M3 M xDrive Limousine Competition Navi Laser HUD",
  "previewImage": "https://img.classistatic.de/api/v1/mo-prod/images/de/ded45a5a-6f33-4782-b840-2ed932a17c03?rule=mo-1600.jpg",
  "category": "Limousine",
  "brand": "BMW",
  "model": "M3",
  "url": "https://suchen.mobile.de/fahrzeuge/details.html?id=434391168",
  "price.total.amount": 78840,
  "priceRating": {
    "rating": "Fair price",
    "priceRanges": {
      "Very good price": {
        "start": 54101,
        "end": 70300
      },
      "Good price": {
        "start": 70301,
        "end": 75800
      },
      "Fair price": {
        "start": 75801,
        "end": 84300
      },
      "Increased price": {
        "start": 84301,
        "end": 90400
      },
      "High price": {
        "start": 90401,
        "end": 100500
      }
    }
  },
  "description": "Fahrzeugnummer: 204454\n\nEhemalige unverbindliche Preisempfehlung des Automobilherstellers: 104.440 €\nHIGHLIGHTS & PAKETE\nBMW Live Cockpit Professional\nInnovationspaket\nM Shadow Line mit erweitertem Umfang\nHochglanz Shadow-Line\nAblagenpaket\n\nASSISTENZSYSTEME\nDriving Assistant\nParkassistenzsystem Plus\nGeschwindigkeitsregelung mit Bremsfunkt.\n\nMOTOR GETRIEBE & FAHRWERK\nAdaptives M Fahrwerk\nKomfortzugang\n\nAUDIO & KOMMUNIKATION\nConnected Package Professional\nHead-Up Display\nHarman/Kardon Surround Sound System\nTelefonie mit Wireless Charging\nWLAN Hotspot\nDAB-Tuner\n\nINTERIEUR\nM Sportsitz\nGalvanikapplikation Bedienelemente\nDachhimmel anthrazit\nSitzverstellung elektrisch mit Memory\nKlimaautomatik\nM Sicherheitsgurte\nLordosenstütze Fahrer u. Beifahrer\nSitzheizung Fahrer/Beifahrer\nLenkradheizung\nInterieurleisten hochglänzend schwarz\nInnenspiegel automatisch abblendend\nKopfstützen im Fond klappbar\nDeaktivierung Airbag Beifahrer\n\nLICHT & SICHT\nBMW Laserlicht\nFernlichtassistent\n\nRÄDER\nReifendruckanzeige\n\nTECHNIK & SICHERHEIT\nKilometertacho\nInnen-/Aussensp. mit Abblendautomatik\nAlarmanlage\n\nEXTERIEUR\nAbgedunkelte Verglasung",
  "dealerDetails": {
    "id": 22801910,
    "name": "Autohaus Rhein Bayreuth, Zweigniederlassung der Autohaus Herrmann und Rhein GmbH",
    "sellerType": "Dealer",
    "phones": [
      "+49 (0)921 959239000"
    ],
    "languages": [
      "Deutsch"
    ],
    "country": "DE",
    "address": "Justus-Liebig-Str. 41, DE-95447 Bayreuth",
    "location": {
      "latitude": 49.9331127,
      "longitude": 11.563088
    },
    "activeSince": "2020-01-23T00:00:00.000Z",
    "homepageUrl": "https://home.mobile.de/home/redirect.html?customerId=22801910",
    "iconUrl": null,
    "reviewPageUrl": "https://www.mobile.de/bewertungen/AUTOHAUSRHEINBAYREUTHZWEIGNIEDERLASSUNGDERAUTOHAUSHERRMANNUNDRHE?lang=en",
    "score": {
      "total": 4.8,
      "responseTime": 4.8,
      "friendliness": 4.9,
      "advice": 4.7
    },
    "activeRatingCount": 13,
    "vehicleAsDescribedPercentage": 91,
    "recommendPercentage": 100,
    "soldVehicleCount": null,
    "reviews": []
  },
  "attributes": {
    "Vehicle condition": "Used vehicle",
    "Category": "Saloon",
    "Model range": "G80",
    "Trim line": "Competition",
    "Vehicle Number": "204454",
    "Availability": "Now",
    "Origin": "German edition",
    "Mileage": "27,008 km",
    "Cubic Capacity": "2,993 ccm",
    "Power": "375 kW (510 hp)",
    "Drive type": "Internal combustion engine",
    "Fuel": "Petrol, E10-enabled",
    "Number of Seats": "5",
    "Door Count": "4/5",
    "Transmission": "Automatic",
    "Emission Class": "Euro6d",
    "Emissions Sticker": "4 (Green)",
    "First Registration": "06/2022",
    "Number of Vehicle Owners": "1",
    "Climatisation": "Automatic climatisation, 3 zones",
    "Parking sensors": "360° camera, Self-steering systems, Front, Rear",
    "Airbags": "Front and Side and More Airbags",
    "Colour (Manufacturer)": "Black Sapphire",
    "Colour": "Black Metallic",
    "Interior Design": "Full leather, Black"
  },
  "features": [
    "ABS",
    "Adaptive cornering lights",
    "Alarm system",
    "Alloy wheels",
    "Ambient lighting",
    "Android Auto",
    "Apple CarPlay",
    "Arm rest",
    "Autom. dimming interior mirror",
    "Blind spot assist",
    "Bluetooth",
    "Central locking",
    "Cruise control",
    "DAB radio",
    "Digital cockpit",
    "Distance warning system",
    "Electric seat adjustment",
    "Electric side mirror",
    "Electric tailgate",
    "Electric windows",
    "Emergency brake assist",
    "Emergency call system",
    "ESP",
    "Fatigue warning system",
    "Folding exterior mirrors",
    "Four-wheel drive",
    "Full Service History",
    "Glare-free high beam headlights",
    "Hands-free kit",
    "Head-up display",
    "Heated seats",
    "Heated steering wheel",
    "High beam assist",
    "Hill-start assist",
    "Immobilizer",
    "Induction charging for smartphones",
    "Integrated music streaming",
    "Isofix",
    "Keyless central locking",
    "Lane change assist",
    "Laser headlights",
    "Leather steering wheel",
    "LED running lights",
    "Light sensor",
    "Lumbar support",
    "Multifunction steering wheel",
    "Navigation system",
    "Non-smoker vehicle",
    "On-board computer",
    "Paddle shifters",
    "Particulate filter",
    "Power Steering",
    "Rain sensor",
    "Sound system",
    "Speed limit control system",
    "Sport seats",
    "Sports package",
    "Sports suspension",
    "Start-stop system",
    "Summer tyres",
    "Tinted windows",
    "Touchscreen",
    "Traction control",
    "Traffic sign recognition",
    "Tuner/radio",
    "Tyre pressure monitoring",
    "USB port",
    "Voice control",
    "Warranty",
    "WLAN / Wi-Fi hotspot"
  ]
},
{
  "title": "BMW M3 Competition Xdrive Carbon Schalensitze",
  "previewImage": "https://img.classistatic.de/api/v1/mo-prod/images/9a/9aedc886-6651-4744-8dfc-84f3e250edb9?rule=mo-1600.jpg",
  "category": "Limousine",
  "brand": "BMW",
  "model": "M3",
  "url": "https://suchen.mobile.de/fahrzeuge/details.html?id=433687925",
  "price.total.amount": 74950,
  "priceRating": {
    "rating": "Fair price",
    "priceRanges": {
      "Very good price": {
        "start": 49801,
        "end": 64700
      },
      "Good price": {
        "start": 64701,
        "end": 69700
      },
      "Fair price": {
        "start": 69701,
        "end": 77500
      },
      "Increased price": {
        "start": 77501,
        "end": 83200
      },
      "High price": {
        "start": 83201,
        "end": 92400
      }
    }
  },
  "description": "Zum Verkauf steht mein BMW M3 Competition xDrive, der sich in einem äußerst gepflegten und technisch einwandfreien Zustand befindet.\n\nDie Ausstattung des Fahrzeugs lässt nahezu keine Wünsche offen und umfasst unter anderem:\n• Individual-Lackierung in Frozen Pure Grey\n• Carbon-Paket für Innen- und Außenbereich\n• Carbon-Schalensitze\n• Carbon-Dach\n• Laserlicht-Scheinwerfer\n• und vieles mehr\n\nIch habe den M3 im Oktober 2023 mit 27.000 km bei einer BMW-Niederlassung erworben und ihn seitdem stets sorgfältig gepflegt.\nIch bin der zweite Besitzer (erster Besitzer war BMW selbst).\n\nIn meinem Besitz wurden einige Veränderungen vorgenommen, darunter:\n• H&R Federn\n• H&R Spurplatten an Vorder- und Hinterachse\n• Carbon-Frontgrill\n• 55 Parts offene Ansaugung\n• 55 Parts Alu-Skidplate (Ölkühlerschutz)\n• DO88 Upgrade-Ölkühler\n• Stahlflex-Bremsleitungen\n• neu bezogenes Alcantara-Lenkrad\n• magnetische Schaltwippen\n• Lackierung der Frontlippe, Schweller und des Diffusor-Ansatzes in Wagenfarbe\n• originale M863-Felgen in Hochglanz/Chrom gepulvert\n\nZusätzlich hat das Fahrzeug:\n• einen Femto-Unlock inkl. MHD Super License und XHP License\n• MHD Stage 2 mit 102-Oktan-Map\n• XHP Stage 3\n\nDarüber hinaus wurden Inked Custom Catless Downpipes sowie eine 4,5-Zoll-Single-Midpipe verbaut.\nAlle Originalteile sind selbstverständlich vorhanden und können beim Kauf mitgegeben werden.\n\nAktuell sind frische Michelin Pilot Sport 4S montiert.\n\nVor 3 Wochen wurden die Bremsen an Vorder- und Hinterachse mit original BMW-Bremsscheiben und Pagid RSL29-Bremsbelägen erneuert.\n\nTÜV sowie ein großer Service werden in diesem Monat ebenfalls noch neu gemacht.\n\nDer M3 ist selbstverständlich lückenlos scheckheftgepflegt bei BMW. Zudem wurden die Serviceintervalle bewusst verkürzt und alle 10–12 Tkm durchgeführt.\n\nDie Neuwagenanschlussgarantie läuft noch bis zum 19.09.2027.\n\nDas Fahrzeug ist nicht unfallfrei und nicht nachlackierungsfrei!\n\nVor ca. 5 Monaten bin ich bei geringer Geschwindigkeit (ca. 5 km/h) in einen Graben gerutscht. Der entstandene Schaden war gering: Es wurden lediglich einige Halterungen und Kleinteile ersetzt, außerdem erhielt das Fahrzeug eine neue Frontstoßstange.\nBilder sowie das Gutachten sind selbstverständlich vorhanden und können bei Interesse eingesehen werden.\n\nDer Preis ist leicht verhandelbar. Sollte ich etwas vergessen haben, beantworte ich gerne alle offenen Fragen.",
  "dealerDetails": {
    "id": 40355356,
    "sellerType": "Private Seller",
    "country": "DE",
    "address": "DE-53879 Euskirchen",
    "location": {
      "latitude": 50.6533185,
      "longitude": 6.7887652
    },
    "iconUrl": null,
    "reviewPageUrl": null,
    "score": null,
    "activeRatingCount": null,
    "vehicleAsDescribedPercentage": null,
    "recommendPercentage": null,
    "soldVehicleCount": null,
    "reviews": []
  },
  "attributes": {
    "Vehicle condition": "Used vehicle",
    "Category": "Saloon",
    "Mileage": "69,890 km",
    "Cubic Capacity": "2,993 ccm",
    "Power": "375 kW (510 hp)",
    "Drive type": "Internal combustion engine",
    "Fuel": "Petrol",
    "Number of Seats": "5",
    "Door Count": "4/5",
    "Transmission": "Automatic",
    "First Registration": "09/2022",
    "Climatisation": "Automatic climatisation, 3 zones",
    "Parking sensors": "Rear, 360° camera, Front",
    "Colour": "Silver",
    "Interior Design": "Full leather, Red"
  },
  "features": [
    "ABS",
    "Adaptive cornering lights",
    "Alarm system",
    "Alloy wheels",
    "Ambient lighting",
    "Android Auto",
    "Apple CarPlay",
    "Arm rest",
    "Autom. dimming interior mirror",
    "Blind spot assist",
    "Bluetooth",
    "Central locking",
    "Cruise control",
    "Digital cockpit",
    "Distance warning system",
    "Electric seat adjustment",
    "Electric side mirror",
    "Electric tailgate",
    "Electric windows",
    "Emergency brake assist",
    "Emergency call system",
    "ESP",
    "Fatigue warning system",
    "Glare-free high beam headlights",
    "Hands-free kit",
    "Headlight washer system",
    "Head-up display",
    "Heated seats",
    "Heated steering wheel",
    "High beam assist",
    "Hill-start assist",
    "Immobilizer",
    "Induction charging for smartphones",
    "Isofix",
    "Keyless central locking",
    "Lane change assist",
    "Laser headlights",
    "Leather steering wheel",
    "Light sensor",
    "Lumbar support",
    "Multifunction steering wheel",
    "Navigation system",
    "On-board computer",
    "Paddle shifters",
    "Particulate filter",
    "Passenger seat Isofix point",
    "Power Steering",
    "Rain sensor",
    "Roof rack",
    "Speed limit control system",
    "Sport seats",
    "Sports package",
    "Sports suspension",
    "Start-stop system",
    "Summer tyres",
    "Touchscreen",
    "Traction control",
    "Traffic sign recognition",
    "Tyre pressure monitoring",
    "USB port",
    "Voice control",
    "WLAN / Wi-Fi hotspot"
  ]
},
{
  "title": "BMW M3 Competition Leder Widescr. H&K Laser Dr.Ass.",
  "previewImage": "https://img.classistatic.de/api/v1/mo-prod/images/cd/cd04719c-bb7a-47b6-8f63-f9d05797eeda?rule=mo-1600.jpg",
  "category": "Limousine",
  "brand": "BMW",
  "model": "M3",
  "url": "https://suchen.mobile.de/fahrzeuge/details.html?id=431796443",
  "price.total.amount": 75900,
  "priceRating": {
    "rating": "Good price",
    "priceRanges": {
      "Very good price": {
        "start": 56201,
        "end": 73100
      },
      "Good price": {
        "start": 73101,
        "end": 78700
      },
      "Fair price": {
        "start": 78701,
        "end": 87500
      },
      "Increased price": {
        "start": 87501,
        "end": 94000
      },
      "High price": {
        "start": 94001,
        "end": 104400
      }
    }
  },
  "description": "Herzlich Willkommen bei deinAutopartner! Wir haben ständig über 180 Jung- und Jahreswagen im Bestand. Weitere Fotos, Details und top Angebote auf www.deinautopartner.com \n\nBitte geben Sie bei Interesse die interne Nummer des Fahrzeugs an: 3041\n\nSonderausstattung \nInnovations-Paket\n◦ Scheinwerfer Laserlicht\n◦ Fahrassistenz-System: Fernlichtassistent\n◦ Komfortzugang (Öffnungs- und Schließsystem)\n◦ Fahrassistenz-System: Driving Assistant\n◦ Fahrassistenz-System: Spurwechselassistent\n◦ Fahrassistenz-System: Frontkollisionswarnung\n◦ Fahrassistenz-System: Heckaufprall-Vermeidung (Prävention Heckkollision)\n◦ Fahrassistenz-System: Querverkehrs-Assistent\n◦ Fahrassistenz-System: Spurwechsel-Warnsystem\nUni-Lackierung Sao Paolo Gelb\nParkassistent-Paket\n◦ Rückfahrkamera\n◦ Fahrassistenz-System: Rückfahr-Assistent\nSound-System Harman-Kardon\nSicherheitssystem Active Protection\nReifen-Reparaturset (Mobility-Pack)\nSerienausstattung \nMotor 3,0 Ltr. - 375 kW 24V TwinTurbo KAT (S58)\nReifenpannen-Anzeige\nReifendruck-Kontrollsystem\nParkbremse elektrisch\nPark-Distance-Control (PDC) vorn und hinten\nOtto-Partikelfilter (OPF)\nNebelschlussleuchte(n)\nMultifunktion für Lenkrad\nLM-Felgen\nM Drive Professional (Fahrprofilauswahl)\nM Drive (Fahrprofilauswahl)\nSchaltpunktanzeige\nLeuchtweitenregelung\nLenksäule (Lenkrad) mechan. verstellbar\nLenksäule (Lenkrad) elektr. verstellbar\nLenkrad (Leder) mit Multifunktion M-Technic\nLeichtbaudach (kohlefaserverstärkter Kunststoff, CFK)\nSchadstoffarm nach Abgasnorm Euro 6d\nService-System: Intelligenter Notruf inkl. TeleServices\nScheibenwischer mit Regensensor\nStart/Stop-Anlage (Funktion)\nZentralverriegelung mit Fernbedienung\nWärme-/Sonnenschutzverglasung kombiniert (hinten abgedunkelt)\nWärme-/Sonnenschutzverglasung\nWidescreen Display\nWegfahrsperre\nWarndreieck\nSteckdose (12V-Anschluß) in Mittelkonsole vorn\nStart-Stop-Knopf\nScheinwerfer LED\nSportsitze vorn (M-Technic)\nSportdifferential\nSpiegel-Paket\nSitzheizung vorn + hinten\nSitze vorn elektr. verstellbar (mit Memory)\nSitzbezug / Polsterung: Leder Merino (erweiterter Umfang)\nKopf-Airbag-System vorn\nSeitenairbag vorn\nKopfstützen hinten klappbar\nAblage-Paket\nAdaptives Fahrwerk M-Technic\nAußenspiegel elektr. verstell- und heizbar\nDiebstahl-Warnanlage\nDachhimmel Anthrazit (BMW Individual)\nDAB-Tuner (Radioempfang digital)\nCompetition\nBordcomputer\nBMW Live Cockpit Plus\nBlinkleuchte in Außenspiegel integriert\nBedienelemente galvanisiert\nAußenausstattung: Shadow-Line Hochglanz (erweiterter Umfang)\nDurchladeeinrichtung (Mittelarmlehne hinten)\nAußenausstattung: Shadow-Line Hochglanz\nAußenausstattung: Shadow-Line\nAusstattungs-Paket: Connected Professional\nAnti-Blockier-System (ABS)\nAmbiente-Beleuchtung\nAlarmanlage\nAktives M Differential\nAirbag Fahrer-/Beifahrerseite\nAirbag Beifahrerseite abschaltbar\nDiebstahlsicherung für Räder (Felgenschlösser)\nDynamische Stabilitäts-Control (DSC) mit erweiterter Umfang\nKnieairbag Fahrerseite\nHeckleuchten LED\nKlimaautomatik 3-Zonen mit autom. Umluft-Control\nKennzeichenbeleuchtung LED\nKarosserie: 4-türig\nIsofix-Aufnahmen für Kindersitz an Rücksitz\nInstrumentenkombination (erweiterter Umfang)\nInnenspiegel mit Abblendautomatik\nInnenausstattung: Interieurleisten, schwarz hochglänzend\nInduktionsladeschale für Smartphone (Wireless Charging)\nGetränkehalter\nErste Hilfe-Kasten / Verbandkasten\nGetriebe Automatik - mit Steptronic und Drivelogic (8-Stufen)\nGeschwindigkeits-Regelanlage mit Bremsfunktion\nGeschwindigkeits-Begrenzeranlage (Speed Limit Device)\nGepäckraumbeleuchtung\nFußmatten Velours\nFreisprecheinrichtung Bluetooth mit USB-/Audio-Schnittstelle\nFensterheber elektrisch\nFahrassistenz-System: Aufmerksamkeits-Assistent\nFahrassistenz-System: Active Guard (Bremsassistent)\nKopf-Airbag-System hinten\n\nWir kaufen Deinen Gebrauchtwagen gerne an, außerdem bieten wir attraktive Finanzierungskonditionen (auch ohne Anzahlung) an. Eine Kreditentscheidung ist oft innerhalb weniger Minuten im Haus. Gerne bieten wir eine Vollgarantie (auch verlängerbar auf bis zu 36 Monate) gegen Aufpreis an. Auf Wunsch Gebrauchtwagenzertifikat. We are happy to help our european customers with customs and export license plates. We sell netto. Irrtümer, Änderungen, Eingabefehler und Zwischenverkauf vorbehalten. Der Verkäufer übernimmt keine Haftung für Tipp- und Datenübermittlungsfehler. Weitere Angebote auf www.deinautopartner.com. Wir bewegen Dich!\n\nRechtliches: Diese Verkaufsanzeige stellt kein Angebot im Sinne des §145 BGB dar. Vielmehr handelt es sich um Informationen zur Vertragsanbahnung. Die hier gemachten Angaben sind ohne Gewähr und stellen somit keine zugesicherten Eigenschaften dar.\n\nWeitere Fotos, Details und Top Angebote finden Sie unter www.deinAutopartner.com",
  "dealerDetails": {
    "id": 468273,
    "name": "deinAutopartner - wir bewegen Dich.",
    "sellerType": "Dealer",
    "phones": [
      "+49 (0)7473 240980655"
    ],
    "messengers": {
      "WHATS_APP": "+49 (0)176 30436195"
    },
    "languages": [
      "Deutsch",
      "English"
    ],
    "country": "DE",
    "address": "Ofterdinger Str. 28, DE-72116 Mössingen",
    "location": {
      "latitude": 48.4088146,
      "longitude": 9.0412588
    },
    "activeSince": "2001-05-02T00:00:00.000Z",
    "homepageUrl": "https://home.mobile.de/home/redirect.html?customerId=468273",
    "iconUrl": "https://img.classistatic.de/api/v1/mo-prod/images/59/59f91c8f-8dc9-4b8e-9c2c-fdcf95a1e27a?rule=mo-640.jpg",
    "reviewPageUrl": "https://www.mobile.de/bewertungen/KAPLAN-AUTOHAUS?lang=en",
    "score": {
      "total": 4.9,
      "responseTime": 4.9,
      "friendliness": 4.9,
      "advice": 4.9
    },
    "activeRatingCount": 35,
    "vehicleAsDescribedPercentage": 96,
    "recommendPercentage": 100,
    "soldVehicleCount": null,
    "reviews": []
  },
  "attributes": {
    "Vehicle condition": "Used vehicle",
    "Category": "Saloon",
    "Availability": "Now",
    "Origin": "German edition",
    "Mileage": "20,000 km",
    "Cubic Capacity": "2,993 ccm",
    "Power": "375 kW (510 hp)",
    "Drive type": "Internal combustion engine",
    "Fuel": "Petrol, E10-enabled",
    "CO₂ class": "Based on CO₂ emissions (combined)",
    "Fuel consumption": [
      "9.9 l/100km (combined)"
    ],
    "Energy costs for 15,000 km annual mileage": "€2,747/Year",
    "Fuel price": "€1.85/l (annual average 2025)",
    "Possible CO₂ costs over the next 10 years (15,000 km/year)": [
      "€3,847 (assuming an average CO₂ price of €115/t)",
      "€1,840 (assuming a low average CO₂ price of €55/t)",
      "€6,356 (assuming a high average CO₂ price of €190/t)"
    ],
    "Vehicle tax": "€432/Year",
    "Number of Seats": "5",
    "Door Count": "4/5",
    "Transmission": "Automatic",
    "Emission Class": "Euro6d",
    "Emissions Sticker": "4 (Green)",
    "First Registration": "02/2023",
    "Number of Vehicle Owners": "2",
    "Climatisation": "Automatic air conditioning",
    "Parking sensors": "Rear, Self-steering systems, Front, Camera",
    "Airbags": "Front and Side and More Airbags",
    "Colour (Manufacturer)": "SAO PAULO GELB",
    "Colour": "Yellow",
    "Interior Design": "Full leather, Black",
    "Weight": "1,805 kg",
    "Cylinders": "6",
    "Energy consumption (comb.)": "9.9 l/100km",
    "CO₂ emissions (comb.)": "223 g/km"
  },
  "features": [
    "ABS",
    "Alarm system",
    "Alloy wheels",
    "Ambient lighting",
    "Android Auto",
    "Apple CarPlay",
    "Arm rest",
    "Autom. dimming interior mirror",
    "Blind spot assist",
    "Bluetooth",
    "Cargo barrier",
    "Central locking",
    "Cruise control",
    "DAB radio",
    "Digital cockpit",
    "Distance warning system",
    "Electric seat adjustment",
    "Electric side mirror",
    "Electric windows",
    "Eletric seat adjustment with memory function",
    "Emergency brake assist",
    "Emergency call system",
    "ESP",
    "Fatigue warning system",
    "Fog lamp",
    "Folding exterior mirrors",
    "Full Service History",
    "Glare-free high beam headlights",
    "Hands-free kit",
    "Heated rear seats",
    "Heated seats",
    "High beam assist",
    "Hill-start assist",
    "Immobilizer",
    "Induction charging for smartphones",
    "Integrated music streaming",
    "Isofix",
    "Keyless central locking",
    "Laser headlights",
    "Leather steering wheel",
    "LED running lights",
    "Light sensor",
    "Lumbar support",
    "Multifunction steering wheel",
    "Navigation preparation",
    "Navigation system",
    "Non-smoker vehicle",
    "On-board computer",
    "Paddle shifters",
    "Particulate filter",
    "Passenger seat Isofix point",
    "Power Steering",
    "Rain sensor",
    "Rear traffic alert",
    "Rear wheel drive",
    "Ski bag",
    "Sound system",
    "Speed limit control system",
    "Sport seats",
    "Sports package",
    "Sports suspension",
    "Start-stop system",
    "Summer tyres",
    "Tinted windows",
    "Touchscreen",
    "Traction control",
    "Tuner/radio",
    "Tyre pressure monitoring",
    "USB port",
    "Voice control",
    "Warranty",
    "WLAN / Wi-Fi hotspot"
  ]
},
{
  "title": "BMW M3 Competition Touring Vollleder, Laser, Dravit",
  "previewImage": "https://img.classistatic.de/api/v1/mo-prod/images/25/2569efae-6142-4bf8-9049-49ff97ad3654?rule=mo-1600.jpg",
  "category": "EstateCar",
  "brand": "BMW",
  "model": "M3",
  "url": "https://suchen.mobile.de/fahrzeuge/details.html?id=430587467",
  "price.total.amount": 75900,
  "priceRating": {
    "rating": "Good price",
    "priceRanges": {
      "Very good price": {
        "start": 58201,
        "end": 75700
      },
      "Good price": {
        "start": 75701,
        "end": 81500
      },
      "Fair price": {
        "start": 81501,
        "end": 90700
      },
      "Increased price": {
        "start": 90701,
        "end": 97300
      },
      "High price": {
        "start": 97301,
        "end": 108200
      }
    }
  },
  "description": "Sonderausstattung:\n- 19/20\" Schmiederäder 20 Zoll\n- BMW Individual Dravitgrau metallic\n- M Interieurleisten \"Carbon Fibre\"\n- Vollleder Merino Feinnarbe schwarz/schwarz\n- Komfortzugang\n- Akustikverglasung\n- M Compound Bremse rot\n- M Leuchten Shadow Line\n- Sonnenschutzverglasung\n- Fernlichtassistent\n- Parking-Assistant\n\nZustand einwandfrei. Letzter Service (Original BMW) Anfang 2025",
  "dealerDetails": {
    "id": 14933569,
    "sellerType": "Private Seller",
    "country": "DE",
    "address": "DE-95503 Hummeltal",
    "location": {
      "latitude": 49.89242267614535,
      "longitude": 11.499252319335938
    },
    "iconUrl": null,
    "reviewPageUrl": null,
    "score": null,
    "activeRatingCount": null,
    "vehicleAsDescribedPercentage": null,
    "recommendPercentage": null,
    "soldVehicleCount": null,
    "reviews": []
  },
  "attributes": {
    "Vehicle condition": "Used vehicle, Accident-free",
    "Category": "Estate car",
    "Mileage": "38,900 km",
    "Cubic Capacity": "2,993 ccm",
    "Power": "375 kW (510 hp)",
    "Drive type": "Internal combustion engine",
    "Fuel": "Petrol",
    "Number of Seats": "5",
    "Door Count": "4/5",
    "Transmission": "Automatic",
    "First Registration": "11/2023",
    "Number of Vehicle Owners": "1",
    "HU": "11/2026",
    "Climatisation": "Automatic climatisation, 3 zones",
    "Parking sensors": "Camera, Rear, Front",
    "Airbags": "Front and Side and More Airbags",
    "Colour": "Grey Metallic",
    "Interior Design": "Full leather, Black"
  },
  "features": [
    "ABS",
    "Adaptive cornering lights",
    "Alloy wheels",
    "Ambient lighting",
    "Android Auto",
    "Apple CarPlay",
    "Arm rest",
    "Autom. dimming interior mirror",
    "Bluetooth",
    "Cargo barrier",
    "Central locking",
    "Cruise control",
    "DAB radio",
    "Digital cockpit",
    "Distance warning system",
    "Electric seat adjustment",
    "Electric side mirror",
    "Electric tailgate",
    "Electric windows",
    "Emergency brake assist",
    "Emergency call system",
    "ESP",
    "Fatigue warning system",
    "Four-wheel drive",
    "Full Service History",
    "Glare-free high beam headlights",
    "Hands-free kit",
    "Heated seats",
    "High beam assist",
    "Hill-start assist",
    "Induction charging for smartphones",
    "Isofix",
    "Keyless central locking",
    "Lane change assist",
    "Laser headlights",
    "Leather steering wheel",
    "LED running lights",
    "Light sensor",
    "Lumbar support",
    "Multifunction steering wheel",
    "Navigation system",
    "Non-smoker vehicle",
    "On-board computer",
    "Paddle shifters",
    "Particulate filter",
    "Power Steering",
    "Rain sensor",
    "Roof rack",
    "Speed limit control system",
    "Sport seats",
    "Sports suspension",
    "Start-stop system",
    "Summer tyres",
    "Touchscreen",
    "Traction control",
    "Traffic sign recognition",
    "Tyre pressure monitoring",
    "USB port",
    "Voice control",
    "Warranty",
    "Winter tyres"
  ]
},
{
  "title": "BMW G80 M3 Competition Xdrive Carbon Schal...",
  "previewImage": "https://img.classistatic.de/api/v1/mo-prod/images/5c/5cb12531-8073-41ea-ab3f-a9ee8d80a335?rule=mo-1600.jpg",
  "category": "Limousine",
  "brand": "BMW",
  "model": "M3",
  "url": "https://suchen.mobile.de/fahrzeuge/details.html?id=433939262",
  "price.total.amount": 74950,
  "priceRating": {
    "rating": "Fair price",
    "priceRanges": {
      "Very good price": {
        "start": 49801,
        "end": 64700
      },
      "Good price": {
        "start": 64701,
        "end": 69700
      },
      "Fair price": {
        "start": 69701,
        "end": 77500
      },
      "Increased price": {
        "start": 77501,
        "end": 83200
      },
      "High price": {
        "start": 83201,
        "end": 92400
      }
    }
  },
  "description": "Zum Verkauf steht mein BMW M3 Competition xDrive, der sich in einem äußerst gepflegten und technisch einwandfreien Zustand befindet.\n\nDie Ausstattung des Fahrzeugs lässt nahezu keine Wünsche offen und umfasst unter anderem:\nIndividual-Lackierung in Frozen Pure Grey\nCarbon-Paket für Innen- und Außenbereich\nCarbon-Schalensitze\nCarbon-Dach\nLaserlicht-Scheinwerfer\nund vieles mehr\n\nIch habe den M3 im Oktober 2023 mit 27.000 km bei einer BMW-Niederlassung erworben und ihn seitdem stets sorgfältig gepflegt.\nIch bin der zweite Besitzer (erster Besitzer war BMW selbst).\n\nIn meinem Besitz wurden einige Veränderungen vorgenommen, darunter:\nH&R Federn\nH&R Spurplatten an Vorder- und Hinterachse\nCarbon-Frontgrill\n55 Parts offene Ansaugung\n55 Parts Alu-Skidplate (Ölkühlerschutz)\nDO88 Upgrade-Ölkühler\nStahlflex-Bremsleitungen\nneu bezogenes Alcantara-Lenkrad\nmagnetische Schaltwippen\nLackierung der Frontlippe, Schweller und des Diffusor-Ansatzes in Wagenfarbe\noriginale M863-Felgen in Hochglanz/Chrom gepulvert\n\nZusätzlich hat das Fahrzeug:\neinen Femto-Unlock inkl. MHD Super License und XHP License\nMHD Stage 2 mit 102-Oktan-Map\nXHP Stage 3\n\nDarüber hinaus wurden Inked Custom Catless Downpipes sowie eine 4,5-Zoll-Single-Midpipe verbaut.\nAlle Originalteile sind selbstverständlich vorhanden und können beim Kauf mitgegeben werden.\n\nAktuell sind frische Michelin Pilot Sport 4S montiert.\n\nVor 3 Wochen wurden die Bremsen an Vorder- und Hinterachse mit original BMW-Bremsscheiben und Pagid RSL29-Bremsbelägen erneuert.\n\nTÜV sowie ein großer Service werden in diesem Monat ebenfalls noch neu gemacht.\n\nDer M3 ist selbstverständlich lückenlos scheckheftgepflegt bei BMW. Zudem wurden die Serviceintervalle bewusst verkürzt und alle 1012 Tkm durchgeführt.\n\nDie Neuwagenanschlussgarantie läuft noch bis zum 19.09.2027.\n\nDas Fahrzeug ist nicht unfallfrei und nicht nachlackierungsfrei!\n\nVor ca. 5 Monaten bin ich bei geringer Geschwindigkeit (ca. 5 km/h) in einen Graben gerutscht. Der entstandene Schaden war gering: Es wurden lediglich einige Halterungen und Kleinteile ersetzt, außerdem erhielt das Fahrzeug eine neue Frontstoßstange.\nBilder sowie das Gutachten sind selbstverständlich vorhanden und können bei Interesse eingesehen werden.\n\nDer Preis ist leicht verhandelbar. Sollte ich etwas vergessen haben, beantworte ich gerne alle offenen Fragen.\n\nDas Fahrzeug wird momentan weiterhin bewegt, somit kann der km Stand abweichen.",
  "dealerDetails": {
    "sellerType": "Private Seller",
    "country": "DE",
    "address": "DE-53359 Rheinbach",
    "location": {
      "latitude": 50.62556,
      "longitude": 6.94856
    },
    "iconUrl": null,
    "reviewPageUrl": null,
    "score": null,
    "activeRatingCount": null,
    "vehicleAsDescribedPercentage": null,
    "recommendPercentage": null,
    "soldVehicleCount": null,
    "reviews": []
  },
  "attributes": {
    "Vehicle condition": "Used vehicle",
    "Category": "Saloon",
    "Mileage": "69,890 km",
    "Power": "375 kW (510 hp)",
    "Drive type": "Internal combustion engine",
    "Fuel": "Petrol",
    "Transmission": "Automatic",
    "First Registration": "09/2022",
    "Climatisation": "A/C (man.)",
    "Parking sensors": "Rear"
  },
  "features": [
    "ABS",
    "Alloy wheels",
    "Bluetooth",
    "Cruise control",
    "Full Service History",
    "Hands-free kit",
    "Heated seats",
    "Navigation system",
    "Tuner/radio"
  ]
},
{
  "title": "BMW M3 G80 Lim. Competition",
  "previewImage": "https://img.classistatic.de/api/v1/mo-prod/images/1f/1fbf508b-3ce2-4a5b-8f17-a482a136c9d5?rule=mo-1600.jpg",
  "category": "Limousine",
  "brand": "BMW",
  "model": "M3",
  "url": "https://suchen.mobile.de/fahrzeuge/details.html?id=434459245",
  "price.total.amount": 77400,
  "priceRating": {
    "rating": "Good price",
    "priceRanges": {
      "Very good price": {
        "start": 57301,
        "end": 74500
      },
      "Good price": {
        "start": 74501,
        "end": 80300
      },
      "Fair price": {
        "start": 80301,
        "end": 89300
      },
      "Increased price": {
        "start": 89301,
        "end": 95800
      },
      "High price": {
        "start": 95801,
        "end": 106500
      }
    }
  },
  "description": "Herzlich Willkommen bei RK Automobile GmbH in Riegelsberg.\nIhr Partner für individuelle Mobilität seit 1995.\nWir bieten Ihnen Folgendes Fahrzeug an:\nBMW M3 Competition mit:\nSonderausstattung:\nLM-Felgen vorn/hinten: 9,5x19 / 10,5x20 (Doppelspeichen 826 M, Bicolor, Schwarz), Parkassistent-Paket Plus, Reifen-Reparaturset (Mobility-Pack), Sonnenschutzverglasung (hinten abgedunkelt), Sound-System Harman-Kardon\n\nWeitere Ausstattung:\nAblage-Paket, Adaptives Fahrwerk M-Technic, Airbag Beifahrerseite abschaltbar, Airbag Fahrer-/Beifahrerseite, Aktives M Differential, Alpinweiß-Lackierung (Uni), Ambiente-Beleuchtung, Ausstattungs-Paket: Connected Professional, Außenausstattung: Shadow-Line, Außenausstattung: Shadow-Line Hochglanz, Außenausstattung: Shadow-Line Hochglanz (erweiterter Umfang), Außenspiegel elektr. verstell- und heizbar, Bedienelemente galvanisiert, Blinkleuchte in Außenspiegel integriert, BMW Live Cockpit Plus, Bordcomputer, Competition, DAB-Tuner (Radioempfang digital), Dachhimmel Anthrazit (BMW Individual), Diebstahlsicherung für Räder (Felgenschlösser), Durchladeeinrichtung (Mittelarmlehne hinten), Dynamische Stabilitäts-Control (DSC) mit erweiterter Umfang, Einstiegsleisten mit Einleger in Aluminium mit Schriftzug M, Erste Hilfe-Kasten / Verbandkasten, Fahrassistenz-System: Active Guard (Bremsassistent), Fahrassistenz-System: Aufmerksamkeits-Assistent, Freisprecheinrichtung Bluetooth mit USB-/Audio-Schnittstelle, Fußmatten Velours, Gepäckraumbeleuchtung, Getriebe Automatik - mit Steptronic und Drivelogic (8-Stufen), Getränkehalter, Heckleuchten LED, Induktionsladeschale für Smartphone (Wireless Charging), Innenausstattung: Interieurleisten, schwarz hochglänzend, Innenspiegel mit Abblendautomatik, Instrumentenkombination (erweiterter Umfang), Isofix-Aufnahmen für Kindersitz an Rücksitz, Karosserie: 4-türig, Kennzeichenbeleuchtung LED, Klimaautomatik 3-Zonen mit autom. Umluft-Control, Knieairbag Fahrerseite, Kopf-Airbag-System hinten, Kopf-Airbag-System vorn, Kopfstützen hinten klappbar, Leichtbaudach (kohlefaserverstärkter Kunststoff, CFK), Lenksäule (Lenkrad) elektr. verstellbar, Lenksäule (Lenkrad) mechan. verstellbar, Leuchtweitenregelung, M Drive (Fahrprofilauswahl), M Drive Professional (Fahrprofilauswahl), Motor 3,0 Ltr. - 375 kW 24V TwinTurbo KAT (S58), Multifunktion für Lenkrad, Nebelschlussleuchte(n), Otto-Partikelfilter (OPF), Park-Distance-Control (PDC) vorn und hinten, Parkbremse elektrisch, Reifendruck-Kontrollsystem, Reifenpannen-Anzeige, Schadstoffarm nach Abgasnorm Euro 6d, Schaltpunktanzeige, Scheinwerfer LED, Seitenairbag vorn, Service-System: Intelligenter Notruf inkl. TeleServices, Sitzbezug / Polsterung: Leder Merino (erweiterter Umfang), Sitze vorn elektr. verstellbar (mit Memory), Spiegel-Paket, Sportdifferential, Sportsitze vorn (M-Technic), Start-Stop-Knopf, Start/Stop-Anlage (Funktion), Steckdose (12V-Anschluß) in Mittelkonsole vorn, Warndreieck, Widescreen Display, Wärme-/Sonnenschutzverglasung, Wärme-/Sonnenschutzverglasung kombiniert (hinten abgedunkelt)\n\nUnsere Leistungen für Sie:\nAuf Wunsch bekommen Sie neuen Tüv auf unsere Fahrzeuge.\nSie bekommen 12 Monate Gewährleistung auf die von uns angegebenen Fahrzeuge.\nAuf Wunsch bekommen Sie 12,24 oder 36 Monate Gebrauchtwagen Garantie.\nFinanzierung auch ohne Anzahlung möglich und individuell anpassbar.\nGerne nehmen Wir ihren alten Gebrauchten von Ihnen zurück und geben Ihnen einen Fairen Preis dafür.\nProbefahrt: Damit wir uns für Sie ausgiebig Zeit nehmen können bitten wir Sie mit uns einen Termin zu vereinbaren.\nGerne telefonisch oder per e-mail.\nAnmeldung , Abmeldung , Kurzzeit-Kennzeichen , Zoll-Kennzeichen Service.\nAbholservice vom Bahnhof: Gerne holen Wir Sie vom Bahnhof in Riegelsberg (Güchenbach) ab.\n\n\nDie Fahrzeugbeschreibung dient lediglich der allgemeinen Identifizierung des Fahrzeuges und stellt keine Gewährleistung oder Zusicherung im kaufrechtlichen Sinne dar. Die Angaben erheben nicht den Anspruch auf Richtigkeit und Vollständigkeit. Irrtümer und Zwischenverkauf vorbehalten. Die gemachten Angaben, Beschreibung und Bilder sind unverbindlich und dienen nicht als zugesicherte Eigenschaften. Der Verkäufer übernimmt weder Haftung noch Gewährleistung für Tipp- und Datenübermittlungsfehler. Austattungen sowie Extras sind gegebenfalls gesondert zu überprüfen.",
  "dealerDetails": {
    "id": 478526,
    "name": "RK Automobile GmbH",
    "sellerType": "Dealer",
    "phones": [
      "+49 (0)6806 496909182"
    ],
    "messengers": {
      "WHATS_APP": "+49 (0)171 2437803"
    },
    "languages": [
      "Deutsch",
      "English",
      "Français"
    ],
    "country": "DE",
    "address": "Saarbrücker Str. 127C, DE-66292 Riegelsberg",
    "location": {
      "latitude": 49.3131244,
      "longitude": 6.938966799999999
    },
    "activeSince": "2006-05-17T00:00:00.000Z",
    "homepageUrl": "https://home.mobile.de/home/redirect.html?customerId=478526",
    "iconUrl": "https://img.classistatic.de/api/v1/mo-prod/images/2a/2ad04e20-d959-4e9d-affc-0c1407de272f?rule=mo-640.jpg",
    "reviewPageUrl": "https://www.mobile.de/bewertungen/RKAUTOMOBILEGMBH?lang=en",
    "score": {
      "total": 4.2,
      "responseTime": 4.5,
      "friendliness": 4.4,
      "advice": 3.9
    },
    "activeRatingCount": 22,
    "vehicleAsDescribedPercentage": 72,
    "recommendPercentage": 76,
    "soldVehicleCount": null,
    "reviews": []
  },
  "attributes": {
    "Vehicle condition": "Used vehicle, Accident-free",
    "Category": "Saloon",
    "Model range": "Baureihe M3 Lim. (G80)(2020->)",
    "Trim line": "Competition",
    "Availability": "Now",
    "Origin": "German edition",
    "Mileage": "21,500 km",
    "Cubic Capacity": "2,993 ccm",
    "Power": "375 kW (510 hp)",
    "Drive type": "Internal combustion engine",
    "Fuel": "Petrol",
    "Number of Seats": "5",
    "Door Count": "4/5",
    "Emission Class": "Euro6",
    "Emissions Sticker": "4 (Green)",
    "First Registration": "01/2024",
    "HU": "01/2027",
    "Climatisation": "Automatic climatisation, 3 zones",
    "Parking sensors": "360° camera, Front, Self-steering systems, Rear",
    "Airbags": "Front and Side and More Airbags",
    "Colour (Manufacturer)": "ALPINWEISS III",
    "Colour": "White",
    "Interior Design": "Full leather, Black",
    "Weight": "1,805 kg",
    "Cylinders": "6",
    "Tank capacity": "59 l"
  },
  "features": [
    "ABS",
    "Alarm system",
    "Alloy wheels",
    "Ambient lighting",
    "Android Auto",
    "Apple CarPlay",
    "Arm rest",
    "Autom. dimming interior mirror",
    "Blind spot assist",
    "Bluetooth",
    "Cargo barrier",
    "CD Multichanger",
    "CD player",
    "Central locking",
    "Cruise control",
    "DAB radio",
    "Digital cockpit",
    "Dynamic chassis control",
    "Electric seat adjustment",
    "Electric side mirror",
    "Electric windows",
    "Emergency brake assist",
    "Emergency call system",
    "ESP",
    "Fatigue warning system",
    "Fog lamp",
    "Folding exterior mirrors",
    "Full Service History",
    "Glare-free high beam headlights",
    "Hands-free kit",
    "Heated seats",
    "High beam assist",
    "Hill-start assist",
    "Immobilizer",
    "Induction charging for smartphones",
    "Integrated music streaming",
    "Isofix",
    "Keyless central locking",
    "Leather steering wheel",
    "Light sensor",
    "Lumbar support",
    "Multifunction steering wheel",
    "Navigation system",
    "Non-smoker vehicle",
    "On-board computer",
    "Paddle shifters",
    "Power Steering",
    "Rain sensor",
    "Rear wheel drive",
    "Sound system",
    "Speed limit control system",
    "Sport seats",
    "Sports package",
    "Sports suspension",
    "Start-stop system",
    "Summer tyres",
    "Tinted windows",
    "Touchscreen",
    "Traction control",
    "Traffic sign recognition",
    "Tyre pressure monitoring",
    "USB port",
    "Voice control",
    "Warranty",
    "WLAN / Wi-Fi hotspot"
  ]
},
{
  "title": "BMW M3 Touring xDrive Competition 1.Hd kein Mieter",
  "previewImage": "https://img.classistatic.de/api/v1/mo-prod/images/78/782fa2b9-0345-4c81-8185-f27985b33ece?rule=mo-1600.jpg",
  "category": "EstateCar",
  "brand": "BMW",
  "model": "M3",
  "url": "https://suchen.mobile.de/fahrzeuge/details.html?id=431648443",
  "price.total.amount": 78490,
  "priceRating": {
    "rating": "Good price",
    "priceRanges": {
      "Very good price": {
        "start": 58001,
        "end": 75400
      },
      "Good price": {
        "start": 75401,
        "end": 81200
      },
      "Fair price": {
        "start": 81201,
        "end": 90400
      },
      "Increased price": {
        "start": 90401,
        "end": 97000
      },
      "High price": {
        "start": 97001,
        "end": 107800
      }
    }
  },
  "description": "Sie haben Ihr Wunschauto gefunden ?\n\nSie erreichen uns unter 01712173105 Jochen Spekker oder auf Festnetz unter 04721 - 5908888\n\nUm lange Wartezeiten zu vermeiden und Probefahrten schnell zu ermöglichen, vereinbaren Sie mit uns einen Termin bevor Sie sich auf den Weg zu uns machen.\n\nUnsere Öffnungszeiten sind : Montag bis Freitag von 08.00 Uhr - 18.00 Uhr\n\nSamstag nach Terminabsprache unter :\n\n01712173105 Jochen Spekker\n\nSonderausstattung:\n\nBMW Drive Recorder (Dashcam)\nBMW Live Cockpit Professional\nBMW Curved Display, Control-Display mit Farbmonitor (14,9\nZoll)\nBremsanlage: Compound - M Bremssystem (Bremssättel\nSchwarz)\nExterieur-Paket M Carbon\nAbdeckkappen Außenspiegel M Carbon, Heckdiffusor Carbon\nFahrassistenz-System: Driving Assistant Professional\nFahrassistenz-System: Spurwechselassistent, FahrassistenzSystem: Falschfahrwarnung, GeschwindigkeitsBegrenzeranlage (Speed Limit Device), GeschwindigkeitsRegelanlage, Aktiv mit Stop&Go-Funktion, FahrassistenzSystem: Frontkollisionswarnung, Fahrassistenz-System:\nHeckaufprall-Vermeidung (Prävention Heckkollision),\nFahrassistenz-System: Kreuzungs-Assistent, FahrassistenzSystem: Querverkehrs-Assistent, Fahrassistenz-System:\nAusweich-Assistent, Fahrassistenz-System: Ampel-Erkennung, Fahrassistenz-System: Spurwechsel-Warnsystem,\nFahrassistenz-System: aktiver Spurhalteassistent\nInnovations-Paket\nScheinwerfer Laserlicht, Fahrassistenz-System:\nFernlichtassistent, Komfortzugang (Öffnungs- und\nSchließsystem), Fahrassistenz-System: Driving Assistant,\nFahrassistenz-System: Spurwechselassistent, FahrassistenzSystem: Frontkollisionswarnung, Fahrassistenz-System:\nHeckaufprall-Vermeidung (Prävention Heckkollision),\nFahrassistenz-System: Querverkehrs-Assistent, FahrassistenzSystem: Spurwechsel-Warnsystem\nLenkrad heizbar\nM Driver´s Package\nMetallic-Lackierung\nParkassistent-Paket Plus\nService-System: Remote 3D View, Rückfahrkamera (Top View),\nSurround-Kamerasystem (Surround View), FahrassistenzSystem: Rückfahr-Assistent\nPersonalisierungssystem (Personal eSIM)\nReifen-Reparaturset (Mobility-Pack)\nScheinwerfer BMW Individual Shadow-Line\nSitzbezug / Polsterung: Voll-Leder Merino\nSonnenschutzverglasung (hinten abgedunkelt)\nSound-System Harman-Kardon\nVerglasung Akustikglas\n\n\nWeitere Ausstattung:\nAblage-Paket, Adaptives Fahrwerk M-Technic, Airbag Beifahrerseite abschaltbar, Aktives M Differential, Ambiente-Beleuchtung, Ausstattungs-Paket: Connected Professional, Außenausstattung: Shadow-Line Hochglanz, Außenausstattung: Shadow-Line Hochglanz (erweiterter Umfang), Außenspiegel elektr. verstell- und heizbar, Bedienelemente galvanisiert, Bordcomputer, Competition, DAB-Tuner (Radioempfang digital), Dachhimmel Anthrazit (BMW Individual), Dachreling Hochglanz Shadow-Line, Diebstahlsicherung für Räder (Felgenschlösser), Durchladeeinrichtung (Mittelarmlehne hinten), Dynamische Stabilitäts-Control (DSC) mit erweiterter Umfang, Einstiegsleisten mit Einleger in Aluminium mit Schriftzug M, Erste Hilfe-Kasten / Verbandkasten, Fahrassistenz-System: Active Guard (Bremsassistent), Fahrassistenz-System: Aufmerksamkeits-Assistent, Freisprecheinrichtung Bluetooth mit USB-/Audio-Schnittstelle, Fußmatten Velours, Gepäckraumbeleuchtung, Getriebe Automatik - mit Steptronic und Drivelogic (8-Stufen), Getränkehalter, Heckklappenbetätigung automatisch, Heckleuchten LED, Induktionsladeschale für Smartphone (Wireless Charging), Innenausstattung: Interieurleisten, schwarz hochglänzend, Innenspiegel mit Abblendautomatik, Instrumentenkombination (erweiterter Umfang), Isofix-Aufnahmen für Kindersitz an Rücksitz, Karosserie: 5-türig, Kennzeichenbeleuchtung LED, Klimaautomatik 3-Zonen mit autom. Umluft-Control, Knieairbag Fahrerseite, Kopf-Airbag-System hinten, Kopf-Airbag-System vorn, Kopfstützen hinten klappbar, Lenksäule (Lenkrad) elektr. verstellbar, Leuchtweitenregelung, M Drive (Fahrprofilauswahl), M Drive Professional (Fahrprofilauswahl), Motor 3,0 Ltr. - 375 kW 24V TwinTurbo KAT (S58), Nebelschlussleuchte(n), Otto-Partikelfilter (OPF), Park-Distance-Control (PDC) vorn und hinten, Parkbremse elektrisch, Reifendruck-Kontrollsystem, Reifenpannen-Anzeige, Schadstoffarm nach Abgasnorm Euro 6d, Schaltpunktanzeige, Seitenairbag vorn, Service-System: ConnectedDrive Services, Service-System: Gesetzlicher Notruf, Service-System: Intelligenter Notruf inkl. TeleServices, Sitze vorn elektr. verstellbar (mit Memory), Spiegel-Paket, Sportdifferential, Sportsitze vorn (M-Technic), Start-Stop-Knopf, Start/Stop-Anlage (Funktion), Steckdose (12V-Anschluß) in Mittelkonsole vorn, Warndreieck, Widescreen Display, Wärme-/Sonnenschutzverglasung, Wärme-/Sonnenschutzverglasung kombiniert (hinten abgedunkelt)\n\nSie erreichen uns in der Regel zwischen 08.00 Uhr - 18.00 Uhr unter 01712173105 Jochen Spekker\n\nInzahlungnahme und Finanzierung auch ohne Anzahlung möglich.\n\nIrrtümer, Eingabefehler und Zwischenverkauf vorbehalten! Alle Angaben ohne Gewähr!",
  "dealerDetails": {
    "id": 25203012,
    "name": "AS Autoservice Handels GmbH",
    "sellerType": "Dealer",
    "phones": [
      "+49 (0)4721 310882848"
    ],
    "messengers": {
      "WHATS_APP": "+49 (0)171 2173105"
    },
    "languages": [
      "Deutsch",
      "English"
    ],
    "country": "DE",
    "address": "Am Querkamp 24-26, DE-27474 Cuxhaven",
    "location": {
      "latitude": 53.8580714,
      "longitude": 8.6762243
    },
    "activeSince": "2017-09-04T00:00:00.000Z",
    "homepageUrl": "https://home.mobile.de/home/redirect.html?customerId=25203012",
    "iconUrl": null,
    "reviewPageUrl": "https://www.mobile.de/bewertungen/ASAUTOSERVICEHANDELSGMBH?lang=en",
    "score": {
      "total": 4.9,
      "responseTime": 4.9,
      "friendliness": 5,
      "advice": 4.9
    },
    "activeRatingCount": 16,
    "vehicleAsDescribedPercentage": 100,
    "recommendPercentage": 100,
    "soldVehicleCount": null,
    "reviews": []
  },
  "attributes": {
    "Vehicle condition": "Used vehicle, Accident-free",
    "Category": "Estate car",
    "Model range": "Baureihe M3 Touring (G81)(2022->)",
    "Trim line": "xDrive Competition",
    "Origin": "German edition",
    "Mileage": "42,800 km",
    "Cubic Capacity": "2,993 ccm",
    "Power": "375 kW (510 hp)",
    "Drive type": "Internal combustion engine",
    "Fuel": "Petrol",
    "Number of Seats": "5",
    "Door Count": "4/5",
    "Transmission": "Automatic",
    "Emission Class": "Euro6d",
    "Emissions Sticker": "4 (Green)",
    "First Registration": "04/2023",
    "Number of Vehicle Owners": "1",
    "HU": "New",
    "Climatisation": "Automatic climatisation, 3 zones",
    "Parking sensors": "360° camera, Front, Rear",
    "Airbags": "Front and Side and More Airbags",
    "Colour (Manufacturer)": "BROOKLYN GRAU",
    "Colour": "Grey Metallic",
    "Interior Design": "Full leather, Black",
    "Weight": "1,940 kg",
    "Cylinders": "6",
    "Tank capacity": "59 l"
  },
  "features": [
    "ABS",
    "Adaptive Cruise Control",
    "Alarm system",
    "Alloy wheels",
    "Ambient lighting",
    "Apple CarPlay",
    "Autom. dimming interior mirror",
    "Blind spot assist",
    "Bluetooth",
    "Central locking",
    "DAB radio",
    "Digital cockpit",
    "Distance warning system",
    "Electric seat adjustment",
    "Electric side mirror",
    "Electric tailgate",
    "Electric windows",
    "Emergency brake assist",
    "Emergency call system",
    "Emergency tyre repair kit",
    "ESP",
    "Fatigue warning system",
    "Four-wheel drive",
    "Full Service History",
    "Hands-free kit",
    "Head-up display",
    "Heated rear seats",
    "Heated seats",
    "Heated steering wheel",
    "High beam assist",
    "Immobilizer",
    "Induction charging for smartphones",
    "Isofix",
    "Keyless central locking",
    "Lane change assist",
    "Laser headlights",
    "Leather steering wheel",
    "Light sensor",
    "Lumbar support",
    "Multifunction steering wheel",
    "Navigation system",
    "Non-smoker vehicle",
    "On-board computer",
    "Paddle shifters",
    "Power Steering",
    "Rain sensor",
    "Roof rack",
    "Sound system",
    "Sport seats",
    "Sports package",
    "Sports suspension",
    "Start-stop system",
    "Summer tyres",
    "Tinted windows",
    "Touchscreen",
    "Traction control",
    "Traffic sign recognition",
    "Tyre pressure monitoring",
    "USB port",
    "Warranty"
  ]
},
{
  "title": "BMW M3 Competition xDrive Touring HUD Laser DrivAss ",
  "previewImage": "https://img.classistatic.de/api/v1/mo-prod/images/53/53970851-5e16-4e24-b6a4-a9bb591fe4c1?rule=mo-1600.jpg",
  "category": "EstateCar",
  "brand": "BMW",
  "model": "M3",
  "url": "https://suchen.mobile.de/fahrzeuge/details.html?id=433353261",
  "price.total.amount": 77509,
  "priceRating": {
    "rating": "Good price",
    "priceRanges": {
      "Very good price": {
        "start": 56701,
        "end": 73700
      },
      "Good price": {
        "start": 73701,
        "end": 79400
      },
      "Fair price": {
        "start": 79401,
        "end": 88300
      },
      "Increased price": {
        "start": 88301,
        "end": 94800
      },
      "High price": {
        "start": 94801,
        "end": 105300
      }
    }
  },
  "description": "Antrieb, Fahrwerk\nAdaptives M Fahrwerk\nAllrad\nM Sportdifferenzial\n\nEditionen und Pakete\nAblagenpaket\nConnected Package Professional (laufzeitgebundener Dienst)\nConnectedDrive Services (laufzeitgebundener Dienst)\nGepäckraumpaket\nInnovationspaket\n\nExterieur\nDachreling\n\nFahrerassistenz\nBMW Drive Recorder\nDriving Assistant Professional\nGesetzlicher Notruf\nParking Assistant Plus\nTeleservices\n\nIndividualumfänge\nBMW Individual Interieurleisten Pianolack schwarz\nM Dachreling Hochglanz Shadow Line\nM Hochglanz Shadow Line\nM Hochglanz Shadow Line mit erweiterten Umfängen\n\nKomfort, Innenausstattung\nAktive Sitzbelüftung vorn\nAkustikverglasung\nFondkopfstützen klappbar\nGalvanikapplikation für Bedienelemente\nInnen- und Außenspiegelpaket\nKlimaautomatik\nKomfortzugang\nLenkradheizung\nLordosenstütze für Fahrer und Beifahrer\nM Sportsitze\nSitzheizung für Fahrer und Beifahrer\nSitzverstellung elektrisch\nSitzverstellung elektrisch mit Memory für Fahrersitz\n\nMultimedia\nBMW Live Cockpit Professional (laufzeitgebundener Dienst)\nDAB Tuner\nHarman Kardon Surround Sound System\n\nRäder\nRadschraubensicherung\n\nSitzbezug\nVollleder Merino Feinnarbe Schwarz/Schwarz\n\nSonstiges\n19\"/20\" M Schmiederäder Doppelspeiche 826 M Bicolor Schwarz / MB\nAblage für Wireless Charging\nABS\nActive Guard\nBlow by-Heizer\nBMW Apps\nBMW M 50 Jahre Embleme\nDekodierung Zusatzfunktionen\nEntfall spezifischer Designumfänge Exterieur\nIndividual\nKaeltemittel\nKlimaanlage oder -automatik\nLeder\nLordose\nM Compound-Bremse, schwarz hochglänzend\nM Drive Professional\nModellschriftzug - Entfall\nSitzheizung\nSportfahrwerk\nSteuerung D\nSteuerung EfficientDynamics\nSteuerung G\nSteuerung Karosserie\nUnfallfrei\n\nUmwelt, Sicherheit\nAbgasnorm EU6 RDE II\nAktiver Fussgängerschutz\nAlarmanlage mit Fernbedienung\nBeifahrerairbag-Deaktivierung\nBMW Laserlicht\nFernlichtassistent\nInnenspiegel automatisch abblendend\nReifendruck-Kontrolle\nIrrtümer und Zwischenverkauf vorbehalten.",
  "dealerDetails": {
    "id": 33522419,
    "name": "Autohaus Becker-Tiemann GmbH & Co.KG",
    "sellerType": "Dealer",
    "phones": [
      "+49 (0)5423 959004282"
    ],
    "languages": [
      "Deutsch",
      "English",
      "Polski",
      "Türkçe",
      "Nederlands"
    ],
    "country": "DE",
    "address": "Rothenfelder Str. 55, DE-33775 Versmold",
    "location": {
      "latitude": 52.05228659333072,
      "longitude": 8.153150672715867
    },
    "activeSince": "2023-10-17T00:00:00.000Z",
    "homepageUrl": "https://home.mobile.de/home/redirect.html?customerId=33522419",
    "iconUrl": null,
    "reviewPageUrl": "https://www.mobile.de/bewertungen/AUTOHAUSBECKERTIEMANNGMBHCOKG?lang=en",
    "score": {
      "total": 4.7,
      "responseTime": 4.8,
      "friendliness": 4.8,
      "advice": 4.6
    },
    "activeRatingCount": 20,
    "vehicleAsDescribedPercentage": 95,
    "recommendPercentage": 94,
    "soldVehicleCount": null,
    "reviews": []
  },
  "attributes": {
    "Vehicle condition": "Used vehicle, Accident-free",
    "Category": "Estate car",
    "Model range": "M3 touring",
    "Trim line": "xDrive Touring HUD Laser DrivAss Prof. ParkAss+ HK/HiF…",
    "Vehicle Number": "51600405",
    "Availability": "Now",
    "Origin": "German edition",
    "Mileage": "45,000 km",
    "Cubic Capacity": "2,993 ccm",
    "Power": "375 kW (510 hp)",
    "Drive type": "Internal combustion engine",
    "Fuel": "Petrol, E10-enabled",
    "Number of Seats": "5",
    "Door Count": "4/5",
    "Transmission": "Automatic",
    "Emission Class": "Euro6",
    "Emissions Sticker": "4 (Green)",
    "First Registration": "02/2023",
    "Construction Year": "2023",
    "Number of Vehicle Owners": "1",
    "HU": "New",
    "Climatisation": "Automatic climatisation, 3 zones",
    "Parking sensors": "Front, Rear, Self-steering systems, 360° camera",
    "Airbags": "Front and Side and More Airbags",
    "Colour (Manufacturer)": "Brewster Green",
    "Colour": "Green",
    "Interior Design": "Full leather, Black",
    "Cylinders": "6"
  },
  "features": [
    "ABS",
    "Adaptive cornering lights",
    "Adaptive Cruise Control",
    "Alarm system",
    "Alloy wheels",
    "Ambient lighting",
    "Android Auto",
    "Apple CarPlay",
    "Arm rest",
    "Autom. dimming interior mirror",
    "Blind spot assist",
    "Bluetooth",
    "Cargo barrier",
    "Central locking",
    "DAB radio",
    "Digital cockpit",
    "Distance warning system",
    "Dynamic chassis control",
    "Electric seat adjustment",
    "Electric side mirror",
    "Electric tailgate",
    "Electric windows",
    "Eletric seat adjustment with memory function",
    "Emergency brake assist",
    "Emergency call system",
    "ESP",
    "Fatigue warning system",
    "Folding exterior mirrors",
    "Four-wheel drive",
    "Full Service History",
    "Glare-free high beam headlights",
    "Hands-free kit",
    "Head-up display",
    "Heated seats",
    "Heated steering wheel",
    "High beam assist",
    "Hill-start assist",
    "Immobilizer",
    "Induction charging for smartphones",
    "Integrated music streaming",
    "Isofix",
    "Keyless central locking",
    "Lane change assist",
    "Laser headlights",
    "Leather steering wheel",
    "LED running lights",
    "Light sensor",
    "Lumbar support",
    "Multifunction steering wheel",
    "Navigation system",
    "Non-smoker vehicle",
    "On-board computer",
    "Paddle shifters",
    "Particulate filter",
    "Power Steering",
    "Rain sensor",
    "Roof rack",
    "Seat ventilation",
    "Sound system",
    "Speed limit control system",
    "Sport seats",
    "Sports package",
    "Sports suspension",
    "Start-stop system",
    "Summer tyres",
    "Touchscreen",
    "Traction control",
    "Traffic sign recognition",
    "Tuner/radio",
    "Tyre pressure monitoring",
    "USB port",
    "Voice control",
    "Warranty",
    "WLAN / Wi-Fi hotspot"
  ]
},
{
  "title": "BMW M3 Competition 510PS  Modelljahr 2025",
  "previewImage": "https://img.classistatic.de/api/v1/mo-prod/images/d1/d151abe1-fb54-44f8-aed6-b9126e882bb3?rule=mo-1600.jpg",
  "category": "Limousine",
  "brand": "BMW",
  "model": "M3",
  "url": "https://suchen.mobile.de/fahrzeuge/details.html?id=391116309",
  "price.total.amount": 76990,
  "priceRating": {
    "rating": "Very good price",
    "priceRanges": {
      "Very good price": {
        "start": 66601,
        "end": 86600
      },
      "Good price": {
        "start": 86601,
        "end": 93300
      },
      "Fair price": {
        "start": 93301,
        "end": 103800
      },
      "Increased price": {
        "start": 103801,
        "end": 111400
      },
      "High price": {
        "start": 111401,
        "end": 123800
      }
    }
  },
  "description": "So gelangen Sie direkt zum Angebot: kopieren Sie einfach den folgenden Link in die Adresszeile: https://apmk.eu/mc/6528/1\nund stellen Sie sich mittels unseres bedienerfreundlichen Konfigurators Ihr Wunschfahrzeug zusammen.\n\nFür dieses Fahrzeug sind alle Motorisierungen und Ausstattungsvarianten verfügbar, welche der Hersteller anbietet. Des Weiteren kann es ganz nach Ihren Wünschen konfiguriert und bestellt werden.\n\nDie angegebenen Preise sind inkl. Überführung bis zu unserem Standort in 82407 Wielenbach. Eine Bezahlung erst bei Abholung bzw. Anlieferung (zum Selbstkostenpreis für maximal 650,- € innerhalb Deutschlands) ist möglich.\n\nBei dem hier angebotenen Fahrzeug handelt es sich um einen Neuwagen, der nach Ihren Wünschen produziert wird. Wenn Sie andere Sonderausstattungen, eine andere Farbe, andere Polster oder auch andere Felgen wünschen, dann besuchen Sie einfach unsere Homepage www.auto-per-mausklick.de und stellen sich Ihr Traumauto nach Belieben zusammen.\nFalls Sie noch etwaige Fragen oder Anregungen haben, melden Sie sich einfach unter der Telefonnummer 08158 / 914 89 62 oder schreiben Sie uns eine E-Mail an info@auto-per-mausklick.de. Das Team von EU-Neuwagen Knott kümmert sich schnellstmöglich um Ihre Angelegenheiten.\n\nIhre Vorteile bei einem Kauf eines Neufahrzeugs über EU-Neuwagen Knott:\nVolle Herstellergarantie\nOption der Garantieverlängerung\nUnschlagbare Einkaufspreise durch Großhandelskonditionen für alle Marken\nBezahlung erst bei Übergabe Ihres Fahrzeuges\nLieferung bis vor die Haustüre zum Selbstkostenpreis möglich innerhalb von Deutschland für maximal 650,- € auf Anfrage auch in weitere EU-Länder möglich\nMöglichkeit der Inzahlungnahme Ihres alten Autos durch unseren externen Partner\nVertrag nach deutschem Recht, keine Vermittlung\nFinanzierungs- und Leasingmöglichkeit über unsere Hausbank oder einen externen Partner (bzw. einer Leasinggesellschaft oder Finanzierungsbank Ihrer Wahl)\nVerfügbarkeit von über 15 Fahrzeugmarken\nLagerfahrzeuge auf Nachfrage, verfügbar über verschiedene Partnerhändler\nLangjährige Erfahrung (seit 2001) im EU-Neuwagenhandel und ausgezeichnet mit dem Fairnespreis 2024 \n\n\nHinweis:\nBilder dienen nur zur Illustration und können unter Umständen Sonderausstattungen aufweisen\nBei EU-Fahrzeugen kann die Serienausstattung vom deutschen Modell abweichen, die zugehörige Serienausstattung finden Sie nachfolgend oder auf unserer Homepage www.auto-per-mausklick.de\n\nHinweise zur aktuellen Corona-Krise:\nWir sind weiterhin per Mail und Telefon für Sie erreichbar!\nFahrzeugrabatte derzeit so hoch wie nie!!",
  "dealerDetails": {
    "id": 11813924,
    "name": "EU Neuwagen Knott GmbH",
    "sellerType": "Dealer",
    "phones": [
      "+49 (0)8158 925991280"
    ],
    "languages": [
      "Deutsch",
      "English",
      "Italiano",
      "Français",
      "Polski",
      "Română",
      "Magyar",
      "Español"
    ],
    "country": "DE",
    "address": "Ammerring 16, DE-82407 Wielenbach",
    "location": {
      "latitude": 47.8809958,
      "longitude": 11.1607451
    },
    "activeSince": "2014-06-25T00:00:00.000Z",
    "homepageUrl": "https://home.mobile.de/home/redirect.html?customerId=11813924",
    "iconUrl": "https://img.classistatic.de/api/v1/mo-prod/images/4e/4ef909b9-f45e-43e7-b119-214e4abf1862?rule=mo-640.jpg",
    "reviewPageUrl": "https://www.mobile.de/bewertungen/EUNEUWAGENKNOTT?lang=en",
    "score": {
      "total": 4.9,
      "responseTime": 4.9,
      "friendliness": 4.9,
      "advice": 4.9
    },
    "activeRatingCount": 138,
    "vehicleAsDescribedPercentage": 99,
    "recommendPercentage": 98,
    "soldVehicleCount": null,
    "reviews": []
  },
  "attributes": {
    "Vehicle condition": "New vehicle, Accident-free",
    "Category": "Saloon",
    "Trim line": "M3 Competition",
    "Availability": "Available in 6 months after order",
    "Origin": "EU edition",
    "Cubic Capacity": "2,993 ccm",
    "Power": "375 kW (510 hp)",
    "Drive type": "Internal combustion engine",
    "Fuel": "Petrol, E10-enabled",
    "CO₂ class": "Based on CO₂ emissions (combined)",
    "Fuel consumption": [
      "9.8 l/100km (combined)",
      "15.2 l/100km (city)",
      "9.9 l/100km (suburban)",
      "8.4 l/100km (country road)",
      "9.0 l/100km (motorway)"
    ],
    "Door Count": "4/5",
    "Transmission": "Automatic",
    "Climatisation": "Automatic climatisation, 3 zones",
    "Parking sensors": "Rear, Front",
    "Airbags": "Front and Side Airbags",
    "Colour (Manufacturer)": "wählbar",
    "Energy consumption (comb.)": "9.8 l/100km",
    "CO₂ emissions (comb.)": "224 g/km"
  },
  "features": [
    "ABS",
    "Alarm system",
    "Alloy wheels",
    "Ambient lighting",
    "Android Auto",
    "Apple CarPlay",
    "Arm rest",
    "Autom. dimming interior mirror",
    "Bluetooth",
    "Central locking",
    "Cruise control",
    "DAB radio",
    "Digital cockpit",
    "Distance warning system",
    "Electric seat adjustment",
    "Electric side mirror",
    "Electric tailgate",
    "Electric windows",
    "Emergency brake assist",
    "Emergency call system",
    "Emergency tyre repair kit",
    "ESP",
    "Fatigue warning system",
    "Glare-free high beam headlights",
    "Hands-free kit",
    "Headlight washer system",
    "Heated rear seats",
    "Heated seats",
    "High beam assist",
    "Hill-start assist",
    "Immobilizer",
    "Induction charging for smartphones",
    "Integrated music streaming",
    "Isofix",
    "Keyless central locking",
    "Lane change assist",
    "Leather steering wheel",
    "LED headlights",
    "LED running lights",
    "Light sensor",
    "Lumbar support",
    "Multifunction steering wheel",
    "Navigation system",
    "Non-smoker vehicle",
    "On-board computer",
    "Paddle shifters",
    "Passenger seat Isofix point",
    "Power Steering",
    "Rain sensor",
    "Sound system",
    "Speed limit control system",
    "Sport seats",
    "Sports package",
    "Sports suspension",
    "Start-stop system",
    "Summer tyres",
    "Touchscreen",
    "Traction control",
    "Traffic sign recognition",
    "Tuner/radio",
    "Tyre pressure monitoring",
    "USB port",
    "Voice control",
    "Warranty"
  ]
},
{
  "title": "BMW M3 Competition Laserlicht Assists HK-Sound Alarm",
  "previewImage": "https://img.classistatic.de/api/v1/mo-prod/images/1c/1ce071ba-7e16-4c88-ab3c-18c40648f6e6?rule=mo-1600.jpg",
  "category": "EstateCar",
  "brand": "BMW",
  "model": "M3",
  "url": "https://suchen.mobile.de/fahrzeuge/details.html?id=430852998",
  "price.total.amount": 78870,
  "priceRating": {
    "rating": "Good price",
    "priceRanges": {
      "Very good price": {
        "start": 57101,
        "end": 74300
      },
      "Good price": {
        "start": 74301,
        "end": 80000
      },
      "Fair price": {
        "start": 80001,
        "end": 88900
      },
      "Increased price": {
        "start": 88901,
        "end": 95500
      },
      "High price": {
        "start": 95501,
        "end": 106100
      }
    }
  },
  "description": "Sitzbezug\nLeder Merino Schwarz/Schwarz\n\nSonstiges\nAblage für Wireless Charging\nAktive Sitzbelüftung vorn\nAlarmanlage\nBMW Laserlicht\nBMW Live Cockpit Professional\nBMW M 50 Jahre Embleme\nConnectedDrive Services\nDAB-Tuner\nDeaktivierung Beifahrerairbag\nDriving Assistant\nFernlichtassistent\nFondkopfstützen klappbar\nGalvanikapplikation für Bedienelemente\nGesetzlicher Notruf\nHarman Kardon Surround Sound System\nInnen- und Außenspiegelpaket\nInnovationspaket\nKomfortzugang\nLenkradheizung\nM Drive Professional\nM Leuchten Shadow Line\nModellschriftzug Entfall\nParking Assistant Plus\nRadschraubensicherung\nReifendruck-Kontrolle\nSonnenschutzverglasung\nTeleservices\n\nFahrzeugangebote in Angebotsbörsen werden zusätzlich zu unseren Eingaben automatisch mit Ausstattung und Serienausstattung angereichert. Bitte beachten Sie, dass es manchmal zu Übertragungsfehlern, Irrtümern oder Tippfehlern kommen kann. Dieses Angebot ist freibleibend und unverbindlich. Änderungen und Zwischenverkauf vorbehalten. Es besteht kein rechtlicher Anspruch auf die hier angegebenen Ausstattungen, Beschreibungen und Preise. Unser Team steht sehr gerne für alle Fragen und Auskünfte Rede und Antwort.",
  "dealerDetails": {
    "id": 462771,
    "name": "Autohaus Tschirley GmbH Vertragspartner der BMW AG / Service",
    "sellerType": "Dealer",
    "phones": [
      "+49 (0)7133 180992044"
    ],
    "languages": [
      "Deutsch",
      "English"
    ],
    "country": "DE",
    "address": "Bahnhofstrasse 135, DE-74348 Lauffen",
    "location": {
      "latitude": 49.07153839999999,
      "longitude": 9.136832900000002
    },
    "activeSince": "2002-03-21T00:00:00.000Z",
    "homepageUrl": "https://home.mobile.de/home/redirect.html?customerId=462771",
    "iconUrl": null,
    "reviewPageUrl": "https://www.mobile.de/bewertungen/TSCHIRLEY?lang=en",
    "score": {
      "total": 4.4,
      "responseTime": 4.4,
      "friendliness": 4.5,
      "advice": 4.3
    },
    "activeRatingCount": 8,
    "vehicleAsDescribedPercentage": 100,
    "recommendPercentage": 100,
    "soldVehicleCount": null,
    "reviews": []
  },
  "attributes": {
    "Vehicle condition": "Used vehicle, Accident-free",
    "Category": "Estate car",
    "Model range": "G81",
    "Trim line": "Laserlicht Assists HK-Sound Alarmanlage",
    "Availability": "Now",
    "Mileage": "27,450 km",
    "Cubic Capacity": "2,993 ccm",
    "Power": "375 kW (510 hp)",
    "Drive type": "Internal combustion engine",
    "Fuel": "Petrol, E10-enabled",
    "Number of Seats": "5",
    "Door Count": "4/5",
    "Transmission": "Automatic",
    "Emission Class": "Euro6d",
    "First Registration": "12/2022",
    "Construction Year": "2022",
    "Number of Vehicle Owners": "1",
    "HU": "12/2025",
    "Climatisation": "Automatic climatisation, 3 zones",
    "Parking sensors": "Front, 360° camera, Rear, Self-steering systems",
    "Airbags": "Front and Side and More Airbags",
    "Colour (Manufacturer)": "M Isle of Man Grün metallic",
    "Colour": "Green Metallic",
    "Interior Design": "Full leather, Black",
    "Weight": "1,940 kg",
    "Tank capacity": "59 l"
  },
  "features": [
    "ABS",
    "Adaptive cornering lights",
    "Alarm system",
    "Alloy wheels",
    "Ambient lighting",
    "Android Auto",
    "Apple CarPlay",
    "Arm rest",
    "Autom. dimming interior mirror",
    "Blind spot assist",
    "Bluetooth",
    "Central locking",
    "Cruise control",
    "DAB radio",
    "Digital cockpit",
    "Distance warning system",
    "Dynamic chassis control",
    "Electric seat adjustment",
    "Electric side mirror",
    "Electric tailgate",
    "Electric windows",
    "Eletric seat adjustment with memory function",
    "Emergency brake assist",
    "Emergency call system",
    "ESP",
    "Fatigue warning system",
    "Four-wheel drive",
    "Full Service History",
    "Glare-free high beam headlights",
    "Hands-free kit",
    "Head-up display",
    "Heated seats",
    "Heated steering wheel",
    "High beam assist",
    "Hill-start assist",
    "Immobilizer",
    "Induction charging for smartphones",
    "Isofix",
    "Keyless central locking",
    "Lane change assist",
    "Laser headlights",
    "Leather steering wheel",
    "LED running lights",
    "Light sensor",
    "Lumbar support",
    "Multifunction steering wheel",
    "Navigation system",
    "Non-smoker vehicle",
    "On-board computer",
    "Paddle shifters",
    "Particulate filter",
    "Power Steering",
    "Rain sensor",
    "Roof rack",
    "Seat ventilation",
    "Sound system",
    "Sport seats",
    "Sports package",
    "Start-stop system",
    "Summer tyres",
    "Tinted windows",
    "Touchscreen",
    "Traction control",
    "Traffic sign recognition",
    "Tuner/radio",
    "Tyre pressure monitoring",
    "USB port",
    "Voice control",
    "Warranty"
  ]
},
{
  "title": "BMW M3 Competition M xDrive Tour |Carbon-Sitze |Carb",
  "previewImage": "https://img.classistatic.de/api/v1/mo-prod/images/d4/d48e73ca-08f2-4f2c-a4dc-bb912e9ebf13?rule=mo-1600.jpg",
  "category": "EstateCar",
  "brand": "BMW",
  "model": "M3",
  "url": "https://suchen.mobile.de/fahrzeuge/details.html?id=429683941",
  "price.total.amount": 76778,
  "priceRating": {
    "rating": "Fair price",
    "priceRanges": {
      "Very good price": {
        "start": 53701,
        "end": 69800
      },
      "Good price": {
        "start": 69801,
        "end": 75200
      },
      "Fair price": {
        "start": 75201,
        "end": 83600
      },
      "Increased price": {
        "start": 83601,
        "end": 89700
      },
      "High price": {
        "start": 89701,
        "end": 99700
      }
    }
  },
  "description": "Antrieb, Fahrwerk\nAdaptives M Fahrwerk\nAllrad\nBremsanlage: M Carbon-Keramik\nM Sportdifferenzial\n\nAußenausstattung\nDachreling Hochglanz Shadow-Line\nHeckklappenbetätigung automatisch\nWärme-/Sonnenschutzverglasung\n\nEditionen und Pakete\nAblagenpaket\nConnected Package Professional (laufzeitgebundener Dienst)\nConnectedDrive Services (laufzeitgebundener Dienst)\nExterieur-Paket M Carbon\nGepäckraum-Paket\nInnovations-Paket\nM Driver´s Package\n\nExterieur\nDach und Spiegelkappen schwarz\n\nFahrerassistenz\nFahrassistenz-System: Driving Assistant Professional\nGesetzlicher Notruf\nParkassistent-Paket Plus\nTeleservices\n\nIndividualumfänge\nM Dachreling Hochglanz Shadow Line\nM Hochglanz Shadow Line\nM Hochglanz Shadow Line mit erweiterten Umfängen\n\nKomfort, Innenausstattung\nAmbiente-Beleuchtung\nAußenspiegel elektr. anklappbar\nAußenspiegel elektr. verstell- und heizbar\nBordcomputer\nDAB-Tuner (Radioempfang digital)\nDurchladeeinrichtung (Mittelarmlehne hinten)\nDurchladesystem\nEinparkhilfe Sensoren hinten\nEinparkhilfe Sensoren vorne\nFensterheber elektrisch\nFensterheber, elektrisch\nFondkopfstützen klappbar\nFreisprecheinrichtung Bluetooth mit USB-/Audio-Schnittstelle\nGalvanikapplikation für Bedienelemente\nGeschwindigkeits-Begrenzeranlage (Speed Limit Device)\nInduktionsladeschale für Smartphone (Wireless Charging)\nInnen- und Außenspiegelpaket\nInnenausstattung: Interieurleisten Carbon\nInnenspiegel mit Abblendautomatik\nIsofix-Aufnahmen für Kindersitz an Rücksitz\nKlimaautomatik\nKlimaautomatik 3-Zonen mit autom. Umluft-Control\nKomfortzugang (Öffnungs- und Schließsystem)\nLenkrad heizbar\nM Schalensitze Carbon\nSicherheitsgurte M\nSitzheizung für Fahrer und Beifahrer\nSitzverstellung elektrisch mit Memory für Fahrersitz\nSkisack\nSonnenschutzrollo an Türscheiben hinten\nSonnenschutzverglasung (hinten abgedunkelt)\nVerglasung Akustikglas\n\nMultimedia\nBMW Live Cockpit Professional\nBordcomputer\nDAB Tuner\nFreisprecheinrichtung\nSound-System Harman-Kardon\nTelefon\n\nRäder\nAlufelgen\nRadschraubensicherung\n\nSitzbezug\nLeder Merino Schwarz/Schwarz\n\nSonstiges\n19\"/20\" M Schmieder. Doppelsp. 826 M Schwarz /MB, Track Reifen\nAbdeckkappen Außenspiegel M Carbon\nAblage für Wireless Charging\nABS\nActive Guard\nAkustikverglasung\nBlow by-Heizer\nBMW Curved Display\nBMW Laserlicht\nBMW Live Cockpit Professional (laufzeitgebundener Dienst)\nControl-Display mit Farbmonitor (14,9 Zoll)\nDekodierung Zusatzfunktionen\nDeutsch / Bordliteratur\nDeutschland-Ausfuehrung\nDriving Assistant Professional\nElektrisch verstellbare Spiegel\nEU-spezifische Zusatzumfaenge\nFahrassistenz-System: aktiver Spurhalteassistent\nFahrassistenz-System: Ampel-Erkennung\nFahrassistenz-System: Ausweich-Assistent\nFahrassistenz-System: Driving Assistant\nFahrassistenz-System: Falschfahrwarnung\nFahrassistenz-System: Frontkollisionswarnung\nFahrassistenz-System: Heckaufprall-Vermeidung (Prävention Heckkollision)\nFahrassistenz-System: Kreuzungs-Assistent\nFahrassistenz-System: Querverkehrs-Assistent\nFahrassistenz-System: Rückfahr-Assistent\nFahrassistenz-System: Spurwechselassistent\nFahrassistenz-System: Spurwechsel-Warnsystem\nFahrerairbag\nFernlichtassistent\nGepäckraumpaket\nGeschwindigkeits-Regelanlage, Aktiv mit Stop&Go-Funktion\nHarman Kardon Surround Sound System\nHead-up-Display\nHeckdiffusor Carbon\nInnovationspaket\nKaeltemittel\nKilometertacho\nKomfortzugang\nLeder\nLenkradheizung\nLM-Felgen\nM Carbon Exterieurpaket\nM Carbon Schalensitze\nM Carbon-Keramik-Bremse\nM Drive Professional\nM Driver's Package\nM Interieurleisten 'Carbon Fibre'\nM Leuchten Shadow Line\nM Race Track Paket\nM Sicherheitsgurte\nMetallic-Lackierung\nMultifunktionslenkrad\nÖlwartungsintervall 24 Monate/30.000 km\nParking Assistant Plus\nReifensystem Performance\nRückfahrkamera (Top View)\nScheinwerfer BMW Individual Shadow-Line\nSeitenairbag\nSitzheizung\nSonnenschutzrollo für hintere Türseitenscheiben\nSonnenschutzverglasung\nSportfahrwerk\nSteuerung D\nSteuerung EfficientDynamics\nSteuerung G\nSteuerung Infotainment\nSteuerung K\nSteuerung Karosserie\nSurround-Kamerasystem (Surround View)\nWegfahrsperre\nZentralverriegelung\n\nUmwelt, Sicherheit\nAbgasnorm EU6 RDE II\nAktiver Fussgängerschutz\nAlarmanlage mit Fernbedienung\nBeifahrerairbag\nBeifahrerairbag-Deaktivierung\nESP\nFahrassistenz-System: Fernlichtassistent\nInnenspiegel automatisch abblendend\nKindersitzbefestigung ISOFIX\nPASM\nRegensensor\nReifendruck-Kontrolle\nScheinwerfer Laserlicht\nTraction Control\nWarndreieck\nIrrtümer und Zwischenverkauf vorbehalten.",
  "dealerDetails": {
    "id": 460274,
    "name": "Autohaus Becker-Tiemann GmbH & Co. KG - BMW Vertragshändler / MINI Service",
    "sellerType": "Dealer",
    "phones": [
      "+49 (0)5261 280463262"
    ],
    "languages": [
      "Deutsch",
      "English",
      "Polski",
      "Türkçe"
    ],
    "country": "DE",
    "address": "Entruper Weg 23, DE-32657 Lemgo",
    "location": {
      "latitude": 52.032215,
      "longitude": 8.8928082
    },
    "activeSince": "2000-06-23T00:00:00.000Z",
    "homepageUrl": "https://home.mobile.de/home/redirect.html?customerId=460274",
    "iconUrl": null,
    "reviewPageUrl": "https://www.mobile.de/bewertungen/AUTOHAUSBECKERTIEMANN?lang=en",
    "score": {
      "total": 4.5,
      "responseTime": 4.4,
      "friendliness": 4.6,
      "advice": 4.5
    },
    "activeRatingCount": 16,
    "vehicleAsDescribedPercentage": 100,
    "recommendPercentage": 92,
    "soldVehicleCount": null,
    "reviews": []
  },
  "attributes": {
    "Vehicle condition": "Used vehicle, Accident-free",
    "Category": "Estate car",
    "Model range": "G81",
    "Trim line": "M xDrive Tour |Carbon-Sitze |Carbon/Ceramic Bremse |La…",
    "Vehicle Number": "BTL50200396",
    "Availability": "Now",
    "Origin": "German edition",
    "Mileage": "79,000 km",
    "Cubic Capacity": "2,993 ccm",
    "Power": "375 kW (510 hp)",
    "Drive type": "Internal combustion engine",
    "Fuel": "Petrol, E10-enabled",
    "Number of Seats": "5",
    "Door Count": "4/5",
    "Transmission": "Automatic",
    "Emission Class": "Euro6d",
    "Emissions Sticker": "4 (Green)",
    "First Registration": "12/2023",
    "Construction Year": "2023",
    "Number of Vehicle Owners": "1",
    "HU": "12/2026",
    "Climatisation": "Automatic climatisation, 2 zones",
    "Parking sensors": "Self-steering systems, Front, 360° camera, Rear",
    "Airbags": "Front and Side and More Airbags",
    "Colour (Manufacturer)": "BMW Individual Frozen Pure Grey",
    "Colour": "Grey Metallic",
    "Interior Design": "Full leather, Black",
    "Weight": "1,940 kg",
    "Cylinders": "6",
    "Tank capacity": "59 l"
  },
  "features": [
    "ABS",
    "Adaptive cornering lights",
    "Adaptive Cruise Control",
    "Alarm system",
    "Alloy wheels",
    "Ambient lighting",
    "Android Auto",
    "Apple CarPlay",
    "Arm rest",
    "Autom. dimming interior mirror",
    "Blind spot assist",
    "Bluetooth",
    "Central locking",
    "DAB radio",
    "Digital cockpit",
    "Distance warning system",
    "Dynamic chassis control",
    "Electric seat adjustment",
    "Electric side mirror",
    "Electric tailgate",
    "Electric windows",
    "Eletric seat adjustment with memory function",
    "Emergency brake assist",
    "Emergency call system",
    "ESP",
    "Fatigue warning system",
    "Four-wheel drive",
    "Full Service History",
    "Glare-free high beam headlights",
    "Hands-free kit",
    "Head-up display",
    "Heated seats",
    "Heated steering wheel",
    "High beam assist",
    "Hill-start assist",
    "Immobilizer",
    "Induction charging for smartphones",
    "Integrated music streaming",
    "Isofix",
    "Keyless central locking",
    "Lane change assist",
    "Laser headlights",
    "Leather steering wheel",
    "LED running lights",
    "Light sensor",
    "Lumbar support",
    "Multifunction steering wheel",
    "Navigation system",
    "Non-smoker vehicle",
    "On-board computer",
    "Paddle shifters",
    "Particulate filter",
    "Power Steering",
    "Rain sensor",
    "Roof rack",
    "Ski bag",
    "Sound system",
    "Speed limit control system",
    "Sport seats",
    "Sports package",
    "Sports suspension",
    "Start-stop system",
    "Summer tyres",
    "Tinted windows",
    "Touchscreen",
    "Traction control",
    "Traffic sign recognition",
    "Tuner/radio",
    "Tyre pressure monitoring",
    "USB port",
    "Voice control",
    "Warranty"
  ]
},
{
  "title": "BMW M3 Competition M xDrive Limousine Harman/K",
  "previewImage": "https://img.classistatic.de/api/v1/mo-prod/images/2f/2ffc438a-6e2e-42e2-bca8-2de78e487069?rule=mo-1600.jpg",
  "category": "Limousine",
  "brand": "BMW",
  "model": "M3",
  "url": "https://suchen.mobile.de/fahrzeuge/details.html?id=431951012",
  "price.total.amount": 79808,
  "priceRating": {
    "rating": "Fair price",
    "priceRanges": {
      "Very good price": {
        "start": 51701,
        "end": 67200
      },
      "Good price": {
        "start": 67201,
        "end": 72300
      },
      "Fair price": {
        "start": 72301,
        "end": 80400
      },
      "Increased price": {
        "start": 80401,
        "end": 86300
      },
      "High price": {
        "start": 86301,
        "end": 95900
      }
    }
  },
  "description": "Antrieb, Fahrwerk\nAdaptives M Fahrwerk\nAllrad\nM Sportdifferenzial\n\nEditionen und Pakete\nAblagenpaket\nConnected Package Professional (laufzeitgebundener Dienst)\nConnectedDrive Services (laufzeitgebundener Dienst)\nInnovationspaket\nM Carbon Exterieurpaket\nM Driver's Package\n\nFahrerassistenz\nBMW Drive Recorder\nBMW Head-Up Display\nDriving Assistant Professional\nGesetzlicher Notruf\nParking Assistant Plus\n\nIndividualumfänge\nM Hochglanz Shadow Line\nM Hochglanz Shadow Line mit erweiterten Umfängen\n\nKomfort, Innenausstattung\nAktive Sitzbelüftung vorn\nFondkopfstützen klappbar\nGalvanikapplikation für Bedienelemente\nInnen- und Außenspiegelpaket\nKlimaautomatik\nKomfortzugang\nLordosenstütze für Fahrer und Beifahrer\nM Interieurleisten 'Carbon Fibre'\nM Sicherheitsgurte\nM Sportsitze\nSitzheizung vorne und hinten\nSitzverstellung elektrisch\nSitzverstellung elektrisch mit Memory für Fahrersitz\nSonnenschutzverglasung\n\nMultimedia\nBMW Live Cockpit Professional (laufzeitgebundener Dienst)\nDAB Tuner\nHarman Kardon Surround Sound System\nTelefonie mit Wireless Charging\nWLAN Hotspot\n\nSitzbezug\nLeder Merino Schwarz/Schwarz\n\nSonstiges\n19\"/20\" M Schmiederäder Doppelspeiche 825 M Orbitgrau matt / MB\nABS\nActive Guard\nBMW Apps\nDekodierung Zusatzfunktionen\nEntfall Touch Funktionalität auf BMW Controller\nIndividual\nKlimaanlage oder -automatik\nLeder\nLordose\nM Compound-Bremse, schwarz hochglänzend\nM Drive Professional\nM Leuchten Shadow Line\nSpez. Bluetooth- & WiFi Funktionen, temporärer Entfall & Vorb. Remote Softw. Up.\nSportfahrwerk\nUnfallfrei\n\nUmwelt, Sicherheit\nActive Protection\nAktiver Fussgängerschutz\nAlarmanlage mit Fernbedienung\nBeifahrerairbag-Deaktivierung\nBMW Laserlicht\nFernlichtassistent\nInnenspiegel automatisch abblendend\nIrrtümer und Zwischenverkauf vorbehalten.",
  "dealerDetails": {
    "id": 463215,
    "name": "BMW AG Niederlassung Hamburg",
    "sellerType": "Dealer",
    "phones": [
      "+49 (0)40 5247109441"
    ],
    "languages": [
      "Deutsch",
      "English",
      "Polski",
      "Türkçe"
    ],
    "country": "DE",
    "address": "Rahlstedter Straße 10, DE-22885 Barsbüttel bei Hamburg",
    "location": {
      "latitude": 53.5769306,
      "longitude": 10.1934161
    },
    "activeSince": "2000-12-20T00:00:00.000Z",
    "homepageUrl": "https://home.mobile.de/home/redirect.html?customerId=463215",
    "iconUrl": "https://img.classistatic.de/api/v1/mo-prod/images/4c/4c68a699-b421-4544-af5f-e0fcdab888f5?rule=mo-640.jpg",
    "reviewPageUrl": "https://www.mobile.de/bewertungen/BMW-NL?lang=en",
    "score": {
      "total": 4.3,
      "responseTime": 4.2,
      "friendliness": 4.5,
      "advice": 4.2
    },
    "activeRatingCount": 100,
    "vehicleAsDescribedPercentage": 91,
    "recommendPercentage": 80,
    "soldVehicleCount": null,
    "reviews": []
  },
  "attributes": {
    "Vehicle condition": "Used vehicle",
    "Category": "Saloon",
    "Model range": "M3",
    "Trim line": "M xDrive Limousine Harman/K",
    "Vehicle Number": "AG188018",
    "Availability": "Now",
    "Mileage": "51,260 km",
    "Cubic Capacity": "2,993 ccm",
    "Power": "375 kW (510 hp)",
    "Drive type": "Internal combustion engine",
    "Fuel": "Petrol, E10-enabled",
    "Number of Seats": "5",
    "Door Count": "4/5",
    "Transmission": "Automatic",
    "Emission Class": "Euro6",
    "Emissions Sticker": "4 (Green)",
    "First Registration": "06/2022",
    "Construction Year": "2022",
    "Number of Vehicle Owners": "1",
    "HU": "04/2027",
    "Climatisation": "Automatic air conditioning",
    "Parking sensors": "Rear, Front, Self-steering systems",
    "Airbags": "Front Airbags",
    "Colour (Manufacturer)": "Snapper Rocks Blue",
    "Colour": "Blue",
    "Interior Design": "Full leather, Black"
  },
  "features": [
    "ABS",
    "Adaptive cornering lights",
    "Alarm system",
    "Alloy wheels",
    "Autom. dimming interior mirror",
    "Bluetooth",
    "Central locking",
    "DAB radio",
    "Digital cockpit",
    "Electric seat adjustment",
    "Electric windows",
    "Eletric seat adjustment with memory function",
    "Emergency call system",
    "ESP",
    "Four-wheel drive",
    "Full Service History",
    "Glare-free high beam headlights",
    "Hands-free kit",
    "Head-up display",
    "Heated rear seats",
    "Heated seats",
    "High beam assist",
    "Hill-start assist",
    "Immobilizer",
    "Induction charging for smartphones",
    "Isofix",
    "Keyless central locking",
    "Laser headlights",
    "Light sensor",
    "Lumbar support",
    "Multifunction steering wheel",
    "Navigation system",
    "On-board computer",
    "Power Steering",
    "Rain sensor",
    "Seat ventilation",
    "Sound system",
    "Sport seats",
    "Sports package",
    "Sports suspension",
    "Start-stop system",
    "Tinted windows",
    "Touchscreen",
    "Traction control",
    "Tuner/radio",
    "Voice control",
    "Warranty",
    "WLAN / Wi-Fi hotspot"
  ]
},
{
  "title": "BMW M3 Competition Touring M xDrive",
  "previewImage": "https://img.classistatic.de/api/v1/mo-prod/images/a8/a856352e-314b-421e-9aa4-037495973ee6?rule=mo-1600.jpg",
  "category": "EstateCar",
  "brand": "BMW",
  "model": "M3",
  "url": "https://suchen.mobile.de/fahrzeuge/details.html?id=428960374",
  "price.total.amount": 79890,
  "priceRating": {
    "rating": "Good price",
    "priceRanges": {
      "Very good price": {
        "start": 58501,
        "end": 76000
      },
      "Good price": {
        "start": 76001,
        "end": 81800
      },
      "Fair price": {
        "start": 81801,
        "end": 91000
      },
      "Increased price": {
        "start": 91001,
        "end": 97700
      },
      "High price": {
        "start": 97701,
        "end": 108600
      }
    }
  },
  "description": "Standort: Ottostr. 22 - 76227 Karlsruhe \nBitte fragen Sie den aktuellen Standort des Fahrzeuges vor einer Besichtigung telefonisch an. \n\nAngebotsnummer: 103011555 / SF312490 \nGarantie: bis: \n\n\n\nDas Fahrzeug wurde für den deutschen Markt produziert - Kein Reimport!\nAlle Angaben ohne Gewähr, Irrtümer, Druckfehler und Zwischenverkauf vorbehalten. Wir bieten Ihnen laufend attraktive Finanzierungsmöglichkeiten und günstige Sonderkonditionen. Bei Interesse erstellen wir Ihnen sehr gern ein individuelles Angebot. \n\nHinweis zur Produktsicherheitsverordnung:\nEs sind keine sicherheitsrelevanten Mängel am Fahrzeug bekannt! Lackierung:\nSkyscraper Grau metallic\nInnenausstattung:\nGetriebe: 8-Gang M Steptronic Sport Getriebe mit Drivelogic\nLenkrad: Lenkradheizung\nAudio:\nNavigation Live Cockpit Professional\nRadiozubehör: DAB-Tuner\nRadiozubehör: HiFi Lautsprechersystem\nRäder:\nRäder: M Schmiederäder (4 Stück) Doppelspeiche 826 M Bicolor Schwarz mit Mischbereifung\nSicherheit:\nBMW Laserlicht\nDriving Assistant Professional\nParking Assistant\nSicht:\nVerglasung: Sonnenschutzverglasung\nVerriegelung:\nKomfortzugang mit Digital Key\nBelüftung:\nKlimaautomatik mit 3-Zonen-Regelung mit erweiterten Umfängen\nFahrwerk:\nFahrwerk: Adaptives Fahrwerk\nKomfort:\nFernlichtassistent\nPark Distance Control (PDC), vorn und hinten\nServotronic: M Servotronic\nVerglasung: Akustikverglasung\nSitze:\nSitze: Aktive Sitzbelüftung vorn\nKraftübertragung:\nAllradantrieb xDrive\nsonstiges:**\nAmbientes Licht\n\nIhr Fahrzeug: BMW M3 Basis Competition Touring M xDrive",
  "dealerDetails": {
    "id": 473706,
    "name": "Emil Frey Ungeheuer Automobile",
    "sellerType": "Dealer",
    "phones": [
      "+49 (0)721 6190773671"
    ],
    "languages": [
      "Deutsch",
      "English",
      "Italiano",
      "Français",
      "Türkçe"
    ],
    "country": "DE",
    "address": "Ottostrasse 22, DE-76227 Karlsruhe",
    "location": {
      "latitude": 48.9972941,
      "longitude": 8.437328299999999
    },
    "activeSince": "2003-01-21T00:00:00.000Z",
    "homepageUrl": "https://home.mobile.de/home/redirect.html?customerId=473706",
    "iconUrl": "https://img.classistatic.de/api/v1/mo-prod/images/7e/7e76e03d-3b58-43fc-9041-c96137a9ea7d?rule=mo-640.jpg",
    "reviewPageUrl": "https://www.mobile.de/bewertungen/UNGEHEUER-GMBH-BRUCHSAL?lang=en",
    "score": {
      "total": 4.5,
      "responseTime": 4.4,
      "friendliness": 4.6,
      "advice": 4.6
    },
    "activeRatingCount": 44,
    "vehicleAsDescribedPercentage": 83,
    "recommendPercentage": 88,
    "soldVehicleCount": null,
    "reviews": []
  },
  "attributes": {
    "Vehicle condition": "Used vehicle",
    "Category": "Estate car",
    "Vehicle Number": "103011555",
    "Availability": "Now",
    "Origin": "German edition",
    "Mileage": "40,996 km",
    "Cubic Capacity": "2,993 ccm",
    "Power": "375 kW (510 hp)",
    "Drive type": "Internal combustion engine",
    "Fuel": "Petrol, E10-enabled",
    "Number of Seats": "5",
    "Door Count": "4/5",
    "Transmission": "Automatic",
    "Emission Class": "Euro6d",
    "Emissions Sticker": "4 (Green)",
    "First Registration": "07/2023",
    "Number of Vehicle Owners": "1",
    "HU": "New",
    "Climatisation": "Automatic climatisation, 3 zones",
    "Parking sensors": "Front, Camera, Rear, Self-steering systems",
    "Airbags": "Front and Side and More Airbags",
    "Colour (Manufacturer)": "SKYSCRAPER GRAU METALLIC",
    "Colour": "Grey Metallic",
    "Interior Design": "Full leather, Black"
  },
  "features": [
    "ABS",
    "Adaptive Cruise Control",
    "Adaptive lighting",
    "Alarm system",
    "Alloy wheels",
    "Ambient lighting",
    "Android Auto",
    "Apple CarPlay",
    "Arm rest",
    "Autom. dimming interior mirror",
    "Blind spot assist",
    "Bluetooth",
    "Cargo barrier",
    "Central locking",
    "DAB radio",
    "Digital cockpit",
    "Distance warning system",
    "Electric seat adjustment",
    "Electric side mirror",
    "Electric tailgate",
    "Electric windows",
    "Eletric seat adjustment with memory function",
    "Emergency brake assist",
    "Emergency call system",
    "ESP",
    "Folding exterior mirrors",
    "Four-wheel drive",
    "Full Service History",
    "Hands-free kit",
    "Head-up display",
    "Heated seats",
    "Heated steering wheel",
    "High beam assist",
    "Hill-start assist",
    "Immobilizer",
    "Induction charging for smartphones",
    "Isofix",
    "Keyless central locking",
    "Lane change assist",
    "Laser headlights",
    "Leather steering wheel",
    "LED running lights",
    "Light sensor",
    "Lumbar support",
    "Multifunction steering wheel",
    "Navigation system",
    "Non-smoker vehicle",
    "On-board computer",
    "Paddle shifters",
    "Particulate filter",
    "Power Steering",
    "Rain sensor",
    "Roof rack",
    "Seat ventilation",
    "Ski bag",
    "Sound system",
    "Speed limit control system",
    "Sport seats",
    "Start-stop system",
    "Tinted windows",
    "Touchscreen",
    "Traction control",
    "Traffic sign recognition",
    "Tuner/radio",
    "Tyre pressure monitoring",
    "USB port",
    "Voice control",
    "Warranty",
    "WLAN / Wi-Fi hotspot"
  ]
},
{
  "title": "BMW M3 xDrive Competition +HEADUP+CARBON+SITZBELÜFT.",
  "previewImage": "https://img.classistatic.de/api/v1/mo-prod/images/89/89b558b7-b28e-43d4-8a50-ce5b9cfc2333?rule=mo-1600.jpg",
  "category": "EstateCar",
  "brand": "BMW",
  "model": "M3",
  "url": "https://suchen.mobile.de/fahrzeuge/details.html?id=427594413",
  "price.total.amount": 79980,
  "priceRating": {
    "rating": "Good price",
    "priceRanges": {
      "Very good price": {
        "start": 59201,
        "end": 77000
      },
      "Good price": {
        "start": 77001,
        "end": 82900
      },
      "Fair price": {
        "start": 82901,
        "end": 92200
      },
      "Increased price": {
        "start": 92201,
        "end": 99000
      },
      "High price": {
        "start": 99001,
        "end": 110000
      }
    }
  },
  "description": "Sonderausstattung:\nAktive Sitzbelüftung vorn\nBMW Drive Recorder (Dashcam)\nBMW Live Cockpit Professional\nBMW Curved Display\nControl-Display mit Farbmonitor (14,9 Zoll)\nEntfall spezifischer Designumfänge\nExterieur-Paket M Carbon\nAbdeckkappen Außenspiegel M Carbon\nHeckdiffusor Carbon\nFzg. ohne Modell-Schriftzug\nGepäckraum-Paket\nInnenausstattung: Interieurleisten Carbon\nInnovations-Paket\nScheinwerfer Laserlicht\nFahrassistenz-System: Fernlichtassistent\nKomfortzugang (Öffnungs- und Schließsystem)\nFahrassistenz-System: Driving Assistant\nFahrassistenz-System: Spurwechselassistent\nFahrassistenz-System: Frontkollisionswarnung\nFahrassistenz-System: Heckaufprall-Vermeidung (Prävention Heckkollision)\nFahrassistenz-System: Querverkehrs-Assistent\nFahrassistenz-System: Spurwechsel-Warnsystem\nLM-Felgen vorn/hinten: 9,5x19 / 10,5x20 (Doppelspeichen 825 M, Bicolor, Schwarz)\nM Driver´s Package\nMetallic-Lackierung\nParkassistent-Paket Plus\nService-System: Remote 3D View\nRückfahrkamera (Top View)\nSurround-Kamerasystem (Surround View)\nFahrassistenz-System: Rückfahr-Assistent\nSicherheitsgurte M\nSitzbezug / Polsterung: Voll-Leder Merino\nSonnenschutzverglasung (hinten abgedunkelt)\nSound-System Harman-Kardon\n\nSerien-Ausstattung:\nAblage-Paket\nAdaptives Fahrwerk M-Technic\nAirbag Beifahrerseite abschaltbar\nAktives M Differential\nAlarmanlage\nAmbiente-Beleuchtung\nAnti-Blockier-System (ABS)\nAntriebsart: Allradantrieb\nAntriebsart: xDrive (Allrad)\nAusstattungs-Paket: Connected Professional\nService-System: Remote Services\nService-System: Concierge Services\nService-System: Real Time Traffic Information (RTTI)\nService-System: Remote 3D View\nAußenausstattung: Shadow-Line Hochglanz\nAußenausstattung: Shadow-Line Hochglanz (erweiterter Umfang)\nAußenspiegel elektr. verstell- und heizbar\nBedienelemente galvanisiert\nBordcomputer\nCompetition\nDAB-Tuner (Radioempfang digital)\nDachhimmel Anthrazit (BMW Individual)\nDachreling Hochglanz Shadow-Line\nDiebstahlsicherung für Räder (Felgenschlösser)\nDurchladeeinrichtung (Mittelarmlehne hinten)\nDynamische Stabilitäts-Control (DSC) mit erweiterter Umfang\nEinstiegsleisten mit Einleger in Aluminium mit Schriftzug M\nErste Hilfe-Kasten / Verbandkasten\nFahrassistenz-System: Active Guard (Bremsassistent)\nFahrassistenz-System: Aufmerksamkeits-Assistent\nFensterheber elektrisch\nFreisprecheinrichtung Bluetooth mit USB-/Audio-Schnittstelle\nFußmatten Velours\nGepäckraumbeleuchtung\nGeschwindigkeits-Begrenzeranlage (Speed Limit Device)\nGeschwindigkeits-Regelanlage mit Bremsfunktion\nGetriebe Automatik - mit Steptronic und Drivelogic (8-Stufen)\nGetränkehalter\nHeckklappenbetätigung automatisch\nHeckleuchten LED\nInduktionsladeschale für Smartphone (Wireless Charging)\nInnenspiegel mit Abblendautomatik\nInstrumentenkombination (erweiterter Umfang)\nIsofix-Aufnahmen für Kindersitz an Rücksitz\nKarosserie: 5-türig\nKennzeichenbeleuchtung LED\nKlimaautomatik 3-Zonen mit autom. Umluft-Control\nKnieairbag Fahrerseite\nKopf-Airbag-System hinten\nKopf-Airbag-System vorn\nKopfstützen hinten klappbar\nLenkrad (Leder) mit Multifunktion M-Technic\nLenksäule (Lenkrad) elektr. verstellbar\nLeuchtweitenregelung\nM Drive (Fahrprofilauswahl)\nM Drive Professional (Fahrprofilauswahl)\nMotor 3,0 Ltr. - 375 kW 24V TwinTurbo KAT (S58)\nNebelschlussleuchte(n)\nOtto-Partikelfilter (OPF)\nPark-Distance-Control (PDC) vorn und hinten\nParkbremse elektrisch\nReifendruck-Kontrollsystem\nReifenpannen-Anzeige\nSchadstoffarm nach Abgasnorm Euro 6d\nSchaltpunktanzeige\nScheibenwischer mit Regensensor\nSeitenairbag vorn\nService-System: ConnectedDrive Services\nService-System: Gesetzlicher Notruf\nService-System: Intelligenter Notruf inkl. TeleServices\nSitze vorn elektr. verstellbar (mit Memory)\nSitzheizung vorn + hinten\nSpiegel-Paket\nAußenspiegel elektr. anklappbar\nAußenspiegel mit Abblendautomatik, links\nAußenspiegel mit Bordsteinautomatik, rechts\nSportdifferential\nSportsitze vorn (M-Technic)\nStart-Stop-Knopf\nStart/Stop-Anlage (Funktion)\nSteckdose (12V-Anschluß) in Mittelkonsole vorn\nWarndreieck\nWegfahrsperre\nWidescreen Display\nWärme-/Sonnenschutzverglasung\nWärme-/Sonnenschutzverglasung kombiniert (hinten abgedunkelt)\nZentralverriegelung mit Fernbedienung",
  "dealerDetails": {
    "id": 25516924,
    "name": "Autohaus Pullmann",
    "sellerType": "Dealer",
    "phones": [
      "+49 (0)8122 553959023"
    ],
    "messengers": {
      "WHATS_APP": "+49 (0)173 5154636"
    },
    "languages": [
      "Deutsch",
      "English",
      "Türkçe"
    ],
    "country": "DE",
    "address": "Landshuter Straße 23, DE-85716 Unterschleißheim",
    "location": {
      "latitude": 48.2813697,
      "longitude": 11.5661267
    },
    "activeSince": "2021-01-22T00:00:00.000Z",
    "homepageUrl": "https://home.mobile.de/home/redirect.html?customerId=25516924",
    "iconUrl": "https://img.classistatic.de/api/v1/mo-prod/images/e0/e0f11da7-3bf1-442a-ac93-5597b308f273?rule=mo-640.jpg",
    "reviewPageUrl": "https://www.mobile.de/bewertungen/BEYTULLAHISIK?lang=en",
    "score": {
      "total": 4.5,
      "responseTime": 4.6,
      "friendliness": 4.6,
      "advice": 4.3
    },
    "activeRatingCount": 24,
    "vehicleAsDescribedPercentage": 76,
    "recommendPercentage": 86,
    "soldVehicleCount": null,
    "reviews": []
  },
  "attributes": {
    "Vehicle condition": "Used vehicle, Accident-free",
    "Category": "Estate car",
    "Model range": "Baureihe M3 Touring (G81)(2022->)",
    "Trim line": "xDrive Competition",
    "Vehicle Number": "S38672",
    "Availability": "Now",
    "Origin": "German edition",
    "Mileage": "32,680 km",
    "Cubic Capacity": "2,993 ccm",
    "Power": "375 kW (510 hp)",
    "Drive type": "Internal combustion engine",
    "Fuel": "Petrol",
    "CO₂ class": "Based on CO₂ emissions (combined)",
    "Fuel consumption": [
      "10.1 l/100km (combined)",
      "15.3 l/100km (city)",
      "10.1 l/100km (suburban)",
      "8.6 l/100km (country road)",
      "9.5 l/100km (motorway)"
    ],
    "Energy costs for 15,000 km annual mileage": "€2,908/Year",
    "Fuel price": "€1.92/l (annual average 2024)",
    "Possible CO₂ costs over the next 10 years (15,000 km/year)": [
      "€3,950 (assuming an average CO₂ price of €115/t)",
      "€1,718 (assuming a low average CO₂ price of €50/t)",
      "€6,526 (assuming a high average CO₂ price of €190/t)"
    ],
    "Number of Seats": "5",
    "Door Count": "4/5",
    "Transmission": "Automatic",
    "Emission Class": "Euro6d",
    "Emissions Sticker": "4 (Green)",
    "First Registration": "12/2023",
    "Number of Vehicle Owners": "1",
    "HU": "12/2026",
    "Climatisation": "Automatic climatisation, 3 zones",
    "Parking sensors": "360° camera, Front, Self-steering systems, Rear",
    "Airbags": "Front and Side and More Airbags",
    "Colour (Manufacturer)": "BLACK SAPPHIRE METALLIC",
    "Colour": "Black Metallic",
    "Interior Design": "Full leather, Black",
    "Weight": "1,940 kg",
    "Cylinders": "6",
    "Energy consumption (comb.)": "10.1 l/100km",
    "CO₂ emissions (comb.)": "229 g/km"
  },
  "features": [
    "ABS",
    "Adaptive cornering lights",
    "Alarm system",
    "Alloy wheels",
    "Ambient lighting",
    "Android Auto",
    "Apple CarPlay",
    "Arm rest",
    "Autom. dimming interior mirror",
    "Blind spot assist",
    "Bluetooth",
    "Cargo barrier",
    "CD player",
    "Central locking",
    "Cruise control",
    "DAB radio",
    "Digital cockpit",
    "Distance warning system",
    "Dynamic chassis control",
    "Electric seat adjustment",
    "Electric side mirror",
    "Electric tailgate",
    "Electric windows",
    "Eletric seat adjustment with memory function",
    "Emergency brake assist",
    "Emergency call system",
    "Emergency tyre repair kit",
    "ESP",
    "Fatigue warning system",
    "Folding exterior mirrors",
    "Four-wheel drive",
    "Full Service History",
    "Glare-free high beam headlights",
    "Hands-free kit",
    "Head-up display",
    "Heated rear seats",
    "Heated seats",
    "High beam assist",
    "Hill-start assist",
    "Immobilizer",
    "Induction charging for smartphones",
    "Integrated music streaming",
    "Isofix",
    "Keyless central locking",
    "Lane change assist",
    "Laser headlights",
    "Leather steering wheel",
    "LED running lights",
    "Light sensor",
    "Lumbar support",
    "Multifunction steering wheel",
    "Navigation system",
    "Non-smoker vehicle",
    "On-board computer",
    "Paddle shifters",
    "Passenger seat Isofix point",
    "Rain sensor",
    "Rear traffic alert",
    "Roof rack",
    "Seat ventilation",
    "Ski bag",
    "Sound system",
    "Speed limit control system",
    "Sport seats",
    "Sports package",
    "Sports suspension",
    "Start-stop system",
    "Summer tyres",
    "Tinted windows",
    "Touchscreen",
    "Traction control",
    "Traffic sign recognition",
    "Tuner/radio",
    "Tyre pressure monitoring",
    "USB port",
    "Voice control",
    "Warranty",
    "WLAN / Wi-Fi hotspot"
  ]
},
{
  "title": "BMW M3 Competition M xDrive",
  "previewImage": "https://img.classistatic.de/api/v1/mo-prod/images/fa/fadd670c-5c21-425e-9636-b6d0a4656a2d?rule=mo-1600.jpg",
  "category": "EstateCar",
  "brand": "BMW",
  "model": "M3",
  "url": "https://suchen.mobile.de/fahrzeuge/details.html?id=433341041",
  "price.total.amount": 78990,
  "priceRating": {
    "rating": "Good price",
    "priceRanges": {
      "Very good price": {
        "start": 57901,
        "end": 75300
      },
      "Good price": {
        "start": 75301,
        "end": 81000
      },
      "Fair price": {
        "start": 81001,
        "end": 90100
      },
      "Increased price": {
        "start": 90101,
        "end": 96800
      },
      "High price": {
        "start": 96801,
        "end": 107500
      }
    }
  },
  "description": "Fahrzeugnummer: 204080\n\nUnsere Datenschutzhinweise finden Sie unter http://www.rhein-bmw.de/datenschutz.html KEIN VERKAUF ÜBER AUTOHAUS RHEIN! FAHRZEUG WIRD PRIVAT VERKAUFT! HIGHLIGHTS & PAKETE\nBMW Live Cockpit Professional\nInnovationspaket\nM Shadow Line mit erweitertem Umfang\nHochglanz Shadow-Line\nAblagenpaket\n\nASSISTENZSYSTEME\nParkassistenzsystem Plus\n\nMOTOR GETRIEBE & FAHRWERK\nAdaptives M Fahrwerk\nKomfortzugang\n\nAUDIO & KOMMUNIKATION\nConnected Package Professional\nHarman/Kardon Surround Sound System\nDAB-Tuner (DAB+ fähig)\n\nINTERIEUR\nM Sportsitz\nInstrumententafel Sensatec\nGalvanikapplikation Bedienelemente\nKlimatisierte Sitze vorne\nDachhimmel anthrazit\nSitzverstellung elektrisch mit Memory\nKlimaautomatik\nM Sicherheitsgurte\nLordosenstütze Fahrer u. Beifahrer\nSitzheizung Fahrer/Beifahrer\nInterieurleisten Carbon Fibre\nInnenspiegel automatisch abblendend\nKopfstützen im Fond klappbar\nDeaktivierung Airbag Beifahrer\n\nLICHT & SICHT\nBMW Laserlicht\nFernlichtassistent\n\nRÄDER\nReifendruckanzeige\n\nTECHNIK & SICHERHEIT\nKilometertacho\nInnen-/Aussensp. mit Abblendautomatik\nAlarmanlage\n\nEXTERIEUR\nAkustik Komfort Verglasung\nAbgedunkelte Verglasung\nDach und Spiegelkappen schwarz\nM Dachreling Shadow Line \nGerne besorgen wir Ihnen Ihren Wunschgebrauchten zu fairen Konditionen! Fragen Sie an - über 2.000 Fahrzeuge sofort ab Lager verfügbar. Zugriff auf über 3000 Dienstwagen der BMW AG. Unser Verkaufsteam freut sich auf Ihren Anruf. -Irrtum und Zwischenverkauf vorbehalten-",
  "dealerDetails": {
    "id": 9083371,
    "name": "Filialbetrieb Rhein Rhön-Saale ZNL der Heermann und Rhein GmbH",
    "sellerType": "Dealer",
    "phones": [
      "+49 (0)9771 91149980",
      "+49 9771 635322"
    ],
    "languages": [
      "Deutsch",
      "English"
    ],
    "country": "DE",
    "address": "Ludwig-Elsbett-Straße 1, DE-97616 Salz",
    "location": {
      "latitude": 50.2962832,
      "longitude": 10.1905705
    },
    "activeSince": "2012-12-20T00:00:00.000Z",
    "homepageUrl": "https://home.mobile.de/home/redirect.html?customerId=9083371",
    "iconUrl": null,
    "reviewPageUrl": "https://www.mobile.de/bewertungen/AUTOHAUSSEIFERT?lang=en",
    "score": {
      "total": 4.5,
      "responseTime": 4.5,
      "friendliness": 4.8,
      "advice": 4.2
    },
    "activeRatingCount": 10,
    "vehicleAsDescribedPercentage": 80,
    "recommendPercentage": 100,
    "soldVehicleCount": null,
    "reviews": []
  },
  "attributes": {
    "Vehicle condition": "Used vehicle",
    "Category": "Estate car",
    "Model range": "G81",
    "Vehicle Number": "204080",
    "Availability": "Now",
    "Origin": "German edition",
    "Mileage": "21,000 km",
    "Power": "375 kW (510 hp)",
    "Drive type": "Internal combustion engine",
    "Fuel": "Petrol, E10-enabled",
    "CO₂ class": "Based on CO₂ emissions (combined)",
    "Fuel consumption": [
      "10.4 l/100km (combined)"
    ],
    "Number of Seats": "5",
    "Door Count": "4/5",
    "Transmission": "Automatic",
    "Emission Class": "Euro6d",
    "Emissions Sticker": "4 (Green)",
    "First Registration": "04/2024",
    "Number of Vehicle Owners": "1",
    "Climatisation": "Automatic climatisation, 2 zones",
    "Parking sensors": "Rear, 360° camera, Front",
    "Airbags": "Front and Side and More Airbags",
    "Colour (Manufacturer)": "M Sao Paulo Gelb uni",
    "Colour": "Yellow",
    "Interior Design": "Cloth, Other",
    "Energy consumption (comb.)": "10.4 l/100km",
    "CO₂ emissions (comb.)": "235 g/km"
  },
  "features": [
    "ABS",
    "Alarm system",
    "Alloy wheels",
    "Arm rest",
    "Autom. dimming interior mirror",
    "Central locking",
    "DAB radio",
    "Daytime running lights",
    "Digital cockpit",
    "Electric seat adjustment",
    "Electric side mirror",
    "Electric tailgate",
    "Electric windows",
    "Emergency brake assist",
    "Emergency call system",
    "ESP",
    "Fatigue warning system",
    "Four-wheel drive",
    "Full Service History",
    "Hands-free kit",
    "Heated seats",
    "Immobilizer",
    "Induction charging for smartphones",
    "Integrated music streaming",
    "Isofix",
    "Keyless central locking",
    "Laser headlights",
    "Leather steering wheel",
    "Light sensor",
    "Multifunction steering wheel",
    "Navigation system",
    "Non-smoker vehicle",
    "On-board computer",
    "Power Steering",
    "Rain sensor",
    "Roof rack",
    "Seat ventilation",
    "Sound system",
    "Speed limit control system",
    "Sport seats",
    "Sports package",
    "Sports suspension",
    "Start-stop system",
    "Tinted windows",
    "Touchscreen",
    "Traction control",
    "Tuner/radio",
    "Tyre pressure monitoring",
    "USB port",
    "Voice control",
    "Warranty"
  ]
},
{
  "title": "BMW M3 G80 Carbon Schalensitze H&K HJS KW ...",
  "previewImage": "https://img.classistatic.de/api/v1/mo-prod/images/68/683855a8-41a2-4aee-a905-48209f1ede82?rule=mo-1600.jpg",
  "category": "Limousine",
  "brand": "BMW",
  "model": "M3",
  "url": "https://suchen.mobile.de/fahrzeuge/details.html?id=434200257",
  "price.total.amount": 78999,
  "priceRating": {
    "rating": "Fair price",
    "priceRanges": {
      "Very good price": {
        "start": 51501,
        "end": 66900
      },
      "Good price": {
        "start": 66901,
        "end": 72000
      },
      "Fair price": {
        "start": 72001,
        "end": 80100
      },
      "Increased price": {
        "start": 80101,
        "end": 86000
      },
      "High price": {
        "start": 86001,
        "end": 95600
      }
    }
  },
  "description": "Absolutes Liebhaberfahrzeug in Traumaustattung!!\n\n\nBMW M3 G80 480 PS Schaltgetriebe (letzter manueller M3)\n\n2.Hand\nDeutsches Fahrzeug\nDeutsche Auslieferung\nUnfallfrei\nLückenlos BMW scheckheftgepflegt\nNeuwertiger Zustand !!\nNichtraucherfahrzeug\n\n\nUmbaumaßnahmen:\n\nKW Gewindefahrwerk Variante 3 Inox Härteverstellung: Zug- und Druckstufe)\nHJS Downpipes 200 Zeller\nSpurplatten VA und HA\nMittelschaldämpfer Mod\nEndschalldämpfer in schwarz matt lackiert\nAWRON Klappensteuerungsmodul\nVorsteiner Vollcarbon Grill\nMHC Vollcarbon Lippe\nReflektoren Ersatz Einsätze hinten\nBremsekühlung vorne in Schwarz Hochglanz (auf den Bildern noch nicht verbaut)\nLenkrad in Alcantara, sowie Original BMW Leder und Naht passend überzogen\nFensterscheiben getönt\nScheibenkeil von innen mit Tönungsfolie foliert\n\nUmbaumaßnahmen belaufen sich auf 15.675 ohne Arbeitsstunden !\n\n\nAusstattung:\nM Drivers Package\nM Sicherheitsgurte\nM Carbon Schalensitze in Vollleder Merino Schwarz /OSilverstone, Sitze vorn elektr. verstellbar (links mit Memory)\nHarman&Kardon\nAirplay\nHeadup\nusw.\n\nVolle Austattungsliste kann gerne zugesendet werden.\n\nIn den nächsten Tagen werden noch einmal neue qualitative Bilder gemacht und hochgeladen.",
  "dealerDetails": {
    "sellerType": "Private Seller",
    "country": "DE",
    "address": "DE-73614 Schorndorf",
    "location": {
      "latitude": 48.802585,
      "longitude": 9.530225
    },
    "iconUrl": null,
    "reviewPageUrl": null,
    "score": null,
    "activeRatingCount": null,
    "vehicleAsDescribedPercentage": null,
    "recommendPercentage": null,
    "soldVehicleCount": null,
    "reviews": []
  },
  "attributes": {
    "Vehicle condition": "Used vehicle",
    "Category": "Saloon",
    "Mileage": "25,320 km",
    "Power": "353 kW (480 hp)",
    "Drive type": "Internal combustion engine",
    "Fuel": "Petrol",
    "Transmission": "Manual gearbox",
    "Emissions Sticker": "4 (Green)",
    "First Registration": "02/2022",
    "HU": "03/2027",
    "Climatisation": "A/C (man.)",
    "Parking sensors": "Rear"
  },
  "features": [
    "ABS",
    "Alloy wheels",
    "Bluetooth",
    "Cruise control",
    "Full Service History",
    "Hands-free kit",
    "Heated seats",
    "Navigation system",
    "Tuner/radio"
  ]
},
{
  "title": "BMW M3 Lim. xDrive Competition/ H&K/ 360°Kam/ Headup",
  "previewImage": "https://img.classistatic.de/api/v1/mo-prod/images/ea/ea3fe6cf-fb34-44e2-9da1-10775db484ae?rule=mo-1600.jpg",
  "category": "Limousine",
  "brand": "BMW",
  "model": "M3",
  "url": "https://suchen.mobile.de/fahrzeuge/details.html?id=434193368",
  "price.total.amount": 78990,
  "priceRating": {
    "rating": "Good price",
    "priceRanges": {
      "Very good price": {
        "start": 57701,
        "end": 75000
      },
      "Good price": {
        "start": 75001,
        "end": 80800
      },
      "Fair price": {
        "start": 80801,
        "end": 89800
      },
      "Increased price": {
        "start": 89801,
        "end": 96400
      },
      "High price": {
        "start": 96401,
        "end": 107100
      }
    }
  },
  "description": "Willkommen bei Mayrs Automobile.\n\nAngeboten wird hier ein sehr schöner M3 Competition, dieser ist sehr gepflegt von außen und innen.\nFahrzeug hat kein Vorschaden oder bestehende Beschädigungen.\nVon BMW wurde ein M-Performance Gewindefahrwerk verbaut.\nDer letzte Service wurde 04.2025 bei 22000km durchgeführt.\n\nSonderausstattung:\nAktive Sitzbelüftung vorn, BMW Drive Recorder (Dashcam), BMW Live Cockpit Professional, BMW M 50 Jahre Embleme, Bremsanlage: Compound - M Bremssystem (Bremssättel Rot), Fahrassistenz-System: Driving Assistant Professional, Innenausstattung: Interieurleisten Carbon, Innovations-Paket, Instrumententafel Sensatec, LM-Felgen vorn/hinten: 9,5x19 / 10,5x20 (Doppelspeichen 826 M, Bicolor, Schwarz), M Driver´s Package, Metallic-Lackierung, Parkassistent-Paket Plus, Personalisierungssystem (Personal eSIM), Reifen-Reparaturset (Mobility-Pack), Scheinwerfer BMW Individual Shadow-Line, Sicherheitsgurte M, Sicherheitssystem Active Protection, Sonnenschutzverglasung (hinten abgedunkelt), Sound-System Harman-Kardon, Verglasung Akustikglas\n\nWeitere Ausstattung:\nAblage-Paket, Adaptives Fahrwerk M-Technic, Airbag Beifahrerseite abschaltbar, Airbag Fahrer-/Beifahrerseite, Aktives M Differential, Ambiente-Beleuchtung, Ausstattungs-Paket: Connected Professional, Außenausstattung: Shadow-Line, Außenausstattung: Shadow-Line Hochglanz, Außenausstattung: Shadow-Line Hochglanz (erweiterter Umfang), Außenspiegel elektr. verstell- und heizbar, Bedienelemente galvanisiert, Blinkleuchte in Außenspiegel integriert, Bordcomputer, Competition, DAB-Tuner (Radioempfang digital), Dachhimmel Anthrazit (BMW Individual), Diebstahlsicherung für Räder (Felgenschlösser), Durchladeeinrichtung (Mittelarmlehne hinten), Dynamische Stabilitäts-Control (DSC) mit erweiterter Umfang, Erste Hilfe-Kasten / Verbandkasten, Fahrassistenz-System: Active Guard (Bremsassistent), Fahrassistenz-System: Aufmerksamkeits-Assistent, Freisprecheinrichtung Bluetooth mit USB-/Audio-Schnittstelle, Fußmatten Velours, Gepäckraumbeleuchtung, Getriebe Automatik - mit Steptronic und Drivelogic (8-Stufen), Getränkehalter, Heckleuchten LED, Induktionsladeschale für Smartphone (Wireless Charging), Innenspiegel mit Abblendautomatik, Instrumentenkombination (erweiterter Umfang), Isofix-Aufnahmen für Kindersitz an Rücksitz, Karosserie: 4-türig, Kennzeichenbeleuchtung LED, Klimaautomatik 3-Zonen mit autom. Umluft-Control, Knieairbag Fahrerseite, Kopf-Airbag-System hinten, Kopf-Airbag-System vorn, Kopfstützen hinten klappbar, Leichtbaudach (kohlefaserverstärkter Kunststoff, CFK), Lenksäule (Lenkrad) elektr. verstellbar, Lenksäule (Lenkrad) mechan. verstellbar, Leuchtweitenregelung, M Drive (Fahrprofilauswahl), M Drive Professional (Fahrprofilauswahl), Motor 3,0 Ltr. - 375 kW 24V TwinTurbo KAT (S58), Multifunktion für Lenkrad, Nebelschlussleuchte(n), Otto-Partikelfilter (OPF), Park-Distance-Control (PDC) vorn und hinten, Parkbremse elektrisch, Reifendruck-Kontrollsystem, Reifenpannen-Anzeige, Schadstoffarm nach Abgasnorm Euro 6d, Schaltpunktanzeige, Scheinwerfer LED, Seitenairbag vorn, Service-System: Intelligenter Notruf inkl. TeleServices, Sitzbezug / Polsterung: Leder Merino (erweiterter Umfang), Sitze vorn elektr. verstellbar (mit Memory), Spiegel-Paket, Sportdifferential, Sportsitze vorn (M-Technic), Start-Stop-Knopf, Start/Stop-Anlage (Funktion), Steckdose (12V-Anschluß) in Mittelkonsole vorn, Warndreieck, Widescreen Display, Wärme-/Sonnenschutzverglasung, Wärme-/Sonnenschutzverglasung kombiniert (hinten abgedunkelt)\n\nEin bis drei Jahre Gebrauchtwagengarantie gegen Aufpreis möglich\nIndividuelle Finanzierungsangebote und Inzahlungnahme möglich\nTrotz Bemühungen und Sorgfalt sind Inseratfehler nicht auszuschließen, es wird keine Haftung übernommen. Bitte vergleichen Sie die Ausstattung des Fahrzeuges vor Ort oder am Telefon.",
  "dealerDetails": {
    "id": 27876806,
    "name": "Mayrs Automobile GmbH",
    "sellerType": "Dealer",
    "phones": [
      "+49 (0)8295 329001150"
    ],
    "messengers": {
      "WHATS_APP": "+49 (0)176 56784659"
    },
    "languages": [
      "Deutsch",
      "English"
    ],
    "country": "DE",
    "address": "Am Forstbach 10, DE-86450 Altenmünster",
    "location": {
      "latitude": 48.4807674,
      "longitude": 10.5944923
    },
    "activeSince": "2007-09-18T00:00:00.000Z",
    "homepageUrl": "https://home.mobile.de/home/redirect.html?customerId=27876806",
    "iconUrl": null,
    "reviewPageUrl": "https://www.mobile.de/bewertungen/MAYRSAUTOMOBILEGMBH?lang=en",
    "score": {
      "total": 3.7,
      "responseTime": 4,
      "friendliness": 4,
      "advice": 3
    },
    "activeRatingCount": 2,
    "vehicleAsDescribedPercentage": 50,
    "recommendPercentage": 50,
    "soldVehicleCount": null,
    "reviews": []
  },
  "attributes": {
    "Vehicle condition": "Used vehicle, Accident-free",
    "Category": "Saloon",
    "Model range": "Baureihe M3 Lim. (G80)(2020->)",
    "Trim line": "xDrive Competition",
    "Origin": "German edition",
    "Mileage": "32,900 km",
    "Cubic Capacity": "2,993 ccm",
    "Power": "375 kW (510 hp)",
    "Drive type": "Internal combustion engine",
    "Fuel": "Petrol",
    "Number of Seats": "5",
    "Door Count": "4/5",
    "First Registration": "03/2023",
    "Number of Vehicle Owners": "2",
    "HU": "New",
    "Climatisation": "Automatic climatisation, 3 zones",
    "Parking sensors": "Front, Rear, 360° camera",
    "Airbags": "Front and Side and More Airbags",
    "Colour (Manufacturer)": "SAPHIRSCHWARZ",
    "Colour": "Black Metallic",
    "Interior Design": "Full leather, Black",
    "Weight": "1,805 kg",
    "Date of last service (date)": "04/2025",
    "Last service (mileage)": "22,000 km",
    "Cylinders": "6",
    "Tank capacity": "59 l"
  },
  "features": [
    "ABS",
    "Adaptive cornering lights",
    "Adaptive Cruise Control",
    "Alarm system",
    "Alloy wheels",
    "Ambient lighting",
    "Android Auto",
    "Apple CarPlay",
    "Arm rest",
    "Autom. dimming interior mirror",
    "Blind spot assist",
    "Bluetooth",
    "Cargo barrier",
    "Central locking",
    "DAB radio",
    "Digital cockpit",
    "Distance warning system",
    "Electric seat adjustment",
    "Electric side mirror",
    "Electric windows",
    "Eletric seat adjustment with memory function",
    "Emergency brake assist",
    "Emergency call system",
    "Emergency tyre repair kit",
    "ESP",
    "Fatigue warning system",
    "Folding exterior mirrors",
    "Four-wheel drive",
    "Full Service History",
    "Glare-free high beam headlights",
    "Hands-free kit",
    "Headlight washer system",
    "Head-up display",
    "Heated rear seats",
    "Heated seats",
    "High beam assist",
    "Hill-start assist",
    "Immobilizer",
    "Induction charging for smartphones",
    "Isofix",
    "Keyless central locking",
    "Lane change assist",
    "Laser headlights",
    "Leather steering wheel",
    "LED running lights",
    "Light sensor",
    "Lumbar support",
    "Multifunction steering wheel",
    "Navigation system",
    "Non-smoker vehicle",
    "On-board computer",
    "Paddle shifters",
    "Power Steering",
    "Rain sensor",
    "Rear traffic alert",
    "Seat ventilation",
    "Sound system",
    "Speed limit control system",
    "Sport seats",
    "Sports package",
    "Sports suspension",
    "Start-stop system",
    "Summer tyres",
    "Tinted windows",
    "Touchscreen",
    "Traction control",
    "Traffic sign recognition",
    "Tuner/radio",
    "Tyre pressure monitoring",
    "USB port",
    "Voice control",
    "Warranty",
    "Winter package",
    "WLAN / Wi-Fi hotspot"
  ]
},
{
  "title": "BMW M3 Competition M xDrive/GARANTIE 2029/SCHALENSIT",
  "previewImage": "https://img.classistatic.de/api/v1/mo-prod/images/50/50ecae7e-29e4-40c6-9301-06e1464a9095?rule=mo-1600.jpg",
  "category": "Limousine",
  "brand": "BMW",
  "model": "M3",
  "url": "https://suchen.mobile.de/fahrzeuge/details.html?id=431704885",
  "price.total.amount": 78900,
  "priceRating": {
    "rating": "Good price",
    "priceRanges": {
      "Very good price": {
        "start": 57601,
        "end": 74900
      },
      "Good price": {
        "start": 74901,
        "end": 80700
      },
      "Fair price": {
        "start": 80701,
        "end": 89700
      },
      "Increased price": {
        "start": 89701,
        "end": 96300
      },
      "High price": {
        "start": 96301,
        "end": 107000
      }
    }
  },
  "description": "Hallo, verkaufe hiermit schweren Herzens meinen geliebten BMW M3 in einer seltenen Individual Farbe (Mint Grün) und Individual Innenausstattung Elfenbeinweiss, ein echter Hingucker in Kombination mit den Carbonschalensitzen.\n\nDas Fahrzeug wurde stets von mir gepflegt sowie warm/kalt gefahren, des weiteren wurde das Fahrzeug nachweislich nur mit Aral 102 getankt und bekam bei mir nur Handwäsche.\n\nDas Fahrzeug ist Innen sowie Aussen in einem gepflegten Zustand (optisch sowie technisch)\n\nDas Fahrzeug weißt keine Mängel oder Wartungsstaus auf und bekam bei 38794 einen großen Service (vorgezogen). Alle 10.000km bekam das Fahrzeug einen Ölwechsel\n\nDas Fahrzeug ist bei mir 2. Hand, erste Hand war die BMW AG (Dienstfahrzeug).\n\nLeider ist mir April 2025 jemand in das Auto gefahren. Jedoch war der Schaden überschaubar (wurde in einer BMW Niederlassung repariert Rechnung Gutachten etc vorhanden) Mehr Infos dazu telefonisch.\n\nZur Ausstattung:\nS01MB M Drive Professional\nS01U0 19\"/20\" M Schmiederäder Doppelspeiche 82\nS0248 Lenkradheizung\nS02PA Radschraubensicherung\nS02T4 M Sportdifferenzial\nS02VB Reifendruck-Kontrolle\nS02VF Adaptives M Fahrwerk\nS0302 Alarmanlage\nS0316 Automatische Heckklappenbetätigung\nS0322 Komfortzugang\nS03KA Akustikverglasung\nS03M6 M Compound-Bremse. schwarz hochglänzend\nS03MF M Leuchten Shadow Line\nS0420 Sonnenschutzverglasung\nS0430 Innen- und Außenspiegelpaket\nS0459 Sitzverstell.vorn elektr., Memory Fahrer\nS048C M Carbon Schalensitze\nZAEW IND.ERW.LEDERA./ELFENBEINWEISS\nS0493 Ablagenpaket\nS0494 Sitzheizung für Fahrer und Beifahrer\nS04MC M Interieurleisten \\.Carbon Fibre\\.\nS04U0 Galvanikapplikation für Bedienelemente\nS0534 Klimaautomatik\nS0544 Geschwindigkeitsregelung m.Bremsfunktion\nS05AC Fernlichtassistent\nS05AL Active Protection\nS05AS Driving Assistant\nS05AV Active Guard\nS05AZ BMW Laserlicht\nS05DA Deaktivierung Beifahrerairbag\nS05DC Fondkopfstützen klappbar\nS05DN Parking Assistant Plus\nS0654 DAB-Tuner\nS0688 Harman Kardon Surround Sound System\nS06DR BMW Drive Recorder\nS06NX Ablage für Wireless Charging\nS06U3 BMW Live Cockpit Professional\nS0760 M Hochglanz Shadow Line\nS0775 M Dachhimmel anthrazit\nS07M9 M Hochglanz Shadow Line mit erw.Umfängen\nS07R7 Innovationspaket\nIndividuallack Mint-Grün\n\n!!! Fahrzeug hat noch Garantie/Gewährleistung bei BMW sowie die Anschlussgarantie bis 2029 !!!\n\nBitte nur seriöse Anfragen und am liebsten Telefonisch.\n\nKilometerstand kann abweichen, da das Fahrzeug bewegt wird\n\nFahrzeug hat außerdem Carbon Lufteinlässe sowie Carbon Nieren nachgerüstet!",
  "dealerDetails": {
    "id": 39925394,
    "sellerType": "Private Seller",
    "country": "DE",
    "address": "DE-63225 Langen (Hessen)",
    "location": {
      "latitude": 49.9997397,
      "longitude": 8.6530338
    },
    "iconUrl": null,
    "reviewPageUrl": null,
    "score": null,
    "activeRatingCount": null,
    "vehicleAsDescribedPercentage": null,
    "recommendPercentage": null,
    "soldVehicleCount": null,
    "reviews": []
  },
  "attributes": {
    "Vehicle condition": "Used vehicle, Repaired accident damage",
    "Category": "Saloon",
    "Mileage": "41,077 km",
    "Cubic Capacity": "2,993 ccm",
    "Power": "375 kW (510 hp)",
    "Drive type": "Internal combustion engine",
    "Fuel": "Petrol",
    "Number of Seats": "5",
    "Door Count": "4/5",
    "Transmission": "Automatic",
    "Emission Class": "Euro6d",
    "Emissions Sticker": "4 (Green)",
    "First Registration": "01/2024",
    "Number of Vehicle Owners": "2",
    "HU": "01/2027",
    "Climatisation": "Automatic climatisation, 3 zones",
    "Parking sensors": "360° camera, Rear, Front, Self-steering systems",
    "Airbags": "Front and Side and More Airbags",
    "Colour": "Green",
    "Interior Design": "Full leather, Beige"
  },
  "features": [
    "ABS",
    "Adaptive cornering lights",
    "Alarm system",
    "Alloy wheels",
    "Ambient lighting",
    "Android Auto",
    "Apple CarPlay",
    "Arm rest",
    "Autom. dimming interior mirror",
    "Blind spot assist",
    "Bluetooth",
    "Central locking",
    "Cruise control",
    "DAB radio",
    "Digital cockpit",
    "Distance warning system",
    "Electric seat adjustment",
    "Electric side mirror",
    "Electric tailgate",
    "Electric windows",
    "Emergency brake assist",
    "Emergency call system",
    "Emergency tyre repair kit",
    "ESP",
    "Fatigue warning system",
    "Four-wheel drive",
    "Full Service History",
    "Glare-free high beam headlights",
    "Hands-free kit",
    "Head-up display",
    "Heated seats",
    "Heated steering wheel",
    "Heated windshield",
    "High beam assist",
    "Hill-start assist",
    "Immobilizer",
    "Induction charging for smartphones",
    "Integrated music streaming",
    "Isofix",
    "Keyless central locking",
    "Lane change assist",
    "Laser headlights",
    "Leather steering wheel",
    "LED running lights",
    "Light sensor",
    "Lumbar support",
    "Multifunction steering wheel",
    "Navigation system",
    "Non-smoker vehicle",
    "On-board computer",
    "Paddle shifters",
    "Particulate filter",
    "Power Steering",
    "Rain sensor",
    "Sound system",
    "Speed limit control system",
    "Sport seats",
    "Sports suspension",
    "Start-stop system",
    "Summer tyres",
    "Touchscreen",
    "Traction control",
    "Traffic sign recognition",
    "Tyre pressure monitoring",
    "USB port",
    "Voice control",
    "Warranty",
    "WLAN / Wi-Fi hotspot"
  ]
},
{
  "title": "BMW M3 Competition M xDrive Touring in Dravitgrau ",
  "previewImage": "https://img.classistatic.de/api/v1/mo-prod/images/c5/c5c72863-1341-45cd-b794-abeaf5a7caf6?rule=mo-1600.jpg",
  "category": "EstateCar",
  "brand": "BMW",
  "model": "M3",
  "url": "https://suchen.mobile.de/fahrzeuge/details.html?id=434306061",
  "price.total.amount": 79000,
  "priceRating": {
    "rating": "Good price",
    "priceRanges": {
      "Very good price": {
        "start": 60301,
        "end": 78400
      },
      "Good price": {
        "start": 78401,
        "end": 84500
      },
      "Fair price": {
        "start": 84501,
        "end": 94000
      },
      "Increased price": {
        "start": 94001,
        "end": 100900
      },
      "High price": {
        "start": 100901,
        "end": 112100
      }
    }
  },
  "description": "Wir verkaufen unseren neuwertigen M3 Competition Touring, der vorher kurz bei BMW als Dienstwagen gefahren ist und dann von uns erworben wurde. KEIN MIETWAGEN!!! Das Fahrzeug ist top gepflegt und hat keine Nachlackierungen oder Vorschäden.\n\nEr hat eine verlängerte BMW-Neuwagengarantie bis 01.05.2029. Neupreis 113.318,94€ brutto plus Überführung.\n\nAnbei die Ausstattung:\n\nFarbe: BMW Individual Dravitgrau metallic\n\nPolster: BMW Individual erw. Leder FIONAROT/SCHWARZ\n\nAbgasnorm EU6 RDE II \nM Drive Professional 19\"/20\" M Schmiederäder Doppelspeiche 82 \nAutomatikgetriebe M Sportdifferenzial \nReifendruck-Kontrolle \nReifenreparatur Set \nAdaptives M Fahrwerk \nAlarmanlage \nKomfortzugang \nDach und Spiegelkappen schwarz \nAkustikverglasung\nM Compound-Bremse. schwarz hochglänzend \nM Dachreling Hochglanz Shadow Line \nM Leuchten Shadow Line \nGepäckraumpaket \nSonnenschutzverglasung \nInnen- und Außenspiegelpaket Innenspiegel automatisch abblendend \nSitzverstellung. elektrisch mit Memory\nLordosenstütze für Fahrer und Beifahrer \nAblagenpaket \nSitzheizung für Fahrer und Beifahrer \nInterieurleisten schwarz hochglänzend \nGalvanikapplikation für Bedienelemente \nKlimaautomatik \nFernlichtassistent \nActive Protection \nDriving Assistant Professional \nActive Guard \nBMW Laserlicht \nDeaktivierung Beifahrerairbag \nFondkopfstützen klappbar \nParking Assistant Plus \nDAB-Tuner \nHarman Kardon Surround Sound System \nHead Up Display\nTeleservices Gesetzlicher Notruf ConnectedDrive Services \nConnected Package Professional \nAblage für Wireless Charging \nBMW Live Cockpit Professional \nM Sportsitze \nM Hochglanz Shadow Line \nM Dachhimmel anthrazit \nM Hochglanz Shadow Line mit erweiterten Innovationspaket \nAktiver Fussgängerschutz\n\nAlle Angaben ohne Gewähr.\n\nMwSt. ausweisbar.\n\nKein Nettoverkauf ins Ausland!",
  "dealerDetails": {
    "id": 31027297,
    "name": "ObjektX - Christian Wolf",
    "sellerType": "Private Seller",
    "phones": [
      "+49 (0)171 1971172"
    ],
    "country": "DE",
    "address": "Tannenwinkel 14, DE-37139 Adelebsen",
    "location": {
      "latitude": 51.5645086,
      "longitude": 9.7363634
    },
    "iconUrl": null,
    "reviewPageUrl": null,
    "score": null,
    "activeRatingCount": null,
    "vehicleAsDescribedPercentage": null,
    "recommendPercentage": null,
    "soldVehicleCount": null,
    "reviews": []
  },
  "attributes": {
    "Vehicle condition": "Used vehicle, Accident-free",
    "Category": "Estate car",
    "Mileage": "27,200 km",
    "Cubic Capacity": "2,993 ccm",
    "Power": "375 kW (510 hp)",
    "Drive type": "Internal combustion engine",
    "Fuel": "Petrol",
    "Number of Seats": "5",
    "Door Count": "4/5",
    "Transmission": "Automatic",
    "Emission Class": "Euro6",
    "Emissions Sticker": "4 (Green)",
    "First Registration": "05/2024",
    "Number of Vehicle Owners": "2",
    "HU": "05/2028",
    "Climatisation": "Automatic climatisation, 3 zones",
    "Parking sensors": "Front, 360° camera, Rear",
    "Airbags": "Front and Side and More Airbags",
    "Colour": "Grey Metallic",
    "Interior Design": "Full leather"
  },
  "features": [
    "ABS",
    "Adaptive cornering lights",
    "Adaptive Cruise Control",
    "Alarm system",
    "Alloy wheels",
    "Ambient lighting",
    "Android Auto",
    "Apple CarPlay",
    "Arm rest",
    "Autom. dimming interior mirror",
    "Bluetooth",
    "Cargo barrier",
    "Central locking",
    "DAB radio",
    "Digital cockpit",
    "Distance warning system",
    "Electric seat adjustment",
    "Electric side mirror",
    "Electric tailgate",
    "Electric windows",
    "Emergency brake assist",
    "Emergency call system",
    "Emergency tyre repair kit",
    "ESP",
    "Fatigue warning system",
    "Four-wheel drive",
    "Full Service History",
    "Hands-free kit",
    "Head-up display",
    "Heated seats",
    "High beam assist",
    "Hill-start assist",
    "Immobilizer",
    "Induction charging for smartphones",
    "Isofix",
    "Keyless central locking",
    "Lane change assist",
    "Laser headlights",
    "Leather steering wheel",
    "LED running lights",
    "Light sensor",
    "Lumbar support",
    "Multifunction steering wheel",
    "Navigation system",
    "Non-smoker vehicle",
    "On-board computer",
    "Paddle shifters",
    "Particulate filter",
    "Power Steering",
    "Rain sensor",
    "Sound system",
    "Speed limit control system",
    "Sport seats",
    "Sports package",
    "Sports suspension",
    "Start-stop system",
    "Summer tyres",
    "Touchscreen",
    "Traction control",
    "Traffic sign recognition",
    "Tuner/radio",
    "Tyre pressure monitoring",
    "USB port",
    "Voice control",
    "Warranty",
    "Winter package"
  ]
},
{
  "title": "BMW M3 Baureihe M3 Touring xDrive Competition",
  "previewImage": "https://img.classistatic.de/api/v1/mo-prod/images/e1/e167a21e-21a8-4f3a-8dff-2adc26cbf9a3?rule=mo-1600.jpg",
  "category": "EstateCar",
  "brand": "BMW",
  "model": "M3",
  "url": "https://suchen.mobile.de/fahrzeuge/details.html?id=427344327",
  "price.total.amount": 79680,
  "priceRating": {
    "rating": "Good price",
    "priceRanges": {
      "Very good price": {
        "start": 59701,
        "end": 77600
      },
      "Good price": {
        "start": 77601,
        "end": 83600
      },
      "Fair price": {
        "start": 83601,
        "end": 93000
      },
      "Increased price": {
        "start": 93001,
        "end": 99800
      },
      "High price": {
        "start": 99801,
        "end": 110900
      }
    }
  },
  "description": "Sonderausstattung:\nLM-Felgen\n\nWeitere Ausstattung:\nAblage-Paket, Adaptives Fahrwerk M-Technic, Airbag Beifahrerseite abschaltbar, Aktives M Differential, Alpinweiß-Lackierung (Uni), Ambiente-Beleuchtung, Ausstattungs-Paket: Connected Professional, Außenausstattung: Shadow-Line Hochglanz, Außenausstattung: Shadow-Line Hochglanz (erweiterter Umfang), Außenspiegel elektr. verstell- und heizbar, Bedienelemente galvanisiert, BMW Live Cockpit Plus, Bordcomputer, Competition, DAB-Tuner (Radioempfang digital), Dachhimmel Anthrazit (BMW Individual), Dachreling Hochglanz Shadow-Line, Diebstahlsicherung für Räder (Felgenschlösser), Durchladeeinrichtung (Mittelarmlehne hinten), Dynamische Stabilitäts-Control (DSC) mit erweiterter Umfang, Einstiegsleisten mit Einleger in Aluminium mit Schriftzug M, Erste Hilfe-Kasten / Verbandkasten, Fahrassistenz-System: Active Guard (Bremsassistent), Fahrassistenz-System: Aufmerksamkeits-Assistent, Freisprecheinrichtung Bluetooth mit USB-/Audio-Schnittstelle, Fußmatten Velours, Gepäckraumbeleuchtung, Getriebe Automatik - mit Steptronic und Drivelogic (8-Stufen), Getränkehalter, Heckklappenbetätigung automatisch, Heckleuchten LED, HiFi-Lautsprechersystem, Induktionsladeschale für Smartphone (Wireless Charging), Innenausstattung: Interieurleisten, schwarz hochglänzend, Innenspiegel mit Abblendautomatik, Instrumentenkombination (erweiterter Umfang), Isofix-Aufnahmen für Kindersitz an Rücksitz, Karosserie: 5-türig, Kennzeichenbeleuchtung LED, Klimaautomatik 3-Zonen mit autom. Umluft-Control, Knieairbag Fahrerseite, Kopf-Airbag-System hinten, Kopf-Airbag-System vorn, Kopfstützen hinten klappbar, Lenksäule (Lenkrad) elektr. verstellbar, Leuchtweitenregelung, M Drive (Fahrprofilauswahl), M Drive Professional (Fahrprofilauswahl), Motor 3,0 Ltr. - 375 kW 24V TwinTurbo KAT (S58), Nebelschlussleuchte(n), Otto-Partikelfilter (OPF), Park-Distance-Control (PDC) vorn und hinten, Parkbremse elektrisch, Reifendruck-Kontrollsystem, Reifenpannen-Anzeige, Schadstoffarm nach Abgasnorm Euro 6d, Schaltpunktanzeige, Seitenairbag vorn, Service-System: ConnectedDrive Services, Service-System: Gesetzlicher Notruf, Service-System: Intelligenter Notruf inkl. TeleServices, Sitzbezug / Polsterung: Leder Merino (erweiterter Umfang), Sitze vorn elektr. verstellbar (mit Memory), Spiegel-Paket, Sportdifferential, Sportsitze vorn (M-Technic), Start-Stop-Knopf, Start/Stop-Anlage (Funktion), Steckdose (12V-Anschluß) in Mittelkonsole vorn, Warndreieck, Widescreen Display, Wärme-/Sonnenschutzverglasung, Wärme-/Sonnenschutzverglasung kombiniert (hinten abgedunkelt)\n\n\nInspektion bei BMW\ninkl. 4 Winterreifen!",
  "dealerDetails": {
    "id": 472754,
    "name": "Autohaus Amend GmbH & Co. KG",
    "sellerType": "Dealer",
    "phones": [
      "+49 (0)6401 969000965"
    ],
    "languages": [
      "Deutsch",
      "English"
    ],
    "country": "DE",
    "address": "Carl-Benz-Str.11, DE-35305 Grünberg",
    "location": {
      "latitude": 50.6041252,
      "longitude": 8.959709
    },
    "activeSince": "2007-01-19T00:00:00.000Z",
    "homepageUrl": "https://home.mobile.de/home/redirect.html?customerId=472754",
    "iconUrl": null,
    "reviewPageUrl": null,
    "score": null,
    "activeRatingCount": null,
    "vehicleAsDescribedPercentage": null,
    "recommendPercentage": null,
    "soldVehicleCount": null,
    "reviews": []
  },
  "attributes": {
    "Vehicle condition": "Used vehicle, Accident-free",
    "Category": "Estate car",
    "Model range": "Baureihe M3 Touring (G81)(2022->)",
    "Trim line": "xDrive Competition",
    "Mileage": "31,700 km",
    "Cubic Capacity": "2,993 ccm",
    "Power": "375 kW (510 hp)",
    "Drive type": "Internal combustion engine",
    "Fuel": "Petrol",
    "Number of Seats": "5",
    "Door Count": "4/5",
    "First Registration": "03/2024",
    "Climatisation": "Automatic climatisation, 2 zones",
    "Parking sensors": "Rear, 360° camera",
    "Airbags": "Front and Side and More Airbags",
    "Colour": "Black Metallic",
    "Interior Design": "Full leather, Black",
    "Weight": "1,940 kg",
    "Date of last service (date)": "12/2024",
    "Last service (mileage)": "21,300 km",
    "Cylinders": "6",
    "Tank capacity": "59 l"
  },
  "features": [
    "ABS",
    "Alarm system",
    "Alloy wheels",
    "Ambient lighting",
    "Android Auto",
    "Apple CarPlay",
    "Arm rest",
    "Autom. dimming interior mirror",
    "Blind spot assist",
    "Bluetooth",
    "Central locking",
    "Cruise control",
    "DAB radio",
    "Digital cockpit",
    "Electric seat adjustment",
    "Electric side mirror",
    "Electric windows",
    "Emergency call system",
    "Folding exterior mirrors",
    "Four-wheel drive",
    "Full Service History",
    "Hands-free kit",
    "Head-up display",
    "Heated rear seats",
    "Heated seats",
    "High beam assist",
    "Immobilizer",
    "Induction charging for smartphones",
    "Isofix",
    "Lane change assist",
    "Leather steering wheel",
    "Light sensor",
    "Multifunction steering wheel",
    "Navigation system",
    "On-board computer",
    "Paddle shifters",
    "Power Steering",
    "Rain sensor",
    "Roof rack",
    "Sound system",
    "Sport seats",
    "Sports suspension",
    "Start-stop system",
    "Tinted windows",
    "Touchscreen",
    "Traffic sign recognition",
    "Tyre pressure monitoring",
    "USB port",
    "Voice control",
    "Warranty"
  ]
},
{
  "title": "BMW M3 Competition xD *2.H *20 *Carbon*H&K*Compund",
  "previewImage": "https://img.classistatic.de/api/v1/mo-prod/images/2c/2c46a5ee-115e-4762-b079-58b14f979329?rule=mo-1600.jpg",
  "category": "Limousine",
  "brand": "BMW",
  "model": "M3",
  "url": "https://suchen.mobile.de/fahrzeuge/details.html?id=433128541",
  "price.total.amount": 78900,
  "priceRating": {
    "rating": "Fair price",
    "priceRanges": {
      "Very good price": {
        "start": 51901,
        "end": 67500
      },
      "Good price": {
        "start": 67501,
        "end": 72700
      },
      "Fair price": {
        "start": 72701,
        "end": 80900
      },
      "Increased price": {
        "start": 80901,
        "end": 86800
      },
      "High price": {
        "start": 86801,
        "end": 96500
      }
    }
  },
  "description": "ASG Remscheid - dein Autohaus mit PS und Persönlichkeit.\nÜber 400 Fahrzeuge sofort verfügbar - vom Cityflitzer bis zum Supersportler!\n\nWas wir für dich tun:\nFinanzierung & Leasing - auch ohne Anzahlung\nWir kaufen dein Auto - auch ohne Neukauf\nAblöse laufender Finanzierungen möglich\nLieferung im gesamten DACH-Raum\nZulassung, Aufbereitung & Wunschfolierung auf Wunsch\nÜber 35 Jahre Erfahrung - mehrfach ausgezeichnet von AutoBild & auto motor und sport\nFahrzeug Nr.: 15113\nAusstattungspakete:\nSportpaket\nGarantie & Qualitätssiegel:\nGarantie\nAssistenzsysteme:\nAbstandsregeltempomat\nFernlichtassistent\nVerkehrszeichenerkennung\nEinparkhilfe hinten\nFrontkamera\nRückfahrkamera\nAuffahrwarner\nautonomer Notbremsassistent\nMüdigkeitserkennung / Aufmerksamkeitsassistent\nGeschwindigkeitsbegrenzer\nTempomat\nBerganfahrassistent\nLichtsensor\nRegensensor\nUmgebungskamera\nEinparkhilfe vorne\nMultifunktionskamera\nPark-Paket mit 360 Grad Kamera\nSpurhalteassistent\nLicht:\nLaserlicht\nLED Scheinwerfer\nKurvenlicht\nLED Tagfahrlicht\nNebelscheinwerfer-/Funktion\nMedia & Infotainment:\nNavigation / Online Navigation\nTouchscreen-Display\nSoundsystem\nRadio\nAudiosystem MP3-fähig\nDAB Tuner\niPod®/iPhone®/Android Schnittstelle\nUSB-Schnittstelle/Anschluss\nBluetooth Schnittstelle\nFreisprecheinrichtung\nSprachsteuerung-/Bedienung\nApple Car Play / Vorbereitung\nInduktionsladeschale für Smartphone / Wireless Charging\nMusikstreaming integriert\nSicherheit & Technik:\nSportfahrwerk\nelektronisches Stabilitäts Programm (ESP)\nBeifahrerairbag\nFahrerairbag\nSeitenairbags vorn\nAlarmanlage\nAntiblockiersystem (ABS)\nAntriebsschlupfregelung (ASR)\nWegfahrsperre\nKomfort & Klima:\nKeyless Entry\nelektrische Sitzverstellung für Fahrer\nTelematik/Notrufsystem (Vorbereitung)\nBordcomputer\nInnenspiegel automatisch abblendend\nHead-Up Display\nLordose / Lendenwirbelstütze\nelektr. Spiegel\nelektrische Fensterheber\nISOFIX Kindersitzbefestigung\nKlimaautomatik\nZentralverriegelung\n(3-Zonen Klimaautomatik)\n4xSitzheizung\nATA / Aussentemperaturanzeige\nautomatische Türverriegelung nach dem Anfahren und Entriegelung im Falle eines Unfalls\nBegrüßungslicht über Funkfernbedienung\nCenter Lock Schalter\nMittelarmlehne\nServolenkung\nSportsitz(e)\nReifen & Felgen:\nAlufelgen\nSommerreifen\nInterieur & Design:\nLenkradheizung\nLederlenkrad\nSchaltwippen am Lenkrad\nMultifunktionslenkrad\nAmbientes Licht\nBedienelemente am Lenkrad\nGepäck- / Ladehilfen:\nautomatische Heckklappe-/Deckel\nSkisack\nGepäckraumteiler-Paket\nUmwelt & Laden:\nE10 geeignet\nEURO 6d\nKatalysator\nStart/Stopp Automatic\nUmweltplakette 4\nGetriebe:\nAutomatik\nWeitere Informationen:\nNichtraucherfahrzeug\nScheckheft\nunfallfrei\nZweitbesitz\nZwischenverkauf und Irrtümer vorbehalten. Die Fahrzeugbeschreibung dient ausschließlich der allgemeinen Identifikation des Fahrzeugs und stellt keine rechtsverbindliche Gewährleistung dar. Verbindlich sind nur die Vereinbarungen im Kaufvertrag und der Auftragsbestätigung. Bitte beachten Sie, dass bestimmte Sonderausstattungen zusätzliche Kosten verursachen können. Detaillierte Informationen zum Ausstattungsumfang erhalten Sie von unserem Verkaufspersonal.\n\n\nDu willst uns persönlich kennenlernen?\nAuf Instagram & YouTube nimmt dich unser Team mit in den Autohaus-Alltag. Schau rein - @asg.remscheid\nAlle Infos & Fahrzeuge: asg-rs.de\nBei Fragen: Einfach melden - wir sind für dich da.\nWhatsapp und Telefon: +49219179159250\n\nWir sprechen Deutsch, Englisch, Türkisch, Polnisch, Albanisch, Arabisch, Französisch, Serbisch und Spanisch - damit du dich bei uns von Anfang an verstanden fühlst.",
  "dealerDetails": {
    "id": 454942,
    "name": "ASG Remscheid Autohaus- seit über 30 Jahren...",
    "sellerType": "Dealer",
    "phones": [
      "+49 (0)2191 374650323"
    ],
    "languages": [
      "Deutsch",
      "العربية",
      "Norsk",
      "Pусский",
      "English",
      "Italiano",
      "Français",
      "Polski",
      "Español",
      "Türkçe"
    ],
    "country": "DE",
    "address": "Vor dem Anger. 3, DE-42855 Remscheid/NRW",
    "location": {
      "latitude": 51.1807361,
      "longitude": 7.2253286
    },
    "activeSince": "2004-12-28T00:00:00.000Z",
    "homepageUrl": "https://home.mobile.de/home/redirect.html?customerId=454942",
    "iconUrl": "https://img.classistatic.de/api/v1/mo-prod/images/7a/7ac7cc21-a173-412c-a77d-974eaf97e8f9?rule=mo-640.jpg",
    "reviewPageUrl": "https://www.mobile.de/bewertungen/AUTOSHOP-REMSCHEID?lang=en",
    "score": {
      "total": 4.8,
      "responseTime": 4.7,
      "friendliness": 4.9,
      "advice": 4.7
    },
    "activeRatingCount": 193,
    "vehicleAsDescribedPercentage": 98,
    "recommendPercentage": 97,
    "soldVehicleCount": null,
    "reviews": []
  },
  "attributes": {
    "Vehicle condition": "Used vehicle, Accident-free",
    "Category": "Saloon",
    "Trim line": "M3 Competition xD *2.H *20 *Carbon*H&K*Compund",
    "Vehicle Number": "15113",
    "Availability": "Now",
    "Origin": "German edition",
    "Mileage": "47,500 km",
    "Cubic Capacity": "2,993 ccm",
    "Power": "375 kW (510 hp)",
    "Drive type": "Internal combustion engine",
    "Fuel": "Petrol, E10-enabled",
    "Number of Seats": "5",
    "Door Count": "4/5",
    "Transmission": "Automatic",
    "Emission Class": "Euro6d",
    "Emissions Sticker": "4 (Green)",
    "First Registration": "05/2022",
    "Number of Vehicle Owners": "2",
    "HU": "05/2027",
    "Climatisation": "Automatic climatisation, 3 zones",
    "Parking sensors": "Rear, 360° camera, Front",
    "Airbags": "Front and Side Airbags",
    "Colour (Manufacturer)": "rot",
    "Colour": "Red Metallic",
    "Interior Design": "Full leather, Black"
  },
  "features": [
    "ABS",
    "Adaptive Cruise Control",
    "Adaptive lighting",
    "Alarm system",
    "Alloy wheels",
    "Ambient lighting",
    "Apple CarPlay",
    "Arm rest",
    "Autom. dimming interior mirror",
    "Bluetooth",
    "Central locking",
    "DAB radio",
    "Distance warning system",
    "Electric seat adjustment",
    "Electric side mirror",
    "Electric tailgate",
    "Electric windows",
    "Emergency brake assist",
    "Emergency call system",
    "ESP",
    "Fatigue warning system",
    "Fog lamp",
    "Four-wheel drive",
    "Full Service History",
    "Hands-free kit",
    "Head-up display",
    "Heated rear seats",
    "Heated seats",
    "Heated steering wheel",
    "High beam assist",
    "Hill-start assist",
    "Immobilizer",
    "Induction charging for smartphones",
    "Integrated music streaming",
    "Isofix",
    "Keyless central locking",
    "Lane change assist",
    "Laser headlights",
    "Leather steering wheel",
    "LED running lights",
    "Light sensor",
    "Lumbar support",
    "Multifunction steering wheel",
    "Navigation system",
    "Non-smoker vehicle",
    "On-board computer",
    "Paddle shifters",
    "Power Steering",
    "Rain sensor",
    "Ski bag",
    "Sound system",
    "Speed limit control system",
    "Sport seats",
    "Sports package",
    "Sports suspension",
    "Start-stop system",
    "Summer tyres",
    "Touchscreen",
    "Traction control",
    "Traffic sign recognition",
    "Tuner/radio",
    "USB port",
    "Voice control",
    "Warranty"
  ]
},
{
  "title": "BMW M3 xD Competition *Schale*Carbon*Innovation*H&K*",
  "previewImage": "https://img.classistatic.de/api/v1/mo-prod/images/33/3345e33f-36e1-4629-b65e-de8f5ec50d30?rule=mo-1600.jpg",
  "category": "Limousine",
  "brand": "BMW",
  "model": "M3",
  "url": "https://suchen.mobile.de/fahrzeuge/details.html?id=433571393",
  "price.total.amount": 78990,
  "priceRating": {
    "rating": "Increased price",
    "priceRanges": {
      "Very good price": {
        "start": 49701,
        "end": 64600
      },
      "Good price": {
        "start": 64601,
        "end": 69600
      },
      "Fair price": {
        "start": 69601,
        "end": 77400
      },
      "Increased price": {
        "start": 77401,
        "end": 83100
      },
      "High price": {
        "start": 83101,
        "end": 92300
      }
    }
  },
  "description": "BMW M3 Competition mit Carbon Schalensitzen, Harman-Kardon Soundsystem und vielen weitern Extra's.\nDeutsches Fahrzeug\n2. Hand\nUnfallfrei\nNichtraucher-Fahrzeug\nService-Historie vollständig bei BMW nachvollziehbar. \nWartungshistorie:\nWartung: 2053 Km (Einfahrkontrolle)\nWartung: 26939 Km\nWartung: 49889 Km\nWartung: 73366 Km\nKontaktieren Sie uns auch gerne über Whats App unter der +49 178 / 9751269\nSonderausstattung:\nBMW Individual-Sonderlackierung Urban Green\nBremsanlage: Compound - M Bremssystem (Bremssättel Rot)\nHeckklappenbetätigung automatisch\nInnenausstattung: Interieurleisten Carbon\nInnovations-Paket\nLenkrad heizbar\nM Schalensitze Carbon\nParkassistent-Paket Plus\nSicherheitsgurte M\nSicherheitssystem Active Protection\nSonnenschutzverglasung (hinten abgedunkelt)\nSound-System Harman-Kardon\n\nSerien-Ausstattung:\nAblage-Paket\nAdaptives Fahrwerk M-Technic\nAirbag Beifahrerseite abschaltbar\nAirbag Fahrer-/Beifahrerseite\nAktives M Differential\nAlarmanlage\nAmbiente-Beleuchtung\nAnti-Blockier-System (ABS)\nAntriebsart: Allradantrieb\nAntriebsart: xDrive (Allrad)\nAusstattungs-Paket: Connected Professional\nAußenausstattung: Shadow-Line Hochglanz\nAußenausstattung: Shadow-Line Hochglanz (erweiterter Umfang)\nAußenspiegel elektr. verstell- und heizbar\nBedienelemente galvanisiert\nBlinkleuchte in Außenspiegel integriert\nBMW Live Cockpit Professional\nBordcomputer\nCompetition\nDAB-Tuner (Radioempfang digital)\nDachhimmel Anthrazit (BMW Individual)\nDiebstahl-Warnanlage\nDiebstahlsicherung für Räder (Felgenschlösser)\nDurchladeeinrichtung (Mittelarmlehne hinten)\nDynamische Stabilitäts-Control (DSC) mit erweiterter Umfang\nErste Hilfe-Kasten / Verbandkasten\nFahrassistenz-System: Active Guard (Bremsassistent)\nFahrassistenz-System: Aufmerksamkeits-Assistent\nFensterheber elektrisch\nFreisprecheinrichtung Bluetooth mit USB-/Audio-Schnittstelle\nFußmatten Velours\nGepäckraumbeleuchtung\nGeschwindigkeits-Begrenzeranlage (Speed Limit Device)\nGeschwindigkeits-Regelanlage mit Bremsfunktion\nGetriebe Automatik - mit Steptronic und Drivelogic (8-Stufen)\nGetränkehalter\nHeckleuchten LED\nInduktionsladeschale für Smartphone (Wireless Charging)\nInnenspiegel mit Abblendautomatik\nInstrumentenkombination (erweiterter Umfang)\nIsofix-Aufnahmen für Kindersitz an Rücksitz\nKarosserie: 4-türig\nKennzeichenbeleuchtung LED\nKlimaautomatik 3-Zonen mit autom. Umluft-Control\nKnieairbag Fahrerseite\nKopf-Airbag-System hinten\nKopf-Airbag-System vorn\nKopfstützen hinten klappbar\nLeichtbaudach (kohlefaserverstärkter Kunststoff, CFK)\nLenkrad (Leder) mit Multifunktion M-Technic\nLenksäule (Lenkrad) elektr. verstellbar\nLenksäule (Lenkrad) mechan. verstellbar\nLeuchtweitenregelung\nLM-Felgen vorn/hinten: 9,5x19 / 10,5x20 (Doppelspeiche 826 M, Schwarz)\nM Drive (Fahrprofilauswahl)\nM Drive Professional (Fahrprofilauswahl)\nMotor 3,0 Ltr. - 375 kW 24V TwinTurbo KAT (S58)\nMultifunktion für Lenkrad\nNebelschlussleuchte(n)\nOtto-Partikelfilter (OPF)\nPark-Distance-Control (PDC) vorn und hinten\nParkbremse elektrisch\nReifendruck-Kontrollsystem\nReifenpannen-Anzeige\nSchadstoffarm nach Abgasnorm Euro 6d\nSchaltpunktanzeige\nScheibenwischer mit Regensensor\nScheinwerfer LED\nSeitenairbag vorn\nService-System: Intelligenter Notruf inkl. TeleServices\nSitzbezug / Polsterung: Leder Merino (erweiterter Umfang)\nSitze vorn elektr. verstellbar (mit Memory)\nSitzheizung vorn\nSpiegel-Paket\nSportdifferential\nStart-Stop-Knopf\nStart/Stop-Anlage (Funktion)\nSteckdose (12V-Anschluß) in Mittelkonsole vorn\nWarndreieck\nWegfahrsperre\nWärme-/Sonnenschutzverglasung\nWärme-/Sonnenschutzverglasung kombiniert (hinten abgedunkelt)\nZentralverriegelung mit Fernbedienung\n\nHistorie: Deutsche Auslieferung. Erstzulassung 04.2022. Nichtraucherfahrzeug. Alle Angaben ohne Gewähr.\n- Finanzierung bis zu 96 Monaten und TOP-Konditionen möglich. Direkte Zusage sowie Altkreditablösung.\n\n- Inzahlungnahme Ihres Fahrzeuges \n\n- Falls Sie mit dem Zug oder Flugzeug anreisen, bieten wir Ihnen einen kostenfreien Abholservice am Bahnhof\noder Flughafen an.\n\n- Freuen Sie sich auf die Besichtigung unserer gepflegten Fahrzeuge in unserem 500m² großem\nShow-Room.\n- Gernen erstellen wir Ihnen ein individuelles Garantiepaket zusammen mit der GSG\n\nFür weitere Fragen steht Ihnen gerne das gesamte Team vom Autohaus Hauck & Partner zur Verfügung.\nWeitere Angebote finden Sie auf unserer Homepage: autohaus-hauck.de\n\nTrotz großer Bemühungen und Sorgfalt sind Inseratsfehler nicht auszuschließen, es wird keine Haftung übernommen!",
  "dealerDetails": {
    "id": 26084995,
    "name": "Hauck & Partner Automobile GmbH",
    "sellerType": "Dealer",
    "phones": [
      "+49 (0)2174 702502977"
    ],
    "messengers": {
      "WHATS_APP": "+49 (0)178 9751269"
    },
    "languages": [
      "Deutsch",
      "English"
    ],
    "country": "DE",
    "address": "Industriestraße 103, DE-51399 Burscheid",
    "location": {
      "latitude": 51.0872244,
      "longitude": 7.0833213
    },
    "activeSince": "2021-04-07T00:00:00.000Z",
    "homepageUrl": "https://home.mobile.de/home/redirect.html?customerId=26084995",
    "iconUrl": "https://img.classistatic.de/api/v1/mo-prod/images/78/78be422a-56fe-484f-a9c8-4604d3938e32?rule=mo-640.jpg",
    "reviewPageUrl": "https://www.mobile.de/bewertungen/HauckPartnerAutomobileGmbH?lang=en",
    "score": {
      "total": 5,
      "responseTime": 5,
      "friendliness": 5,
      "advice": 5
    },
    "activeRatingCount": 63,
    "vehicleAsDescribedPercentage": 100,
    "recommendPercentage": 100,
    "soldVehicleCount": null,
    "reviews": []
  },
  "attributes": {
    "Vehicle condition": "Used vehicle, Accident-free",
    "Category": "Saloon",
    "Model range": "Baureihe M3 Lim. (G80)(2020->)",
    "Trim line": "xDrive Competition",
    "Vehicle Number": "10716",
    "Availability": "Now",
    "Origin": "German edition",
    "Mileage": "74,820 km",
    "Cubic Capacity": "2,993 ccm",
    "Power": "375 kW (510 hp)",
    "Drive type": "Internal combustion engine",
    "Fuel": "Petrol",
    "CO₂ class": "Based on CO₂ emissions (combined)",
    "Fuel consumption": [
      "9.8 l/100km (combined)"
    ],
    "Energy costs for 15,000 km annual mileage": "€2,822/Year",
    "Fuel price": "€1.92/l (annual average 2024)",
    "Possible CO₂ costs over the next 10 years (15,000 km/year)": [
      "€3,847 (assuming an average CO₂ price of €115/t)",
      "€1,672 (assuming a low average CO₂ price of €50/t)",
      "€6,356 (assuming a high average CO₂ price of €190/t)"
    ],
    "Number of Seats": "5",
    "Door Count": "4/5",
    "Transmission": "Automatic",
    "Emission Class": "Euro6d",
    "Emissions Sticker": "4 (Green)",
    "First Registration": "04/2022",
    "Number of Vehicle Owners": "2",
    "HU": "05/2027",
    "Climatisation": "Automatic climatisation, 3 zones",
    "Parking sensors": "Front, 360° camera, Rear",
    "Airbags": "Front and Side and More Airbags",
    "Colour (Manufacturer)": "Urban Green",
    "Colour": "Green",
    "Interior Design": "Full leather, Black",
    "Weight": "1,805 kg",
    "Cylinders": "6",
    "Energy consumption (comb.)": "9.8 l/100km",
    "CO₂ emissions (comb.)": "223 g/km"
  },
  "features": [
    "ABS",
    "Adaptive cornering lights",
    "Alarm system",
    "Alloy wheels",
    "Ambient lighting",
    "Android Auto",
    "Apple CarPlay",
    "Arm rest",
    "Autom. dimming interior mirror",
    "Blind spot assist",
    "Bluetooth",
    "Cargo barrier",
    "Central locking",
    "Cruise control",
    "DAB radio",
    "Digital cockpit",
    "Distance warning system",
    "Dynamic chassis control",
    "Electric seat adjustment",
    "Electric side mirror",
    "Electric tailgate",
    "Electric windows",
    "Eletric seat adjustment with memory function",
    "Emergency brake assist",
    "Emergency call system",
    "Emergency tyre repair kit",
    "ESP",
    "Fatigue warning system",
    "Folding exterior mirrors",
    "Four-wheel drive",
    "Full Service History",
    "Glare-free high beam headlights",
    "Hands-free kit",
    "Head-up display",
    "Heated seats",
    "Heated steering wheel",
    "High beam assist",
    "Hill-start assist",
    "Immobilizer",
    "Induction charging for smartphones",
    "Integrated music streaming",
    "Isofix",
    "Keyless central locking",
    "Laser headlights",
    "Leather steering wheel",
    "LED running lights",
    "Light sensor",
    "Lumbar support",
    "Multifunction steering wheel",
    "Navigation system",
    "Non-smoker vehicle",
    "On-board computer",
    "Paddle shifters",
    "Particulate filter",
    "Power Steering",
    "Rain sensor",
    "Ski bag",
    "Sound system",
    "Speed limit control system",
    "Sport seats",
    "Sports package",
    "Sports suspension",
    "Start-stop system",
    "Summer tyres",
    "Touchscreen",
    "Traction control",
    "Traffic sign recognition",
    "Tuner/radio",
    "Tyre pressure monitoring",
    "USB port",
    "Voice control",
    "Warranty",
    "WLAN / Wi-Fi hotspot"
  ]
},
{
  "title": "BMW M3 Lim. Competition*SCHALENSITZE*CARBONDACH*360°",
  "previewImage": "https://img.classistatic.de/api/v1/mo-prod/images/b6/b6ee8699-2ae4-4a24-b1a6-d13b20de4410?rule=mo-1600.jpg",
  "category": "Limousine",
  "brand": "BMW",
  "model": "M3",
  "url": "https://suchen.mobile.de/fahrzeuge/details.html?id=429595710",
  "price.total.amount": 78999,
  "priceRating": {
    "rating": "Fair price",
    "priceRanges": {
      "Very good price": {
        "start": 52301,
        "end": 68000
      },
      "Good price": {
        "start": 68001,
        "end": 73200
      },
      "Fair price": {
        "start": 73201,
        "end": 81400
      },
      "Increased price": {
        "start": 81401,
        "end": 87400
      },
      "High price": {
        "start": 87401,
        "end": 97100
      }
    }
  },
  "description": "Sie erreichen uns aus per Whattsapp: +491622457674\nFestnetz: +4921929359818\n\nBesonderheiten:\nDeutsches Fahrzeug.\nUnfallfrei.\nKeine Nachlackierungen.\nVoll scheckheftgepflegt nur bei BMW.\nCarbon Schalensitze.\nCarbondach.\n360° Kamera.\nHead-Up Display.\nSound-System Harman-Kardon\n\n\nService Historie:\n1. Service bei 2.043 Km\n2. Service bei 19.277 Km\n3. Service bei 27.239 Km\n\nSonderausstattung:\nBremsanlage: Compound - M Bremssystem (Bremssättel Rot),\nInnovations-Paket, LM-Felgen vorn/hinten: 9,5x19 / 10,5x20 (Doppelspeiche 826 M, Schwarz),\nM Schalensitze Carbon,\nMetallic-Lackierung,\nParkassistent-Paket Plus,\nScheinwerfer BMW Individual Shadow-Line,\nSicherheitsgurte M,\nSonnenschutzverglasung (hinten abgedunkelt),\nSound-System Harman-Kardon\n\nWeitere Ausstattung:\nAblage-Paket, Adaptives Fahrwerk M-Technic, Airbag Beifahrerseite abschaltbar, Airbag Fahrer-/Beifahrerseite, Aktives M Differential, Ambiente-Beleuchtung, Ausstattungs-Paket: Connected Professional, Außenausstattung: Shadow-Line Hochglanz, Außenausstattung: Shadow-Line Hochglanz (erweiterter Umfang), Außenspiegel elektr. verstell- und heizbar, Bedienelemente galvanisiert, Blinkleuchte in Außenspiegel integriert, BMW Live Cockpit Professional, Bordcomputer, Competition, DAB-Tuner (Radioempfang digital), Dachhimmel Anthrazit (BMW Individual), Diebstahlsicherung für Räder (Felgenschlösser), Durchladeeinrichtung (Mittelarmlehne hinten), Dynamische Stabilitäts-Control (DSC) mit erweiterter Umfang, Erste Hilfe-Kasten / Verbandkasten, Fahrassistenz-System: Active Guard (Bremsassistent), Fahrassistenz-System: Aufmerksamkeits-Assistent, Freisprecheinrichtung Bluetooth mit USB-/Audio-Schnittstelle, Fußmatten Velours, Gepäckraumbeleuchtung, Getriebe Automatik - mit Steptronic und Drivelogic (8-Stufen), Getränkehalter, Heckleuchten LED, Innenausstattung: Interieurleisten, schwarz hochglänzend, Innenspiegel mit Abblendautomatik, Instrumentenkombination (erweiterter Umfang), Isofix-Aufnahmen für Kindersitz an Rücksitz, Karosserie: 4-türig, Kennzeichenbeleuchtung LED, Klimaautomatik 3-Zonen mit autom. Umluft-Control, Knieairbag Fahrerseite, Kopf-Airbag-System hinten, Kopf-Airbag-System vorn, Kopfstützen hinten klappbar, Leichtbaudach (kohlefaserverstärkter Kunststoff, CFK), Lenksäule (Lenkrad) elektr. verstellbar, Lenksäule (Lenkrad) mechan. verstellbar, Leuchtweitenregelung, M Drive (Fahrprofilauswahl), M Drive Professional (Fahrprofilauswahl), Motor 3,0 Ltr. - 375 kW 24V TwinTurbo KAT (S58), Multifunktion für Lenkrad, Nebelschlussleuchte(n), Otto-Partikelfilter (OPF), Park-Distance-Control (PDC) vorn und hinten, Parkbremse elektrisch, Reifendruck-Kontrollsystem, Reifenpannen-Anzeige, Schadstoffarm nach Abgasnorm Euro 6d, Schaltpunktanzeige, Scheinwerfer LED, Seitenairbag vorn, Service-System: Intelligenter Notruf inkl. TeleServices, Sitzbezug / Polsterung: Leder Merino (erweiterter Umfang), Sitze vorn elektr. verstellbar (mit Memory), Sitzheizung vorn, Spiegel-Paket, Sportdifferential, Start-Stop-Knopf, Start/Stop-Anlage (Funktion), Steckdose (12V-Anschluß) in Mittelkonsole vorn, Warndreieck, Wärme-/Sonnenschutzverglasung, Wärme-/Sonnenschutzverglasung kombiniert (hinten abgedunkelt)\n\nFür weitere Fragen stehen wir Ihnen gerne zur Verfügung:\n\nVerkaufsberatung:\nTel.: 02192/9359818\nMobil.: 0162/2457674 (Whatsapp)\n\nUnser Service für sie:\nFinanzierung bis zu 120 Monaten möglich (auch ohne Anzahlung möglich)\nProbefahrt und Besichtigung nach Terminabsprache möglich\nInzahlungnahme ihres Gebrauchten PKW's zu fairen Preisen\nAbholservice vom Flughafen & Bahnhof auf Anfrage\nGebrauchtwagengarantie bis zu 36 Monaten möglich\n5 Tages Kurzkennzeichen organisierbar\n\n\nDer Verkäufer haftet nicht für Irrtümer, Eingabefehler und Datenübermittlungsfehler, im Internet gemachte Angaben sind unverbindliche Beschreibungen und stellen keine zugesicherten Eigenschaften dar. Änderungen und Zwischenverkauf vorbehalten",
  "dealerDetails": {
    "id": 15634757,
    "name": "Autowerk Wuppertal GmbH",
    "sellerType": "Dealer",
    "phones": [
      "+49 (0)202 9479591268"
    ],
    "messengers": {
      "WHATS_APP": "+49 (0)162 2457674"
    },
    "languages": [
      "Deutsch",
      "English",
      "Italiano",
      "Türkçe"
    ],
    "country": "DE",
    "address": "Robert-Koch-Straße 8, DE-42499 Hückeswagen",
    "location": {
      "latitude": 51.1368723,
      "longitude": 7.2916948
    },
    "activeSince": "2016-11-25T00:00:00.000Z",
    "homepageUrl": "https://home.mobile.de/home/redirect.html?customerId=15634757",
    "iconUrl": null,
    "reviewPageUrl": "https://www.mobile.de/bewertungen/AUTOWERKREMSCHEID?lang=en",
    "score": {
      "total": 4.3,
      "responseTime": 5,
      "friendliness": 4.1,
      "advice": 3.9
    },
    "activeRatingCount": 7,
    "vehicleAsDescribedPercentage": 100,
    "recommendPercentage": 71,
    "soldVehicleCount": null,
    "reviews": []
  },
  "attributes": {
    "Vehicle condition": "Used vehicle, Accident-free",
    "Category": "Saloon",
    "Model range": "Baureihe M3 Lim. (G80)(2020->)",
    "Trim line": "Competition",
    "Vehicle Number": "011",
    "Origin": "German edition",
    "Mileage": "29,739 km",
    "Cubic Capacity": "2,993 ccm",
    "Power": "375 kW (510 hp)",
    "Drive type": "Internal combustion engine",
    "Fuel": "Petrol",
    "Fuel consumption": [
      "10.2 l/100km (combined)"
    ],
    "Number of Seats": "5",
    "Door Count": "4/5",
    "Transmission": "Automatic",
    "Emission Class": "Euro6",
    "Emissions Sticker": "4 (Green)",
    "First Registration": "07/2021",
    "HU": "04/2026",
    "Climatisation": "Automatic climatisation, 2 zones",
    "Parking sensors": "Front, Rear, 360° camera",
    "Airbags": "Front and Side and More Airbags",
    "Colour": "Black Metallic",
    "Interior Design": "Full leather, Black",
    "Weight": "1,805 kg",
    "Date of last service (date)": "01/2025",
    "Last service (mileage)": "27,239 km",
    "Cylinders": "6",
    "Tank capacity": "59 l",
    "Energy consumption (comb.)": "10.2 l/100km",
    "CO₂ emissions (comb.)": "234 g/km"
  },
  "features": [
    "ABS",
    "Adaptive cornering lights",
    "Alarm system",
    "Alloy wheels",
    "Ambient lighting",
    "Apple CarPlay",
    "Arm rest",
    "Autom. dimming interior mirror",
    "Bluetooth",
    "Central locking",
    "Cruise control",
    "DAB radio",
    "Digital cockpit",
    "Electric seat adjustment",
    "Electric side mirror",
    "Electric tailgate",
    "Electric windows",
    "Eletric seat adjustment with memory function",
    "Emergency tyre repair kit",
    "ESP",
    "Full Service History",
    "Hands-free kit",
    "Head-up display",
    "Heated seats",
    "Heated windshield",
    "High beam assist",
    "Hill-start assist",
    "Immobilizer",
    "Isofix",
    "Keyless central locking",
    "Leather steering wheel",
    "LED headlights",
    "LED running lights",
    "Multifunction steering wheel",
    "Navigation system",
    "Non-smoker vehicle",
    "On-board computer",
    "Paddle shifters",
    "Power Steering",
    "Rain sensor",
    "Rear wheel drive",
    "Sound system",
    "Sport seats",
    "Sports suspension",
    "Start-stop system",
    "Summer tyres",
    "Tinted windows",
    "Tuner/radio",
    "USB port",
    "Voice control"
  ]
},
{
  "title": "BMW M3 Individual Mattlackierung Schalter Neuwagen z",
  "previewImage": "https://img.classistatic.de/api/v1/mo-prod/images/dc/dce1409e-c0ea-4173-a8a1-134f2d6bc86f?rule=mo-1600.jpg",
  "category": "Limousine",
  "brand": "BMW",
  "model": "M3",
  "url": "https://suchen.mobile.de/fahrzeuge/details.html?id=424120570",
  "price.total.amount": 79980,
  "priceRating": {
    "rating": "Good price",
    "priceRanges": {
      "Very good price": {
        "start": 58301,
        "end": 75800
      },
      "Good price": {
        "start": 75801,
        "end": 81600
      },
      "Fair price": {
        "start": 81601,
        "end": 90800
      },
      "Increased price": {
        "start": 90801,
        "end": 97500
      },
      "High price": {
        "start": 97501,
        "end": 108300
      }
    }
  },
  "description": "Wichtig! Bitte den Text ordentlich durchlesen! Bei Fragen gerne anrufen oder eine Nachricht via WhatsApp schicken. Wir beantworten gerne alle ihre Fragen.\n\nWir Schmidt Autozentrum bieten Ihnen hier die Möglichkeit, günstig einen wunderschönen BMW M3 mit sehr guter Ausstattung und geringer Km-Laufleistung zu erwerben. Natürlich ohne Risiko, mit voller Gewährleistung und Garantie! Wir verkaufen unsere Fahrzeuge NICHT im Kundenauftrag um die Gewährleistung zu umgehen! Wir bieten Ihnen einen kompletten Service aus einer Hand an. Angefangen von der Besichtigung, Probefahrt, Finanzierung, Zulassung bis hin zur Auslieferung. Sie bekommen 5 Jahre Garantie auf Karosserie und Lackierarbeiten, die von uns ausgeführt worden sind und natürlich eine volle Historie von unseren Reparaturarbeiten bis hin zum Wertgutachten oder Reparaturbestätigung eines unabhängigen Kfz-Sachverständigen. Es handelt sich hierbei um ein US-Modell, welcher von uns importiert & repariert wurde. Googeln Sie uns gerne und erfahren Sie mehr über uns. Wir sind seit 2007 erfolgreich auf dem Markt und mit 5.0 Sternen von unseren Kunden bewertet!\n\nhttps://www.google.com/search?client=firefox-b-d&q=schmidt+autozentrum\n\nZudem sind wir auch gerne nach einem Kauf für Sie mit einem umfangreichen Service da, zum Beispiel im Bereich eines Schadenfalls. Angefangen vom Gutachten bis hin zum Leihwagen alles rundum im Bereich des Unfallwesens.\n\nWir sind ein namhafter Karosserie - und Lackierfachbetrieb mit hoher Auftragslage, deshalb ist es uns leider nicht immer möglich, in kürzester Zeit auf E-Mails zu antworten. Wenn Sie schneller Informationen über das Fahrzeug erfahren möchten, kontaktieren Sie uns gerne telefonisch oder via WhatsApp unter 0163 8280072. Der zuständige Mitarbeiter beantwortet gerne alle ihre Fragen. Wir bitten um Verständnis.\n\nBesichtigungen und Probearbeiten nur nach Termin Vereinbarung möglich.\n\nBitte keine Tauschgeschäfte oder unrealistische Angebote anbieten. Inzahlungnahme sowie Finanzierung ab 2,99 % möglich.",
  "dealerDetails": {
    "id": 38316355,
    "name": "Schmidt Autozentrum",
    "sellerType": "Dealer",
    "phones": [
      "+49 (0)2451 611003550"
    ],
    "messengers": {
      "WHATS_APP": "+49 (0)163 8280072"
    },
    "languages": [
      "Deutsch"
    ],
    "country": "DE",
    "address": "August-Thyssen-Str. 13, DE-52511 Geilenkirchen",
    "location": {
      "latitude": 50.9836282,
      "longitude": 6.1094497
    },
    "activeSince": "2025-02-10T00:00:00.000Z",
    "homepageUrl": "https://home.mobile.de/home/redirect.html?customerId=38316355",
    "iconUrl": null,
    "reviewPageUrl": null,
    "score": null,
    "activeRatingCount": null,
    "vehicleAsDescribedPercentage": null,
    "recommendPercentage": null,
    "soldVehicleCount": null,
    "reviews": []
  },
  "attributes": {
    "Vehicle condition": "Used vehicle",
    "Category": "Saloon",
    "Model range": "G80",
    "Trim line": "M3 Individual Matt Schalter 4Tkm Wie NEU!!",
    "Availability": "Now",
    "Mileage": "4,500 km",
    "Cubic Capacity": "2,993 ccm",
    "Power": "353 kW (480 hp)",
    "Drive type": "Internal combustion engine",
    "Fuel": "Petrol",
    "Fuel consumption": [
      "10.0 l/100km (combined)"
    ],
    "Number of Seats": "5",
    "Door Count": "4/5",
    "Transmission": "Manual gearbox",
    "Emission Class": "Euro6",
    "Emissions Sticker": "4 (Green)",
    "First Registration": "07/2021",
    "Number of Vehicle Owners": "1",
    "HU": "New",
    "Climatisation": "Automatic climatisation, 3 zones",
    "Parking sensors": "Rear, 360° camera, Front",
    "Airbags": "Front and Side and More Airbags",
    "Colour": "Orange Metallic Matte",
    "Interior Design": "Full leather, Other",
    "Energy consumption (comb.)": "10.0 l/100km",
    "CO₂ emissions (comb.)": "227 g/km"
  },
  "features": [
    "ABS",
    "Adaptive cornering lights",
    "Alarm system",
    "Alloy wheels",
    "Ambient lighting",
    "Android Auto",
    "Apple CarPlay",
    "Arm rest",
    "Autom. dimming interior mirror",
    "Blind spot assist",
    "Bluetooth",
    "Central locking",
    "Cruise control",
    "DAB radio",
    "Digital cockpit",
    "Distance warning system",
    "Dynamic chassis control",
    "Electric seat adjustment",
    "Electric side mirror",
    "Electric tailgate",
    "Electric windows",
    "Eletric seat adjustment with memory function",
    "Emergency brake assist",
    "Emergency call system",
    "ESP",
    "Fatigue warning system",
    "Fog lamp",
    "Folding exterior mirrors",
    "Full Service History",
    "Hands-free kit",
    "Head-up display",
    "Heated rear seats",
    "Heated seats",
    "Heated steering wheel",
    "Heated windshield",
    "High beam assist",
    "Hill-start assist",
    "Immobilizer",
    "Induction charging for smartphones",
    "Integrated music streaming",
    "Isofix",
    "Keyless central locking",
    "Lane change assist",
    "Leather steering wheel",
    "LED headlights",
    "LED running lights",
    "Light sensor",
    "Lumbar support",
    "Multifunction steering wheel",
    "Navigation preparation",
    "Navigation system",
    "Non-smoker vehicle",
    "On-board computer",
    "Power Steering",
    "Rain sensor",
    "Rear wheel drive",
    "Sound system",
    "Speed limit control system",
    "Sport seats",
    "Sports package",
    "Sports suspension",
    "Start-stop system",
    "Summer tyres",
    "Sunroof",
    "Touchscreen",
    "Traction control",
    "Traffic sign recognition",
    "Tyre pressure monitoring",
    "USB port",
    "Voice control",
    "Warranty"
  ]
},
{
  "title": "BMW M3 Touring xDrive Competition / LASER / H&K",
  "previewImage": "https://img.classistatic.de/api/v1/mo-prod/images/7d/7d62c2f6-48e4-4bc8-bcbb-0692724abe6c?rule=mo-1600.jpg",
  "category": "EstateCar",
  "brand": "BMW",
  "model": "M3",
  "url": "https://suchen.mobile.de/fahrzeuge/details.html?id=397639902",
  "price.total.amount": 79900,
  "priceRating": {
    "rating": "Good price",
    "priceRanges": {
      "Very good price": {
        "start": 61001,
        "end": 79400
      },
      "Good price": {
        "start": 79401,
        "end": 85500
      },
      "Fair price": {
        "start": 85501,
        "end": 95000
      },
      "Increased price": {
        "start": 95001,
        "end": 102000
      },
      "High price": {
        "start": 102001,
        "end": 113400
      }
    }
  },
  "description": "Zum Verkauf steht ein BMW M3 Touring Competition xDrive\n\n- 1. Hand\n- Deutsches Fahrzeug\n\n\nAusstattung:\n\nBremsanlage: Compound - M Bremssystem (Bremssättel Schwarz), Fahrassistenz-System: Fernlichtassistent, Fzg. ohne Modell-Schriftzug, LM-Felgen, Scheinwerfer BMW Individual Shadow-Line, Scheinwerfer Laserlicht, Sonnenschutzverglasung (hinten abgedunkelt), Sound-System Harman-Kardon\n\nAblage-Paket, Adaptives Fahrwerk M-Technic, Airbag Beifahrerseite abschaltbar, Aktives M Differential, Alpinweiß-Lackierung (Uni), Ambiente-Beleuchtung, Ausstattungs-Paket: Connected Professional, Außenausstattung: Shadow-Line Hochglanz, Außenausstattung: Shadow-Line Hochglanz (erweiterter Umfang), Außenspiegel elektr. verstell- und heizbar, Bedienelemente galvanisiert, BMW Live Cockpit Plus, Bordcomputer, Competition, DAB-Tuner (Radioempfang digital), Dachhimmel Anthrazit (BMW Individual), Dachreling Hochglanz Shadow-Line, Diebstahlsicherung für Räder (Felgenschlösser), Durchladeeinrichtung (Mittelarmlehne hinten), Dynamische Stabilitäts-Control (DSC) mit erweiterter Umfang, Einstiegsleisten mit Einleger in Aluminium mit Schriftzug M, Erste Hilfe-Kasten / Verbandkasten, Fahrassistenz-System: Active Guard (Bremsassistent), Fahrassistenz-System: Aufmerksamkeits-Assistent, Freisprecheinrichtung Bluetooth mit USB-/Audio-Schnittstelle, Fußmatten Velours, Gepäckraumbeleuchtung, Getriebe Automatik - mit Steptronic und Drivelogic (8-Stufen), Getränkehalter, Heckklappenbetätigung automatisch, Heckleuchten LED, Induktionsladeschale für Smartphone (Wireless Charging), Innenausstattung: Interieurleisten, schwarz hochglänzend, Innenspiegel mit Abblendautomatik, Instrumentenkombination (erweiterter Umfang), Isofix-Aufnahmen für Kindersitz an Rücksitz, Karosserie: 5-türig, Kennzeichenbeleuchtung LED, Klimaautomatik 3-Zonen mit autom. Umluft-Control, Knieairbag Fahrerseite, Kopf-Airbag-System hinten, Kopf-Airbag-System vorn, Kopfstützen hinten klappbar, Lenksäule (Lenkrad) elektr. verstellbar, Leuchtweitenregelung, M Drive (Fahrprofilauswahl), M Drive Professional (Fahrprofilauswahl), Motor 3,0 Ltr. - 375 kW 24V TwinTurbo KAT (S58), Nebelschlussleuchte(n), Otto-Partikelfilter (OPF), Park-Distance-Control (PDC) vorn und hinten, Parkbremse elektrisch, Reifendruck-Kontrollsystem, Reifenpannen-Anzeige, Schadstoffarm nach Abgasnorm Euro 6d, Schaltpunktanzeige, Seitenairbag vorn, Service-System: ConnectedDrive Services, Service-System: Gesetzlicher Notruf, Service-System: Intelligenter Notruf inkl. TeleServices, Sitzbezug / Polsterung: Leder Merino (erweiterter Umfang), Sitze vorn elektr. verstellbar (mit Memory), Spiegel-Paket, Sportdifferential, Sportsitze vorn (M-Technic), Start-Stop-Knopf, Start/Stop-Anlage (Funktion), Steckdose (12V-Anschluß) in Mittelkonsole vorn, Warndreieck, Widescreen Display, Wärme-/Sonnenschutzverglasung, Wärme-/Sonnenschutzverglasung kombiniert (hinten abgedunkelt)\n\n\n.....................................................................................................\nTelefonzeiten & Öffnungszeiten:\nMontag - Freitag: 09:00 Uhr - 18:00 Uhr\nSamstag - 09:00 Uhr - 13:00 Uhr\n\nverkauf@oberland-automobile.de\n\nWir unterbreiten Ihnen ein persönliches Finanzierungs- oder Leasingangebot.\nIrrtum, Änderung & Zwischenverkauf vorbehalten",
  "dealerDetails": {
    "id": 15899080,
    "name": "Oberland Automobile",
    "sellerType": "Dealer",
    "phones": [
      "+49 (0)89 4132549124"
    ],
    "messengers": {
      "WHATS_APP": "+49 (0)176 45667991"
    },
    "languages": [
      "Deutsch",
      "English"
    ],
    "country": "DE",
    "address": "Südliche Münchner Str. 29, DE-82031 Grünwald",
    "location": {
      "latitude": 48.0473007,
      "longitude": 11.5300296
    },
    "activeSince": "2017-02-09T00:00:00.000Z",
    "homepageUrl": "https://home.mobile.de/home/redirect.html?customerId=15899080",
    "iconUrl": "https://img.classistatic.de/api/v1/mo-prod/images/67/6705f081-fd5b-4a8c-8af5-e4a737e850d2?rule=mo-640.jpg",
    "reviewPageUrl": "https://www.mobile.de/bewertungen/OBERLANDAUTOMOBILE?lang=en",
    "score": {
      "total": 4.6,
      "responseTime": 4.5,
      "friendliness": 4.7,
      "advice": 4.5
    },
    "activeRatingCount": 35,
    "vehicleAsDescribedPercentage": 96,
    "recommendPercentage": 87,
    "soldVehicleCount": null,
    "reviews": []
  },
  "attributes": {
    "Vehicle condition": "Used vehicle, Accident-free",
    "Category": "Estate car",
    "Availability": "Now",
    "Origin": "German edition",
    "Mileage": "9,520 km",
    "Cubic Capacity": "2,993 ccm",
    "Power": "375 kW (510 hp)",
    "Drive type": "Internal combustion engine",
    "Fuel": "Petrol",
    "CO₂ class": "Based on CO₂ emissions (combined)",
    "Number of Seats": "5",
    "Door Count": "4/5",
    "Transmission": "Automatic",
    "Emission Class": "Euro6d",
    "Emissions Sticker": "4 (Green)",
    "First Registration": "03/2024",
    "Number of Vehicle Owners": "1",
    "HU": "New",
    "Climatisation": "Automatic climatisation, 3 zones",
    "Parking sensors": "Front, Rear",
    "Airbags": "Front and Side and More Airbags",
    "Colour (Manufacturer)": "ALPINWEISS 3",
    "Colour": "White",
    "Interior Design": "Full leather, Black",
    "Cylinders": "6",
    "Energy consumption (comb.)": "-- l/100km",
    "CO₂ emissions (comb.)": "-- g/km"
  },
  "features": [
    "ABS",
    "Adaptive cornering lights",
    "Alarm system",
    "Alloy wheels",
    "Ambient lighting",
    "Android Auto",
    "Apple CarPlay",
    "Arm rest",
    "Autom. dimming interior mirror",
    "Bluetooth",
    "Cargo barrier",
    "Central locking",
    "Cruise control",
    "DAB radio",
    "Digital cockpit",
    "Distance warning system",
    "Electric seat adjustment",
    "Electric side mirror",
    "Electric tailgate",
    "Electric windows",
    "Emergency brake assist",
    "Emergency call system",
    "Emergency tyre repair kit",
    "ESP",
    "Fatigue warning system",
    "Four-wheel drive",
    "Full Service History",
    "Glare-free high beam headlights",
    "Hands-free kit",
    "Headlight washer system",
    "Heated rear seats",
    "Heated seats",
    "High beam assist",
    "Hill-start assist",
    "Immobilizer",
    "Induction charging for smartphones",
    "Integrated music streaming",
    "Isofix",
    "Lane change assist",
    "Laser headlights",
    "Leather steering wheel",
    "LED running lights",
    "Light sensor",
    "Lumbar support",
    "Multifunction steering wheel",
    "Navigation system",
    "Non-smoker vehicle",
    "On-board computer",
    "Paddle shifters",
    "Particulate filter",
    "Power Steering",
    "Rain sensor",
    "Roof rack",
    "Sound system",
    "Speed limit control system",
    "Sport seats",
    "Sports package",
    "Sports suspension",
    "Start-stop system",
    "Summer tyres",
    "Touchscreen",
    "Traction control",
    "Traffic sign recognition",
    "Tuner/radio",
    "Tyre pressure monitoring",
    "USB port",
    "Voice control",
    "Warranty",
    "WLAN / Wi-Fi hotspot"
  ]
},
{
  "title": "BMW M3 Competition 3.0 xDrive+Carbon+DriveAssistPack",
  "previewImage": "https://img.classistatic.de/api/v1/mo-prod/images/43/4374a8dd-c558-4b2f-a75c-38918fe94934?rule=mo-1600.jpg",
  "category": "Limousine",
  "brand": "BMW",
  "model": "M3",
  "url": "https://suchen.mobile.de/fahrzeuge/details.html?id=432469577",
  "price.total.amount": 79880,
  "priceRating": {
    "rating": "Fair price",
    "priceRanges": {
      "Very good price": {
        "start": 54401,
        "end": 70700
      },
      "Good price": {
        "start": 70701,
        "end": 76100
      },
      "Fair price": {
        "start": 76101,
        "end": 84700
      },
      "Increased price": {
        "start": 84701,
        "end": 90900
      },
      "High price": {
        "start": 90901,
        "end": 101000
      }
    }
  },
  "description": "Highlights:\nSicherheit:\n3. Bremsleuchte\nABS\nAbstandstempomat\nAdaptives Dämpfungssystem\nAlarmanlage\nAntriebsschlupfregelung (ASR)\nAußentemperaturanzeige\nDifferential-Sperre\nelektr. Stabilitätsprogramm (ESP)\nElektronische Dämpfer Control\nElektronisches Traktions-System\nFernlichtassistent\nGeschwindigkeitsbegrenzungsanlage\nKopfstützen im Fonds\nLED-Tagfahrlicht\nLichtautomatik\nMüdigkeitswarnsystem\nNotbremsassistent\nNotrufsystem\nPannenkit\nRegensensor\nReifendruckkontrolle\nRückfahrkamera\nServolenkung\nSommerreifen\nSpiegel automatisch abblendbar\nSpurhalteassistent\nSpurwechselassistent\nTagfahrlicht\nTotwinkel-Assistent\nTraktionskontrolle\nVerkehrszeichenerkennung\nWegfahrsperre\nBeifahrerairbag\nFahrerairbag\nKopfairbags im Fond\nKopfairbags vorne\nSeitenairbag\nWeitere Airbags\nBeleuchtung:\nAmbiente Licht\nBlendfreies Fernlicht\nLicht - Laser Licht\nKomfort:\nabgedunkelte Scheiben im Fond\nAbstandswarner\nAndroid Auto\nApple CarPlay\nAußenspiegel abklappbar\nAußenspiegel beheizbar\nAußenspiegel elektr.\nBordcomputer\nDurchlademoeglichkeit\nEinparkhilfe (PDC) mit Kamera\nEinparkhilfe (PDC) Sensoren hinten\nEinparkhilfe (PDC) Sensoren vorne\nElektr. Fensterheber\nElektr. Fensterheber vorne/hinten\nElektrische Sitze\nFahrersitz höhenverstellbar\nHead-Up-Display\nInnenraumfilter\nkeyless-Go\nKlimaanlage\nKlimaautomatik\nKlimaautomatik 2 Zonen\nKommunikationspaket\nLederausstattung\nLederlenkrad\nLenkrad beheizbar\nLenksäule einstellbar\nLordosenstütze\nMittelarmlehne\nMultifunktionslenkrad\nMultimediasystem\nMusikstreaming integriert\nNichtraucherfahrzeug\nPollenfilter\nRücksitzbank geteilt\nSitzheizung\nSitzheizung Vordersitze\nSportausstattung\nSportsitze\nSprachsteuerung\nTempomat\nTouchscreen\nVolldigitales Kombiinstrument\nVordersitze höhenverstellbar\nW-Lan / Wifi Hotspot\nZentralverriegelung\nZentralverriegelung mit Fernbedienung\nRadio/Navi:\nBluetooth Freisprecheinrichtung\nDAB+ Digital Radio\nFreisprecheinrichtung\nNavigationssystem\nRadio/MP3\nRadio/Tuner\nSoundsystem\nUSB Anschluss\nSonstiges:\n360° Kamera\nBerganfahrhilfe\nLM-Felgen\nOptik-Paket\nSchaltwippen\nSchlüssellose Zentralverriegelung\nSpoiler-Paket\nSport-Paket\nSportauspuff\nSportfahrwerk\nSportlenkrad\nStart-Stop-Automatik\nStoßfänger in Wagenfarbe\nTechnik-Paket\nweitere Ausstattungen vorhanden\nWeitere Beschreibung:\nWir bemühen uns das angebotene Fahrzeug so exakt wie möglich zu beschreiben. Leider sind jedoch Fehler nie auszuschließen. Darum sprechen Sie unser Verkaufspersonal bitte gezielt an, wenn Sie besonderen Wert auf ein bestimmtes Merkmal legen.\nZwischenverkauf und Irrtumer vorbehalten.",
  "dealerDetails": {
    "id": 453308,
    "name": "Auto Conen GmbH",
    "sellerType": "Dealer",
    "phones": [
      "+49 (0)2421 480503964"
    ],
    "languages": [
      "Deutsch",
      "العربية",
      "English",
      "Italiano",
      "Français",
      "Español",
      "Türkçe",
      "Nederlands"
    ],
    "country": "DE",
    "address": "Rudolf-Diesel-Straße 15, DE-52351 Düren",
    "location": {
      "latitude": 50.7788266,
      "longitude": 6.511247600000001
    },
    "activeSince": "2004-05-06T00:00:00.000Z",
    "homepageUrl": "https://home.mobile.de/home/redirect.html?customerId=453308",
    "iconUrl": null,
    "reviewPageUrl": "https://www.mobile.de/bewertungen/AUTO-CONEN-DUEREN?lang=en",
    "score": {
      "total": 4.3,
      "responseTime": 4.3,
      "friendliness": 4.4,
      "advice": 4.2
    },
    "activeRatingCount": 30,
    "vehicleAsDescribedPercentage": 88,
    "recommendPercentage": 85,
    "soldVehicleCount": null,
    "reviews": []
  },
  "attributes": {
    "Vehicle condition": "Used vehicle, Accident-free",
    "Category": "Saloon",
    "Model range": "TD*143769*",
    "Trim line": "Competition 3.0 xDrive+Carbon+DriveAssistPack",
    "Vehicle Number": "D0018493",
    "Availability": "Now",
    "Origin": "German edition",
    "Mileage": "59,500 km",
    "Cubic Capacity": "2,993 ccm",
    "Power": "375 kW (510 hp)",
    "Drive type": "Internal combustion engine",
    "Fuel": "Petrol",
    "Number of Seats": "5",
    "Door Count": "4/5",
    "Transmission": "Automatic",
    "Emissions Sticker": "4 (Green)",
    "First Registration": "03/2023",
    "Number of Vehicle Owners": "1",
    "HU": "New",
    "Climatisation": "Automatic climatisation, 2 zones",
    "Parking sensors": "Rear, Front, 360° camera",
    "Airbags": "Front and Side and More Airbags",
    "Colour (Manufacturer)": "Skyscraper Grau",
    "Colour": "Grey Metallic",
    "Interior Design": "Full leather, Black",
    "Cylinders": "6"
  },
  "features": [
    "ABS",
    "Adaptive Cruise Control",
    "Alarm system",
    "Alloy wheels",
    "Ambient lighting",
    "Android Auto",
    "Apple CarPlay",
    "Arm rest",
    "Autom. dimming interior mirror",
    "Blind spot assist",
    "Bluetooth",
    "Central locking",
    "DAB radio",
    "Digital cockpit",
    "Distance warning system",
    "Electric seat adjustment",
    "Electric side mirror",
    "Electric windows",
    "Emergency brake assist",
    "Emergency call system",
    "Emergency tyre repair kit",
    "ESP",
    "Fatigue warning system",
    "Four-wheel drive",
    "Full Service History",
    "Glare-free high beam headlights",
    "Hands-free kit",
    "Head-up display",
    "Heated seats",
    "Heated steering wheel",
    "High beam assist",
    "Hill-start assist",
    "Immobilizer",
    "Integrated music streaming",
    "Keyless central locking",
    "Lane change assist",
    "Laser headlights",
    "Leather steering wheel",
    "LED running lights",
    "Light sensor",
    "Lumbar support",
    "Multifunction steering wheel",
    "Navigation system",
    "Non-smoker vehicle",
    "On-board computer",
    "Paddle shifters",
    "Power Steering",
    "Rain sensor",
    "Sound system",
    "Speed limit control system",
    "Sport seats",
    "Sports package",
    "Sports suspension",
    "Start-stop system",
    "Summer tyres",
    "Tinted windows",
    "Touchscreen",
    "Traction control",
    "Traffic sign recognition",
    "Tuner/radio",
    "Tyre pressure monitoring",
    "USB port",
    "Voice control",
    "Warranty",
    "WLAN / Wi-Fi hotspot"
  ]
},
{
  "title": "BMW M3 Competition M xDrive 1. Hand Laser SD Edelwei",
  "previewImage": "https://img.classistatic.de/api/v1/mo-prod/images/44/44f5f593-0d29-4b07-82cc-85f980fc3d95?rule=mo-1600.jpg",
  "category": "Limousine",
  "brand": "BMW",
  "model": "M3",
  "url": "https://suchen.mobile.de/fahrzeuge/details.html?id=434430918",
  "price.total.amount": 77510,
  "priceRating": {
    "rating": "Fair price",
    "priceRanges": {
      "Very good price": {
        "start": 54701,
        "end": 71200
      },
      "Good price": {
        "start": 71201,
        "end": 76600
      },
      "Fair price": {
        "start": 76601,
        "end": 85200
      },
      "Increased price": {
        "start": 85201,
        "end": 91500
      },
      "High price": {
        "start": 91501,
        "end": 101700
      }
    }
  },
  "description": "Fahrzeugnummer: 0000021782\n\nEhemalige unverbindliche Preisempfehlung des Automobilherstellers: 108.070 €\n\n1. Hand, unfallfrei, scheckheftgepflegt, Nichtraucher\n\nErweitertes Garantiepaket:\nIn dem Angebotspreis ist bereits eine weit über die gesetzlichen Anforderung hinausgehende Garantieabsicherung einkalkuliert\nWas uns auszeichnet: Unsere Fahrzeuge sind nach höchsten Qualitätsstandards aufbereitet. Wir kürzen keine Gewährleistungsansprüche. Alle Fabrikate der Marken BMW und MINI erhalten eine 24-Monate Garantie mit Beginn der Auslieferung (außer Fahrzeuge inseriert in der Kategorie Gewerbe/Export). Weitere Merkmale\n01DF Abgasnorm EU6 rde II\n01MB M DRIVE PROFESSIONAL\n02PA Radschraubensicherung\n02T4 M Sportdifferenzial\n02VB Reifendruckanzeige\n02VF Adaptives M Fahrwerk\n0302 Alarmanlage\n0322 Komfortzugang\n03M5 M COMPOUND-BREMSE\nROT HOCHGLAENZ.\n03MF M Leuchten Shadow Line\n0403 Glasdach elektrisch\n0420 Abgedunkelte Verglasung\n0428 Warndreieck und Verbandstasche\n0430 Innen-/Aussensp. mit Abblendautomatik\n0431 Innenspiegel automatisch abblendend\n0459 Sitzverstellung elektrisch mit Memory\n0488 Lordosenstütze Fahrer u. Beifahrer\n0493 Ablagenpaket\n0494 Sitzheizung Fahrer/Beifahrer\n04AT Interieurleisten hochglänzend schwarz\n04NE Blow-by-Heizer\n04U0 Galvanikapplikation Bedienelemente\n0534 Klimaautomatik\n0548 Kilometertacho\n05AC Fernlichtassistent\n05AL Active Protection\n05AU Driving Assistant Professional\n05AV Active Guard\n05AZ BMW Laserlicht\n05DA Deaktivierung Airbag Beifahrer\n05DC Kopfstützen im Fond klappbar\n\n05DN Parkassistenzsystem Plus0610 Head-Up Display\n0654 DAB-Tuner\n0688 Harman/Kardon Surround Sound System\n06AE Teleservices\n06AF Gesetzlicher Notruf\n06AK Connected Drive Services\n06C4 Connected Package Professional\n06DR BMW drive recorder\n06NW Telefonie mit Wireless Charging\n06U3 BMW Live Cockpit Professional\n06UX Entfall Touchfunktion BMW Controller\n06WD WLAN Hotspot\n0712 M Sportsitz\n0760 Hochglanz Shadow-Line\n0775 Dachhimmel anthrazit\n07M9 M Shadow Line mit erweitertem Umfang\n07R7 Innovationspaket\n0801 Deutschland-Ausführung\n08TF Aktiver Fussgängerschutz\n+++Bitte vor Besichtigung Standort erfragen+++ Keine Haftung für Eingabefehler\nIrrtümer und Zwischenverkauf vorbehalten. Die in der Anzeige gemachten Angaben stellen keine Zusicherung im kaufrechtlichen Sinne dar.",
  "dealerDetails": {
    "id": 29239822,
    "name": "Autohaus Kühnert GmbH & Co. KG",
    "sellerType": "Dealer",
    "phones": [
      "+49 (0)375 8739524485"
    ],
    "languages": [
      "Deutsch",
      "English"
    ],
    "country": "DE",
    "address": "Werdauer Strasse 164, DE-08060 Zwickau",
    "location": {
      "latitude": 50.731145,
      "longitude": 12.4459035
    },
    "activeSince": "2008-01-15T00:00:00.000Z",
    "homepageUrl": "https://home.mobile.de/home/redirect.html?customerId=29239822",
    "iconUrl": null,
    "reviewPageUrl": "https://www.mobile.de/bewertungen/AUTOHAUSKUEHNERTGMBHCOKGZWICKAU?lang=en",
    "score": {
      "total": 4.4,
      "responseTime": 4.6,
      "friendliness": 4.5,
      "advice": 4.2
    },
    "activeRatingCount": 15,
    "vehicleAsDescribedPercentage": 84,
    "recommendPercentage": 92,
    "soldVehicleCount": null,
    "reviews": []
  },
  "attributes": {
    "Vehicle condition": "Used vehicle, Accident-free",
    "Category": "Saloon",
    "Model range": "G80",
    "Trim line": "M3",
    "Vehicle Number": "0000021782",
    "Availability": "Now",
    "Origin": "German edition",
    "Mileage": "27,327 km",
    "Cubic Capacity": "2,993 ccm",
    "Power": "375 kW (510 hp)",
    "Drive type": "Internal combustion engine",
    "Fuel": "Petrol",
    "Number of Seats": "5",
    "Door Count": "4/5",
    "Transmission": "Automatic",
    "Emission Class": "Euro6",
    "Emissions Sticker": "4 (Green)",
    "First Registration": "07/2022",
    "Number of Vehicle Owners": "1",
    "HU": "07/2027",
    "Climatisation": "Automatic climatisation, 3 zones",
    "Parking sensors": "360° camera, Front, Self-steering systems, Rear",
    "Airbags": "Front and Side and More Airbags",
    "Colour (Manufacturer)": "BLACK SAPPHIRE METALLIC",
    "Colour": "Black Metallic",
    "Interior Design": "Full leather, Black",
    "Cylinders": "6"
  },
  "features": [
    "ABS",
    "Adaptive cornering lights",
    "Adaptive Cruise Control",
    "Alarm system",
    "Alloy wheels",
    "Ambient lighting",
    "Android Auto",
    "Apple CarPlay",
    "Arm rest",
    "Autom. dimming interior mirror",
    "Blind spot assist",
    "Bluetooth",
    "Central locking",
    "DAB radio",
    "Digital cockpit",
    "Distance warning system",
    "Dynamic chassis control",
    "Electric seat adjustment",
    "Electric side mirror",
    "Electric windows",
    "Emergency brake assist",
    "Emergency call system",
    "ESP",
    "Fatigue warning system",
    "Fog lamp",
    "Folding exterior mirrors",
    "Four-wheel drive",
    "Full Service History",
    "Glare-free high beam headlights",
    "Hands-free kit",
    "Head-up display",
    "Heated seats",
    "High beam assist",
    "Hill-start assist",
    "Immobilizer",
    "Induction charging for smartphones",
    "Integrated music streaming",
    "Isofix",
    "Keyless central locking",
    "Lane change assist",
    "Laser headlights",
    "Leather steering wheel",
    "LED running lights",
    "Light sensor",
    "Lumbar support",
    "Multifunction steering wheel",
    "Navigation system",
    "Non-smoker vehicle",
    "On-board computer",
    "Paddle shifters",
    "Panoramic roof",
    "Particulate filter",
    "Power Steering",
    "Rain sensor",
    "Ski bag",
    "Sound system",
    "Speed limit control system",
    "Sport seats",
    "Sports suspension",
    "Start-stop system",
    "Summer tyres",
    "Sunroof",
    "Tinted windows",
    "Touchscreen",
    "Traction control",
    "Traffic sign recognition",
    "Tuner/radio",
    "Tyre pressure monitoring",
    "USB port",
    "Voice control",
    "Warranty",
    "WLAN / Wi-Fi hotspot"
  ]
},
{
  "title": "BMW M3 Competition AKRAPOVIC Individual M Sport HUD ",
  "previewImage": "https://img.classistatic.de/api/v1/mo-prod/images/8a/8a43c59b-69d1-43a2-b7c2-9a7180384324?rule=mo-1600.jpg",
  "category": "Limousine",
  "brand": "BMW",
  "model": "M3",
  "url": "https://suchen.mobile.de/fahrzeuge/details.html?id=431559175",
  "price.total.amount": 77900,
  "priceRating": {
    "rating": "Increased price",
    "priceRanges": {
      "Very good price": {
        "start": 49201,
        "end": 64000
      },
      "Good price": {
        "start": 64001,
        "end": 68900
      },
      "Fair price": {
        "start": 68901,
        "end": 76600
      },
      "Increased price": {
        "start": 76601,
        "end": 82300
      },
      "High price": {
        "start": 82301,
        "end": 91400
      }
    }
  },
  "description": "Antrieb, Fahrwerk\nAdaptives M Fahrwerk\nAllrad\nM Carbon-Keramik-Bremse\nM Drive Professional\nM Sportdifferential\nSportfahrwerk\n\nAußenausstattung\nWärme-/Sonnenschutzverglasung\n\nEditionen und Pakete\nAblagenpaket\nConnectedDrive Services (laufzeitgebundener Dienst)\nConnectedPackage Professional (laufzeitgebundener Dienst)\nM Driver's Package \nM Race Track Paket\n\nFahrerassistenz\nBMW Drive Recorder\nGeschwindigkeitsregelung mit Bremsfunktion\nGesetzlicher Notruf\nHead-Up Display\nPark Distance Control (PDC)\nParking Assistant Plus\nRückfahrkamera\nSpurwechselwarnung\nTeleServices\n\nIndividualumfänge\nBMW Individual Hochglanz Shadow Line\nBMW Individual Hochglanz Shadow Line mit erweiterten Umfängen\nBMW Individual Leuchten Shadow Line\nDachhimmel Individual anthrazit\n\nKomfort, Innenausstattung\nAmbiente-Beleuchtung\nAußenspiegel elektr. anklappbar\nAußenspiegel elektr. verstell- und heizbar\nAutomatische Heckklappenbetätigung\nBMW Live Cockpit Professional\nBordcomputer\nDAB-Tuner (Radioempfang digital)\nDurchladeeinrichtung (Mittelarmlehne hinten)\nDurchladesystem\nEinparkhilfe Sensoren vorne\nFensterheber elektrisch\nFensterheber, elektrisch\nFondkopfstützen klappbar\nFreisprecheinrichtung Bluetooth mit USB-/Audio-Schnittstelle\nFunkfernbedienung\nGalvanikapplikation für Bedienelemente\nGeschwindigkeits-Regelanlage mit Bremsfunktion\nInduktionsladeschale für Smartphone (Wireless Charging)\nInnen- und Aussenspiegel automatisch abblendend\nInnenspiegel mit Abblendautomatik\nInterieurleisten Carbon Fibre\nIsofix-Aufnahmen für Kindersitz an Rücksitz\nKeyless Entry\nKlimaautomatic\nKlimaautomatik 3-Zonen mit autom. Umluft-Control\nKomfortzugang\nLeder\nLederlenkrad\nLendenwirbelstütze Sitz vorn links und rechts, elektr. verstellbar\nLenkrad (Leder) mit Multifunktion M-Technic\nLordose\nM Carbon Schalensitze\nMultifunktion für Lenkrad\nMultifunktionslenkrad\nPark-Distance-Control (PDC) vorn und hinten\nScheibenwischer mit Regensensor\nSitzheizung vorne und hinten\nSitzverstellung, elektrisch mit Memory\nSonnenschutzverglasung\nZentralverriegelung\n\nMultimedia\nBluetooth\nBMW Live Cockpit Professional (laufzeitgebundener Dienst)\nBordcomputer\nDAB Tuner\nFreisprecheinrichtung\nHarman Kardon Surround Sound System\nKomforttelefonie mit Wireless Charging\nTelefon\nUSB Schnittstelle\nWLAN Hotspot\n\nRäder\nAlufelgen\nRadschraubensicherung\nReifenreparatur-Set\n\nSitzbezug\nVollleder Merino Feinnarbe Schwarz/Schwarz\n\nSonstiges\n19\"/20\" M Schmiederäder Doppelspeiche 826 M Bicolor Schwarz\nAbgasnorm EU6 RDE II\nAblagenpaket\nActive Guard\nAdaptives M Fahrwerk\nAktiver Fussgängerschutz\nAlarmanlage\nAutomatische Heckklappenbetätigung\nBlow by-Heizer\nBMW Drive Recorder\nBMW Head-Up Display\nBMW Laserlicht\nBMW Live Cockpit Professional\nCO2-Umfang\nConnected Package Professional\nConnectedDrive Services\nDAB-Tuner\nDeaktivierung Beifahrerairbag\nDeutsch / Bordliteratur\nDeutsch/Betriebsanleitung/Servicehe ft\nDeutschland-Ausfuehrung\nDeutschland-Ausführung\nDriving Assistant\nElektrisch verstellbare Spiegel\nEU spezifische Umfänge\nEU-spezifische Zusatzumfaenge\nFernlichtassistent\nFondkopfstützen klappbar\nGalvanikapplikation für Bedienelemente\nGeschwindigkeitsregelung mit Bremsfunktion\nGesetzlicher Notruf\nHarman Kardon Surround Sound System\nInnen- und Außenspiegelpaket\nInnenspiegel automatisch abblendend\nKaeltemittel\nKältemittel\nKilometertacho\nKlimaautomatik\nKomfortzugang\nLM-Felgen vorn/hinten: 9,5x19 / 10,5x20 (Doppelspeiche 826 M, Schwarz)\nM Carbon Schalensitze\nM Carbon-Keramik-Bremse\nM Dachhimmel anthrazit\nM Drive Professional\nM Driver's Package\nM Hochglanz Shadow Line\nM Hochglanz Shadow Line mit erweiterten Umfängen\nM Interieurleisten 'Carbon Fibre'\nM Leuchten Shadow Line\nM Race Track Paket\nM Sportdifferenzial\nMetallic-Lackierung Frozen Orange\nModellschriftzug Entfall\nModellschriftzug, Entfall\nMüdigkeitswarnsystem\nNotrufsystem\nÖlwartungsintervall 24 Monate/30.000 km\nÖlwartungsintervall 30000 km / 24 Monate\nParking Assistant Plus\nRadschraubensicherung\nReifendruck-Kontrolle\nReifendruckkontrollsystem\nReifenreparatur Set\nSitzbezug / Polsterung: Voll-Leder Merino, Bicolor\nSitzheizung vorne und hinten\nSitzverstellung, elektrisch mit Memory für Fahrersitz\nSonnenschutzverglasung\nSprachversion Deutsch\nSteuerung EfficientDynamics\nSteuerung Karosserie\nTelefonie mit Wireless Charging\nTeleservices\nWarndreieck und Verbandkasten\nWLAN Hotspot\n\nUmwelt, Sicherheit\nAbgasnorm EU6 RDE II\nABS\nAktiver Fussgängerschutz\nAlarmanlage\nAuto Start/Stop Funktion \nBeifahrerairbag\nBeifahrerairbag-Deaktivierung\nBMW Laserlicht\nDiebstahlwarnanlage\nDriving Assistant\nESP\nFahrerairbag\nFernlichtassistent\nInnenspiegel, automatisch abblendend\nKindersitzbefestigung ISOFIX\nKopfairbag\nLED-Scheinwerfer\nNotbremsassistent\nPASM\nRegensensor\nReifen Druck Control\nSeitenairbag\nTraction Control\nWarndreieck\nWegfahrsperre\n\n\nSicherheitshinweise: https://procar-bmw.org/sh Irrtümer und Zwischenverkauf vorbehalten.",
  "dealerDetails": {
    "id": 452805,
    "name": "Procar Automobile Düsseldorf GmbH",
    "sellerType": "Dealer",
    "phones": [
      "+49 (0)2104 800025818"
    ],
    "languages": [
      "Deutsch",
      "English"
    ],
    "country": "DE",
    "address": "Willettstraße 7, DE-40822 Mettmann",
    "location": {
      "latitude": 51.2548905,
      "longitude": 6.952478999999999
    },
    "activeSince": "2003-02-04T00:00:00.000Z",
    "homepageUrl": "https://home.mobile.de/home/redirect.html?customerId=452805",
    "iconUrl": "https://img.classistatic.de/api/v1/mo-prod/images/90/9049e5bd-e45c-44a9-b551-9c2041e52dcb?rule=mo-640.jpg",
    "reviewPageUrl": "https://www.mobile.de/bewertungen/H-BRANDENBURG-METTMANN?lang=en",
    "score": {
      "total": 4.3,
      "responseTime": 4.3,
      "friendliness": 4.3,
      "advice": 4.1
    },
    "activeRatingCount": 9,
    "vehicleAsDescribedPercentage": 100,
    "recommendPercentage": 85,
    "soldVehicleCount": null,
    "reviews": []
  },
  "attributes": {
    "Vehicle condition": "Used vehicle",
    "Category": "Saloon",
    "Model range": "G80",
    "Trim line": "AKRAPOVIC Individual M Sport HUD RFK NAVI LED Laser",
    "Vehicle Number": "160903-B",
    "Availability": "Now",
    "Origin": "German edition",
    "Mileage": "81,881 km",
    "Cubic Capacity": "2,993 ccm",
    "Power": "375 kW (510 hp)",
    "Drive type": "Internal combustion engine",
    "Fuel": "Petrol, E10-enabled",
    "Number of Seats": "5",
    "Door Count": "4/5",
    "Transmission": "Automatic",
    "Emission Class": "Euro6d",
    "Emissions Sticker": "4 (Green)",
    "First Registration": "01/2022",
    "Construction Year": "2021",
    "Number of Vehicle Owners": "3",
    "HU": "01/2027",
    "Climatisation": "Automatic climatisation, 3 zones",
    "Parking sensors": "Camera, Front, Self-steering systems, Rear",
    "Airbags": "Front and Side and More Airbags",
    "Colour (Manufacturer)": "frozen deep black",
    "Colour": "Black",
    "Interior Design": "Full leather, Black",
    "Weight": "1,805 kg",
    "Tank capacity": "59 l"
  },
  "features": [
    "ABS",
    "Adaptive cornering lights",
    "Alarm system",
    "Alloy wheels",
    "Ambient lighting",
    "Arm rest",
    "Autom. dimming interior mirror",
    "Bluetooth",
    "Central locking",
    "Cruise control",
    "DAB radio",
    "Digital cockpit",
    "Distance warning system",
    "Dynamic chassis control",
    "Electric seat adjustment",
    "Electric side mirror",
    "Electric tailgate",
    "Electric windows",
    "Emergency brake assist",
    "Emergency call system",
    "ESP",
    "Fatigue warning system",
    "Four-wheel drive",
    "Glare-free high beam headlights",
    "Hands-free kit",
    "Head-up display",
    "Heated rear seats",
    "Heated seats",
    "High beam assist",
    "Hill-start assist",
    "Immobilizer",
    "Induction charging for smartphones",
    "Isofix",
    "Keyless central locking",
    "Lane change assist",
    "Laser headlights",
    "Leather steering wheel",
    "LED running lights",
    "Light sensor",
    "Lumbar support",
    "Multifunction steering wheel",
    "Navigation system",
    "On-board computer",
    "Particulate filter",
    "Power Steering",
    "Rain sensor",
    "Sound system",
    "Speed limit control system",
    "Sport seats",
    "Sports package",
    "Sports suspension",
    "Start-stop system",
    "Tinted windows",
    "Touchscreen",
    "Traction control",
    "Tuner/radio",
    "Tyre pressure monitoring",
    "USB port",
    "Voice control",
    "Warranty",
    "WLAN / Wi-Fi hotspot"
  ]
},
{
  "title": "BMW M3 Competion M xDrive Touring",
  "previewImage": "https://img.classistatic.de/api/v1/mo-prod/images/f2/f2139452-119e-43d5-a72e-e23c1a4bae8d?rule=mo-1600.jpg",
  "category": "EstateCar",
  "brand": "BMW",
  "model": "M3",
  "url": "https://suchen.mobile.de/fahrzeuge/details.html?id=434116985",
  "price.total.amount": 79500,
  "priceRating": {
    "rating": "Good price",
    "priceRanges": {
      "Very good price": {
        "start": 59201,
        "end": 76900
      },
      "Good price": {
        "start": 76901,
        "end": 82800
      },
      "Fair price": {
        "start": 82801,
        "end": 92100
      },
      "Increased price": {
        "start": 92101,
        "end": 98900
      },
      "High price": {
        "start": 98901,
        "end": 109900
      }
    }
  },
  "description": "Fahrzeug unfallfrei, Sonderausstattung siehe Bilder",
  "dealerDetails": {
    "id": 31398680,
    "name": "3Dots GmbH",
    "sellerType": "Private Seller",
    "phones": [
      "+49 (0)175 7719755"
    ],
    "country": "DE",
    "address": "Lilienweg 16, DE-74388 Talheim",
    "location": {
      "latitude": 49.0849421,
      "longitude": 9.1993096
    },
    "iconUrl": null,
    "reviewPageUrl": null,
    "score": null,
    "activeRatingCount": null,
    "vehicleAsDescribedPercentage": null,
    "recommendPercentage": null,
    "soldVehicleCount": null,
    "reviews": []
  },
  "attributes": {
    "Vehicle condition": "Used vehicle, Accident-free",
    "Category": "Estate car",
    "Commercial, Export/Import": "For business, ex-/import",
    "Mileage": "27,000 km",
    "Cubic Capacity": "2,993 ccm",
    "Power": "375 kW (510 hp)",
    "Drive type": "Internal combustion engine",
    "Fuel": "Petrol",
    "Number of Seats": "5",
    "Door Count": "4/5",
    "Transmission": "Automatic",
    "First Registration": "01/2024",
    "Number of Vehicle Owners": "1",
    "HU": "01/2027",
    "Climatisation": "Automatic climatisation, 3 zones",
    "Parking sensors": "Self-steering systems, 360° camera",
    "Airbags": "Front and Side and More Airbags",
    "Colour": "Grey",
    "Interior Design": "Full leather, Black"
  },
  "features": [
    "ABS",
    "Adaptive cornering lights",
    "Alarm system",
    "Alloy wheels",
    "Ambient lighting",
    "Android Auto",
    "Apple CarPlay",
    "Arm rest",
    "Autom. dimming interior mirror",
    "Blind spot assist",
    "Bluetooth",
    "Cargo barrier",
    "Central locking",
    "Digital cockpit",
    "Distance warning system",
    "Electric seat adjustment",
    "Electric side mirror",
    "Electric tailgate",
    "Electric windows",
    "Emergency brake assist",
    "Emergency call system",
    "ESP",
    "Fatigue warning system",
    "Full Service History",
    "Glare-free high beam headlights",
    "Hands-free kit",
    "Headlight washer system",
    "Head-up display",
    "Heated seats",
    "High beam assist",
    "Hill-start assist",
    "Immobilizer",
    "Induction charging for smartphones",
    "Integrated music streaming",
    "Isofix",
    "Keyless central locking",
    "Lane change assist",
    "Laser headlights",
    "Leather steering wheel",
    "LED running lights",
    "Light sensor",
    "Lumbar support",
    "Massage seats",
    "Multifunction steering wheel",
    "Navigation system",
    "Night vision assist",
    "Non-smoker vehicle",
    "On-board computer",
    "Paddle shifters",
    "Particulate filter",
    "Power Steering",
    "Rain sensor",
    "Seat ventilation",
    "Sound system",
    "Speed limit control system",
    "Sport seats",
    "Sports package",
    "Start-stop system",
    "Summer tyres",
    "Touchscreen",
    "Traction control",
    "Traffic sign recognition",
    "Tyre pressure monitoring",
    "USB port",
    "Voice control",
    "Warranty",
    "Winter tyres",
    "WLAN / Wi-Fi hotspot"
  ]
},
{
  "title": "BMW M3 Competition M xDrive M Sport RFK NAVI LED LM",
  "previewImage": "https://img.classistatic.de/api/v1/mo-prod/images/7f/7fdc9a0c-c5d1-4bb6-8c46-139d1b0911f1?rule=mo-1600.jpg",
  "category": "Limousine",
  "brand": "BMW",
  "model": "M3",
  "url": "https://suchen.mobile.de/fahrzeuge/details.html?id=429902260",
  "price.total.amount": 79870,
  "priceRating": {
    "rating": "Fair price",
    "priceRanges": {
      "Very good price": {
        "start": 53301,
        "end": 69300
      },
      "Good price": {
        "start": 69301,
        "end": 74600
      },
      "Fair price": {
        "start": 74601,
        "end": 82900
      },
      "Increased price": {
        "start": 82901,
        "end": 89000
      },
      "High price": {
        "start": 89001,
        "end": 98900
      }
    }
  },
  "description": "Finanzierungsbeispiel\n\nMtl. Finanzierungsrate: 629,00 EUR\nAnzahlung: 16.125,56 EUR\nLaufzeit: 60 Monate\nZielrate: 40.733,70 EUR\nNettodarlehensbetrag: 63.744,44 EUR\nSollzinssatz p.a.: 5,36% (gebunden für die gesamte Vertragslaufzeit)\nEffektiver Jahreszins: 5,49%\nGesamtbetrag: 77.844,70 EUR\nEin unverbindliches Finanzierungsbeispiel der BMW Bank GmbH, Lilienthalallee 26, 80939 München.\n\n\nAntrieb, Fahrwerk\nAllrad\nSportfahrwerk\n\nAußenausstattung\nWärme-/Sonnenschutzverglasung\n\nExterieur\nElektrische Gepäckraumklappe\n\nFahrerassistenz\nPark Distance Control (PDC)\nRückfahrkamera\n\nKomfort, Innenausstattung\nAmbiente-Beleuchtung\nAußenspiegel elektr. anklappbar\nAußenspiegel elektr. verstell- und heizbar\nBordcomputer\nDAB-Tuner (Radioempfang digital)\nDurchladeeinrichtung (Mittelarmlehne hinten)\nDurchladesystem\nEinparkhilfe Sensoren vorne\nFensterheber elektrisch\nFensterheber, elektrisch\nFreisprecheinrichtung Bluetooth mit USB-/Audio-Schnittstelle\nFunkfernbedienung\nGeschwindigkeits-Regelanlage mit Bremsfunktion\nInduktionsladeschale für Smartphone (Wireless Charging)\nInnenspiegel mit Abblendautomatik\nIsofix-Aufnahmen für Kindersitz an Rücksitz\nKeyless Entry\nKlimaanlage\nKlimaautomatic\nKlimaautomatik 3-Zonen mit autom. Umluft-Control\nLeder\nLederlenkrad\nLendenwirbelstütze Sitz vorn links und rechts, elektr. verstellbar\nLenkrad (Leder) mit Multifunktion M-Technic\nLordose\nMultifunktion für Lenkrad\nMultifunktionslenkrad\nPark-Distance-Control (PDC) vorn und hinten\nScheibenwischer mit Regensensor\nService-System: Real Time Traffic Information (RTTI)\nSitze vorn elektr. verstellbar (mit Memory)\nSitzheizung\nSitzheizung vorn + hinten\nSitzverstellung, elektrisch fuer Fahrer und Beifahrer\nSportsitze\nStart/Stop-Anlage (Funktion)\nStart-Stop-Knopf\nTempomat\nWidescreen Display\nZentralverriegelung\nZentralverriegelung mit Fernbedienung\n\nMultimedia\nBluetooth\nBordcomputer\nDAB Tuner\nFreisprecheinrichtung\nRadio\nSurround-Sound-System\nTelefon\nUSB Schnittstelle\n\nRäder\nAlufelgen\n\nSicherheit/Umwelt\nAdaptives Fahrwerk M-Technic\nAirbag Beifahrerseite abschaltbar\nAirbag Fahrer-/Beifahrerseite\nAlarmanlage\nAnti-Blockier-System (ABS)\nAntriebsart: Allradantrieb\nAntriebsart: xDrive (Allrad)\nDiebstahl-Warnanlage\nDynamische Stabilitäts-Control (DSC) mit erweiterter Umfang\nFahrassistenz-System: Active Guard (Bremsassistent)\nFahrassistenz-System: Aufmerksamkeits-Assistent\nGeschwindigkeits-Begrenzeranlage (Speed Limit Device)\nKnieairbag Fahrerseite\nKopf-Airbag-System hinten\nKopf-Airbag-System vorn\nOtto-Partikelfilter (OPF)\nReifendruck-Kontrollsystem\nReifenpannen-Anzeige\nScheinwerfer LED\nSeitenairbag vorn\nService-System: Gesetzlicher Notruf\nService-System: Intelligenter Notruf inkl. TeleServices\nWegfahrsperre\n\nSitzbezug\nVollleder Merino Feinnarbe Schwarz/Schwarz\n\nSonstiges\n7909 ACZ\nAbgasnorm EU6 RDE II\nAblage für Wireless Charging\nAblagenpaket\nAblage-Paket\nActive Guard\nAdaptives M Fahrwerk\nAktiver Fußgängerschutz\nAktives M Differential\nAkustikverglasung\nAlarmanlage\nAußenausstattung: Shadow-Line\nAußenausstattung: Shadow-Line Hochglanz\nAußenausstattung: Shadow-Line Hochglanz (erweiterter Umfang)\nAutomatische Heckklappenbetätigung\nBlow by-Heizer\nBMW Live Cockpit Plus\nConnected Package Professional\nConnectedDrive Services\nDAB-Tuner\nDeaktivierung Beifahrerairbag\nDifferenzialsperre\nElektrisch verstellbare Spiegel\nEU spezifische Umfänge\nFernlichtassistent\nFondkopfstützen klappbar\nGalvanikapplikation für Bedienelemente\nGeschwindigkeitsregelung mit Bremsfunktion\nGesetzlicher Notruf\nHarman Kardon Surround Sound System\nInduktionsladen für Smartphones\nInnen- und Außenspiegelpaket\nInnenspiegel automatisch abblendend\nInterne Steuerung\nKilometertacho\nKlimaautomatik\nKlimaautomatik 3 Zonen\nKomfortzugang\nLM Räder\nLordosenstütze für Fahrer und Beifahrer\nM Compound-Bremse, rot hochglänzend\nM Dachhimmel anthrazit\nM Drive Professional\nM Driver's Package\nM Hochglanz Shadow Line\nM Hochglanz Shadow Line mit erweiterten Umfängen\nM Interieurleisten 'Carbon Fibre'\nM Leuchten Shadow Line\nM Sportdifferenzial\nM Sportsitze\nModellschriftzug Entfall\nMüdigkeitswarnsystem\nNotrufsystem\nÖlwartungsintervall 30000 km / 24 Monate\nParking Assistant\nRadschraubensicherung\nReifendruck-Kontrolle\nReifendruckkontrollsystem\nReifenreparatur Set\nSitzheizung für Fahrer und Beifahrer\nSitzverstellung, elektrisch mit Memory für Fahrersitz\nSonnenschutzverglasung\nSteuerung D\nSteuerung EfficientDynamics\nSteuerung G\nTeleservices\nWidescreen Display\n\nUmwelt, Sicherheit\nABS\nAirbag Fahrer/Beifahrer\nAlarmanlage\nAuto Start/Stop Funktion \nBeifahrerairbag\nBeifahrerairbag-Deaktivierung\nDiebstahlwarnanlage\nESP\nFahrerairbag\nFernlichtassistent\nInnenspiegel, automatisch abblendend\nKindersitzbefestigung ISOFIX\nKopfairbag\nLED-Scheinwerfer\nNotbremsassistent\nPASM\nRegensensor\nReifen Druck Control (RDC)\nSeitenairbag\nTraction Control\nWegfahrsperre\n\n\nSicherheitshinweise: https://procar-bmw.org/sh Irrtümer und Zwischenverkauf vorbehalten.",
  "dealerDetails": {
    "id": 37416578,
    "name": "Procar Automobile Wuppertal GmbH & Co. KG",
    "sellerType": "Dealer",
    "phones": [
      "+49 (0)212 2508029288"
    ],
    "languages": [
      "Deutsch"
    ],
    "country": "DE",
    "address": "Frankfurter Damm 15, DE-42719 Solingen",
    "location": {
      "latitude": 51.18579279999999,
      "longitude": 7.0548288
    },
    "activeSince": "2001-04-27T00:00:00.000Z",
    "homepageUrl": "https://home.mobile.de/home/redirect.html?customerId=37416578",
    "iconUrl": "https://img.classistatic.de/api/v1/mo-prod/images/fa/fa17a1eb-5679-483c-999f-04bee1fcce9a?rule=mo-640.jpg",
    "reviewPageUrl": "https://www.mobile.de/bewertungen/PROCARAUTOMOBILEWUPPERTALGMBHCOKGSOLINGEN?lang=en",
    "score": {
      "total": 4.6,
      "responseTime": 4.6,
      "friendliness": 4.7,
      "advice": 4.4
    },
    "activeRatingCount": 24,
    "vehicleAsDescribedPercentage": 94,
    "recommendPercentage": 90,
    "soldVehicleCount": null,
    "reviews": []
  },
  "attributes": {
    "Vehicle condition": "Used vehicle",
    "Category": "Saloon",
    "Model range": "G80",
    "Trim line": "M xDrive M Sport RFK NAVI LED LM",
    "Vehicle Number": "455219-B",
    "Availability": "Now",
    "Origin": "German edition",
    "Mileage": "56,500 km",
    "Cubic Capacity": "2,993 ccm",
    "Power": "375 kW (510 hp)",
    "Drive type": "Internal combustion engine",
    "Fuel": "Petrol",
    "Number of Seats": "5",
    "Door Count": "4/5",
    "Transmission": "Automatic",
    "Emission Class": "Euro6d",
    "Emissions Sticker": "4 (Green)",
    "First Registration": "03/2023",
    "Construction Year": "2023",
    "Number of Vehicle Owners": "1",
    "HU": "New",
    "Climatisation": "Automatic climatisation, 3 zones",
    "Parking sensors": "Rear, Front, Camera",
    "Airbags": "Front and Side and More Airbags",
    "Colour (Manufacturer)": "Saphirschwarz metallic",
    "Colour": "Black Metallic",
    "Interior Design": "Full leather, Black",
    "Weight": "1,805 kg",
    "Tank capacity": "59 l"
  },
  "features": [
    "ABS",
    "Alarm system",
    "Alloy wheels",
    "Ambient lighting",
    "Android Auto",
    "Apple CarPlay",
    "Arm rest",
    "Autom. dimming interior mirror",
    "Bluetooth",
    "Central locking",
    "Cruise control",
    "DAB radio",
    "Digital cockpit",
    "Distance warning system",
    "Dynamic chassis control",
    "Electric seat adjustment",
    "Electric side mirror",
    "Electric tailgate",
    "Electric windows",
    "Eletric seat adjustment with memory function",
    "Emergency brake assist",
    "Emergency call system",
    "ESP",
    "Fatigue warning system",
    "Folding exterior mirrors",
    "Four-wheel drive",
    "Full Service History",
    "Hands-free kit",
    "Heated seats",
    "High beam assist",
    "Hill-start assist",
    "Immobilizer",
    "Induction charging for smartphones",
    "Integrated music streaming",
    "Isofix",
    "Keyless central locking",
    "Leather steering wheel",
    "LED headlights",
    "LED running lights",
    "Light sensor",
    "Lumbar support",
    "Multifunction steering wheel",
    "Navigation system",
    "Non-smoker vehicle",
    "On-board computer",
    "Paddle shifters",
    "Particulate filter",
    "Power Steering",
    "Rain sensor",
    "Sound system",
    "Speed limit control system",
    "Sport seats",
    "Sports package",
    "Sports suspension",
    "Start-stop system",
    "Tinted windows",
    "Touchscreen",
    "Traction control",
    "Traffic sign recognition",
    "Tuner/radio",
    "Tyre pressure monitoring",
    "USB port",
    "Voice control",
    "Warranty",
    "Winter tyres"
  ]
},
{
  "title": "BMW M3 Competition Touring xDrive*LASER*H-K*MEMO*CAM",
  "previewImage": "https://img.classistatic.de/api/v1/mo-prod/images/40/4037f9fe-2df0-439b-9f00-ad1b66db29f8?rule=mo-1600.jpg",
  "category": "EstateCar",
  "brand": "BMW",
  "model": "M3",
  "url": "https://suchen.mobile.de/fahrzeuge/details.html?id=430174418",
  "price.total.amount": 79990,
  "priceRating": {
    "rating": "Good price",
    "priceRanges": {
      "Very good price": {
        "start": 60001,
        "end": 78000
      },
      "Good price": {
        "start": 78001,
        "end": 84000
      },
      "Fair price": {
        "start": 84001,
        "end": 93400
      },
      "Increased price": {
        "start": 93401,
        "end": 100300
      },
      "High price": {
        "start": 100301,
        "end": 111400
      }
    }
  },
  "description": "Sonderausstattung:\nM Competition\nM Bremsanlage: Compound - M Bremssystem (Bremssättel Rot)\nM Fahrwerk adaptive\nM Sportdifferential\nM Differential aktive\nM Sportsitze\nM Außenausstattung: Shadow-Line Hochglanz (erweiterter Umfang)\nM Sport-Lederlenkrad mit Multifunktion + Schaltwippen\nM Drive (Fahrprofilauswahl)\nM Drive Professional (Fahrprofilauswahl)\nM Einstiegsleisten mit Einleger in Aluminium mit Schriftzug\nM Sicherheitsgurte\nBMW Individual Scheinwerfer Shadow-Line\nBMW Individual Dachreling Hochglanz Shadow-Line\nBMW Individual Dachhimmel Anthrazit\nInnovations-Paket\nScheinwerfer Laserlicht\nKomfortzugang (Öffnungs- und Schließsystem)\nLenkrad heizbar\nLM-Felgen\nParkassistent-Paket\nRückfahrkamera\nSicherheitssystem Active Protection\nSitzbezug: Voll-Leder Merino\nSonnenschutzverglasung (hinten abgedunkelt)\nHarman-Kardon Sound-System\nService-Systeme:\nRemote Services\nConcierge Services\nReal Time Traffic Information (RTTI)\nRemote 3D View\nConnectedDrive Services\nGesetzlicher Notruf\nIntelligenter Notruf inkl. TeleServices\n\nFahrassistenz:\nFernlichtassistent\nRückfahr-Assistent\nDriving Assistant\nSpurwechselassistent\nFrontkollisionswarnung\nHeckaufprall-Vermeidung (Prävention Heckkollision)\nGeschwindigkeits-Begrenzeranlage (Speed Limit Device)\nGeschwindigkeits-Regelanlage mit Bremsfunktion\nQuerverkehrs-Assistent\nSpurwechsel-Warnsystem\nActive Guard (Bremsassistent)\nAufmerksamkeits-Assistent\n\nSerien-Ausstattung:\nAblage-Paket\nAirbag Beifahrerseite abschaltbar\nAlarmanlage\nAlpinweiß-Lackierung (Uni)\nAmbiente-Beleuchtung\nAnti-Blockier-System (ABS)\nAntriebsart: xDrive (Allrad)\nAusstattungs-Paket: Connected Professional\nAußenspiegel elektr. verstell- und heizbar\nBedienelemente galvanisiert\nBMW Live Cockpit Plus\nBordcomputer\nDAB-Tuner (Radioempfang digital)\nDurchladeeinrichtung (Mittelarmlehne hinten)\nDynamische Stabilitäts-Control (DSC) mit erweiterter Umfang\nFensterheber elektr.\nFreisprecheinrichtung Bluetooth mit USB-/Audio-Schnittstelle\nGepäckraumbeleuchtung\nGetriebe Automatik - mit Steptronic und Drivelogic (8-Stufen)\nGetränkehalter\nHeckklappenbetätigung automatisch\nHeckleuchten LED\nInduktionsladeschale für Smartphone (Wireless Charging)\nInnenausstattung: Interieurleisten schwarz hochglänzend\nInnenspiegel mit Abblendautomatik\nInstrumentenkombination (erweiterter Umfang)\nIsofix-Aufnahmen für Kindersitz an Rücksitz\nKarosserie: 5-türig\nKennzeichenbeleuchtung LED\nKlimaautomatik 3-Zonen mit autom. Umluft-Control\nKnieairbag Fahrerseite\nKopf-Airbag-System vorn + hinten\nKopfstützen hinten klappbar\nLenksäule elektr. verstellbar\nLeuchtweitenregelung\nMotor 3.0 Ltr. - 375 kW 24V TwinTurbo KAT (S58)\nNebelschlussleuchte(n)\nPark-Distance-Control (PDC)\nParkbremse elektr.\nReifendruck-Kontrollsystem\nReifenpannen-Anzeige\nSchadstoffarm nach Abgasnorm Euro 6d\nSchaltpunktanzeige\nScheibenwischer mit Regensensor\nSeitenairbag vorn\nSitze elektr. verstellbar mit Memory\nSitzheizung vorn + hinten\nSpiegel-Paket\nAußenspiegel elektr. anklappbar mit Abblendautomatik + Bordsteinautomatik\nStart-Stop-Knopf\nStart/Stop-Anlage (Funktion)\nSteckdose (12V-Anschluß) in Mittelkonsole vorn\nWegfahrsperre\nWidescreen Display\nWärme-/Sonnenschutzverglasung\nWärme-/Sonnenschutzverglasung kombiniert (hinten abgedunkelt)\nZentralverriegelung mit Fernbedienung",
  "dealerDetails": {
    "id": 465057,
    "name": "Autohaus Intermobil GmbH",
    "sellerType": "Dealer",
    "phones": [
      "+49 (0)3379 341999012"
    ],
    "messengers": {
      "WHATS_APP": "+49 (0)173 5159008"
    },
    "languages": [
      "Deutsch",
      "English"
    ],
    "country": "DE",
    "address": "Lichtenrader Chaussee 1, DE-12529 Schönefeld / bei Berlin",
    "location": {
      "latitude": 52.3938019,
      "longitude": 13.4422943
    },
    "activeSince": "2002-11-12T00:00:00.000Z",
    "homepageUrl": "https://home.mobile.de/home/redirect.html?customerId=465057",
    "iconUrl": "https://img.classistatic.de/api/v1/mo-prod/images/a2/a24893cb-d35b-4397-a37f-343e7e1d87c9?rule=mo-640.jpg",
    "reviewPageUrl": "https://www.mobile.de/bewertungen/INTERMOBIL-BERLIN?lang=en",
    "score": {
      "total": 4.5,
      "responseTime": 4.7,
      "friendliness": 4.5,
      "advice": 4.3
    },
    "activeRatingCount": 46,
    "vehicleAsDescribedPercentage": 85,
    "recommendPercentage": 84,
    "soldVehicleCount": null,
    "reviews": []
  },
  "attributes": {
    "Vehicle condition": "Used vehicle",
    "Category": "Estate car",
    "Model range": "Baureihe M3 Touring (G81)(2022->)",
    "Trim line": "xDrive Competition",
    "Vehicle Number": "146716",
    "Availability": "Now",
    "Origin": "German edition",
    "Mileage": "17,400 km",
    "Cubic Capacity": "2,993 ccm",
    "Power": "375 kW (510 hp)",
    "Drive type": "Internal combustion engine",
    "Fuel": "Petrol",
    "CO₂ class": "Based on CO₂ emissions (combined)",
    "Fuel consumption": [
      "10.1 l/100km (combined)",
      "15.3 l/100km (city)",
      "10.1 l/100km (suburban)",
      "8.6 l/100km (country road)",
      "9.5 l/100km (motorway)"
    ],
    "Energy costs for 15,000 km annual mileage": "€2,908/Year",
    "Fuel price": "€1.92/l (annual average 2024)",
    "Possible CO₂ costs over the next 10 years (15,000 km/year)": [
      "€3,950 (assuming an average CO₂ price of €115/t)",
      "€1,718 (assuming a low average CO₂ price of €50/t)",
      "€6,526 (assuming a high average CO₂ price of €190/t)"
    ],
    "Number of Seats": "5",
    "Door Count": "4/5",
    "Transmission": "Automatic",
    "Emission Class": "Euro6d",
    "Emissions Sticker": "4 (Green)",
    "First Registration": "06/2024",
    "Number of Vehicle Owners": "1",
    "Climatisation": "Automatic climatisation, 3 zones",
    "Parking sensors": "Camera, Rear, Front, Self-steering systems",
    "Airbags": "Front and Side and More Airbags",
    "Colour (Manufacturer)": "alpinweiss III",
    "Colour": "White",
    "Interior Design": "Full leather, Black",
    "Weight": "1,940 kg",
    "Cylinders": "6",
    "Energy consumption (comb.)": "10.1 l/100km",
    "CO₂ emissions (comb.)": "229 g/km"
  },
  "features": [
    "ABS",
    "Adaptive cornering lights",
    "Alarm system",
    "Alloy wheels",
    "Ambient lighting",
    "Android Auto",
    "Apple CarPlay",
    "Arm rest",
    "Autom. dimming interior mirror",
    "Blind spot assist",
    "Bluetooth",
    "Central locking",
    "Cruise control",
    "DAB radio",
    "Digital cockpit",
    "Distance warning system",
    "Dynamic chassis control",
    "Electric seat adjustment",
    "Electric side mirror",
    "Electric tailgate",
    "Electric windows",
    "Eletric seat adjustment with memory function",
    "Emergency brake assist",
    "Emergency call system",
    "ESP",
    "Fatigue warning system",
    "Fog lamp",
    "Folding exterior mirrors",
    "Four-wheel drive",
    "Full Service History",
    "Glare-free high beam headlights",
    "Hands-free kit",
    "Heated rear seats",
    "Heated seats",
    "Heated steering wheel",
    "High beam assist",
    "Hill-start assist",
    "Immobilizer",
    "Induction charging for smartphones",
    "Integrated music streaming",
    "Isofix",
    "Keyless central locking",
    "Laser headlights",
    "Leather steering wheel",
    "LED running lights",
    "Light sensor",
    "Lumbar support",
    "Multifunction steering wheel",
    "Navigation system",
    "Non-smoker vehicle",
    "On-board computer",
    "Paddle shifters",
    "Power Steering",
    "Rain sensor",
    "Roof rack",
    "Ski bag",
    "Sound system",
    "Speed limit control system",
    "Sport seats",
    "Sports package",
    "Sports suspension",
    "Start-stop system",
    "Tinted windows",
    "Touchscreen",
    "Traction control",
    "Traffic sign recognition",
    "Tuner/radio",
    "Tyre pressure monitoring",
    "USB port",
    "Voice control",
    "Warranty",
    "Winter package",
    "WLAN / Wi-Fi hotspot"
  ]
},
{
  "title": "BMW M3 Touring SEPANG BRONZE Vollausstattung",
  "previewImage": "https://img.classistatic.de/api/v1/mo-prod/images/f7/f74d62f7-d112-4a70-bb51-fdd7369553a2?rule=mo-1600.jpg",
  "category": "EstateCar",
  "brand": "BMW",
  "model": "M3",
  "url": "https://suchen.mobile.de/fahrzeuge/details.html?id=433791044",
  "price.total.amount": 79900,
  "priceRating": {
    "rating": "Fair price",
    "priceRanges": {
      "Very good price": {
        "start": 56401,
        "end": 73300
      },
      "Good price": {
        "start": 73301,
        "end": 78900
      },
      "Fair price": {
        "start": 78901,
        "end": 87700
      },
      "Increased price": {
        "start": 87701,
        "end": 94200
      },
      "High price": {
        "start": 94201,
        "end": 104700
      }
    }
  },
  "description": "Erstzulassung 06/2023 · 46.000 km · 1. Hand · unfallfrei · scheckheftgepflegt · Service neu · Liebhaberfahrzeug\n\nBMW Individual Lackierung SEPANG BRONZE mit Vollleder Merino Schwarz/Schwarz\nCarbon-Interieurleisten hochglänzend\n19”/20” Schmiederäder Doppelspeiche 826 M Bicolor\n\nSonderausstattung:\n\nS0248 Lenkradheizung\nS0320 Modellschriftzug Entfall\nSO3DE Entfall spezifischer Designumfänge Exterieur\nSOKA Akustikverglasung\nSO3M6 M Compound-Bremse, schwarz hochglänzend\nS0420 Sonnenschutzverglasung\nS0453 Aktive Sitzbelüftung vorn\nSOSAL Active Protection\nSOSDN Parking Assistant Plus\nS0688 Harman Kardon Surround Sound System\nSO6DR BMW Drive Recorder\nSO6U3 BMW Live Cockpit Professional\nSOZME M Driver's Package\n507R7 Innovationspaket\nS0322 Komfortzugang\nSOSAC Fernlichtassistent\nSOSAS Driving Assistant\nSOSAZ BMW Laserlicht\n\nNeupreis 114.588,05 €\nFIN: WBS11GB0X0FR26905\n\nKW-Federn und Distanzscheiben sind eingetragen. Deutsche Erstauslieferung. Nichtraucher. Keine Tiere. Langstrecke.",
  "dealerDetails": {
    "id": 3683627,
    "sellerType": "Private Seller",
    "phones": [
      "+49 (0)1515 8807565"
    ],
    "country": "DE",
    "address": "DE-80799 München",
    "location": {
      "latitude": 48.1510227,
      "longitude": 11.5757012
    },
    "iconUrl": null,
    "reviewPageUrl": null,
    "score": null,
    "activeRatingCount": null,
    "vehicleAsDescribedPercentage": null,
    "recommendPercentage": null,
    "soldVehicleCount": null,
    "reviews": []
  },
  "attributes": {
    "Vehicle condition": "Used vehicle, Accident-free",
    "Category": "Estate car",
    "Mileage": "46,000 km",
    "Cubic Capacity": "2,993 ccm",
    "Power": "375 kW (510 hp)",
    "Drive type": "Internal combustion engine",
    "Fuel": "Petrol",
    "Number of Seats": "5",
    "Door Count": "4/5",
    "Transmission": "Automatic",
    "Emission Class": "Euro6d",
    "Emissions Sticker": "4 (Green)",
    "First Registration": "05/2023",
    "Number of Vehicle Owners": "1",
    "HU": "06/2026",
    "Climatisation": "Automatic climatisation, 3 zones",
    "Parking sensors": "360° camera, Front, Rear",
    "Airbags": "Front and Side and More Airbags",
    "Colour": "Brown Metallic",
    "Interior Design": "Full leather, Black"
  },
  "features": [
    "ABS",
    "Adaptive cornering lights",
    "Adaptive Cruise Control",
    "Alarm system",
    "Alloy wheels",
    "Ambient lighting",
    "Android Auto",
    "Apple CarPlay",
    "Arm rest",
    "Autom. dimming interior mirror",
    "Blind spot assist",
    "Bluetooth",
    "Cargo barrier",
    "Central locking",
    "DAB radio",
    "Digital cockpit",
    "Distance warning system",
    "Electric seat adjustment",
    "Electric side mirror",
    "Electric tailgate",
    "Electric windows",
    "Emergency brake assist",
    "Emergency call system",
    "Emergency tyre repair kit",
    "ESP",
    "Fatigue warning system",
    "Four-wheel drive",
    "Full Service History",
    "Glare-free high beam headlights",
    "Hands-free kit",
    "Head-up display",
    "Heated seats",
    "Heated steering wheel",
    "High beam assist",
    "Hill-start assist",
    "Immobilizer",
    "Induction charging for smartphones",
    "Integrated music streaming",
    "Isofix",
    "Keyless central locking",
    "Lane change assist",
    "Laser headlights",
    "Leather steering wheel",
    "LED running lights",
    "Light sensor",
    "Lumbar support",
    "Multifunction steering wheel",
    "Navigation system",
    "Non-smoker vehicle",
    "On-board computer",
    "Paddle shifters",
    "Particulate filter",
    "Passenger seat Isofix point",
    "Power Steering",
    "Rain sensor",
    "Seat ventilation",
    "Sound system",
    "Speed limit control system",
    "Sport seats",
    "Sports package",
    "Sports suspension",
    "Start-stop system",
    "Summer tyres",
    "Touchscreen",
    "Traction control",
    "Traffic sign recognition",
    "Tuner/radio",
    "Tyre pressure monitoring",
    "USB port",
    "Voice control",
    "Winter package",
    "WLAN / Wi-Fi hotspot"
  ]
},
{
  "title": "BMW M3 Touring xDrive Competition*LASER*360*CARBON*",
  "previewImage": "https://img.classistatic.de/api/v1/mo-prod/images/81/81463f90-dd13-4a35-a870-be2d88f07e5b?rule=mo-1600.jpg",
  "category": "EstateCar",
  "brand": "BMW",
  "model": "M3",
  "url": "https://suchen.mobile.de/fahrzeuge/details.html?id=417156481",
  "price.total.amount": 79990,
  "priceRating": {
    "rating": "Good price",
    "priceRanges": {
      "Very good price": {
        "start": 60101,
        "end": 78200
      },
      "Good price": {
        "start": 78201,
        "end": 84200
      },
      "Fair price": {
        "start": 84201,
        "end": 93600
      },
      "Increased price": {
        "start": 93601,
        "end": 100500
      },
      "High price": {
        "start": 100501,
        "end": 111700
      }
    }
  },
  "description": "Service NEU!\n\nSonderausstattung: \nAktive Sitzbelüftung vorn, BMW Drive Recorder (Dashcam), BMW Individual-Sonderlackierung Frozen Brilliant White Metallic, BMW Live Cockpit Professional, Bremsanlage: Compound - M Bremssystem (Bremssättel Schwarz), Fahrassistenz-System: Driving Assistant Professional, Fahrassistenz-System: Fernlichtassistent, Gepäckraum-Paket, Innenausstattung: BMW Individual Voll-Leder Merino (Tartufo), Innenausstattung: Interieurleisten Carbon, Lenkrad heizbar, LM-Felgen, Parkassistent-Paket Plus, Personalisierungssystem (Personal eSIM), Reifen-Reparaturset (Mobility-Pack), Scheinwerfer BMW Individual Shadow-Line, Scheinwerfer Laserlicht, Sicherheitsgurte M, Sonnenschutzverglasung (hinten abgedunkelt), Sound-System Harman-Kardon, Verglasung Akustikglas\n\nWeitere Ausstattung: \nAblage-Paket, Adaptives Fahrwerk M-Technic, Airbag Beifahrerseite abschaltbar, Aktives M Differential, Ambiente-Beleuchtung, Ausstattungs-Paket: Connected Professional, Außenausstattung: Shadow-Line Hochglanz, Außenausstattung: Shadow-Line Hochglanz (erweiterter Umfang), Außenspiegel elektr. verstell- und heizbar, Bedienelemente galvanisiert, Bordcomputer, Competition, DAB-Tuner (Radioempfang digital), Dachhimmel Anthrazit (BMW Individual), Dachreling Hochglanz Shadow-Line, Diebstahlsicherung für Räder (Felgenschlösser), Durchladeeinrichtung (Mittelarmlehne hinten), Dynamische Stabilitäts-Control (DSC) mit erweiterter Umfang, Einstiegsleisten mit Einleger in Aluminium mit Schriftzug M3, Erste Hilfe-Kasten / Verbandkasten, Fahrassistenz-System: Active Guard (Bremsassistent), Fahrassistenz-System: Aufmerksamkeits-Assistent, Freisprecheinrichtung Bluetooth mit USB-/Audio-Schnittstelle, Fußmatten Velours, Gepäckraumbeleuchtung, Getriebe Automatik - mit Steptronic und Drivelogic (8-Stufen), Getränkehalter, Heckklappenbetätigung automatisch, Heckleuchten LED, Induktionsladeschale für Smartphone (Wireless Charging), Innenspiegel mit Abblendautomatik, Instrumentenkombination (erweiterter Umfang), Isofix-Aufnahmen für Kindersitz an Rücksitz, Karosserie: 5-türig, Kennzeichenbeleuchtung LED, Klimaautomatik 3-Zonen mit autom. Umluft-Control, Knieairbag Fahrerseite, Kopf-Airbag-System hinten, Kopf-Airbag-System vorn, Kopfstützen hinten klappbar, Lenksäule (Lenkrad) elektr. verstellbar, Leuchtweitenregelung, M Drive (Fahrprofilauswahl), M Drive Professional (Fahrprofilauswahl), Motor 3,0 Ltr. - 375 kW 24V TwinTurbo KAT (S58), Nebelschlussleuchte(n), Otto-Partikelfilter (OPF), Park-Distance-Control (PDC) vorn und hinten, Parkbremse elektrisch, Reifendruck-Kontrollsystem, Reifenpannen-Anzeige, Schadstoffarm nach Abgasnorm Euro 6d, Schaltpunktanzeige, Seitenairbag vorn, Service-System: ConnectedDrive Services, Service-System: Gesetzlicher Notruf, Service-System: Intelligenter Notruf inkl. TeleServices, Sitzbezug / Polsterung: Leder Merino (erweiterter Umfang), Sitze vorn elektr. verstellbar (mit Memory), Spiegel-Paket, Sportdifferential, Sportsitze vorn (M-Technic), Start-Stop-Knopf, Start/Stop-Anlage (Funktion), Steckdose (12V-Anschluß) in Mittelkonsole vorn, Warndreieck, Widescreen Display, Wärme-/Sonnenschutzverglasung, Wärme-/Sonnenschutzverglasung kombiniert (hinten abgedunkelt)\nGerne erstellen wir Ihnen ein persönliches Finanzierungsangebot, unsere Premiumbanken\nbieten Ihnen bestmögliche Konditionen und Service. Bitte sprechen Sie uns unbedingt an,\nwir finanzieren Ihnen Ihr Wunschfahrzeug gerne.\n\nFür eine Fahrzeugbesichtigung und Beratung empfehlen wir eine Terminvereinbarung.\n\nDieses Angebot ist unverbindlich. Irrtum und Zwischenverkauf vorbehalten. Alle Angaben ohne Gewähr. Fahrzeugbeschreibung/-ausstattung vorläufig und unverbindlich und werden in dieser Form nicht automatisch zum Vertragsinhalt. Die genaue Ausstattung sehen Sie Vor-Ort !\n\n\n\n... Änderungen, Zwischenverkauf und Irrtümer vorbehalten.",
  "dealerDetails": {
    "id": 16855381,
    "name": "MATIPRO GMBH",
    "sellerType": "Dealer",
    "phones": [
      "+49 (0)8531 410990974"
    ],
    "messengers": {
      "WHATS_APP": "+49 (0)172 9125539"
    },
    "languages": [
      "Deutsch",
      "English"
    ],
    "country": "DE",
    "address": "SCHMIEDWEG 16., DE-94060 POCKING",
    "location": {
      "latitude": 48.4058489,
      "longitude": 13.2983142
    },
    "activeSince": "2017-08-28T00:00:00.000Z",
    "homepageUrl": "https://home.mobile.de/home/redirect.html?customerId=16855381",
    "iconUrl": "https://img.classistatic.de/api/v1/mo-prod/images/37/37cd5aaf-a570-4194-a8c7-9c64c8210939?rule=mo-640.jpg",
    "reviewPageUrl": "https://www.mobile.de/bewertungen/MATIPROGMBH?lang=en",
    "score": {
      "total": 3.6,
      "responseTime": 3.9,
      "friendliness": 3.5,
      "advice": 3.4
    },
    "activeRatingCount": 17,
    "vehicleAsDescribedPercentage": 76,
    "recommendPercentage": 60,
    "soldVehicleCount": null,
    "reviews": []
  },
  "attributes": {
    "Vehicle condition": "Used vehicle, Accident-free",
    "Category": "Estate car",
    "Vehicle Number": "52111.M3",
    "Mileage": "18,000 km",
    "Cubic Capacity": "2,993 ccm",
    "Power": "375 kW (510 hp)",
    "Drive type": "Internal combustion engine",
    "Fuel": "Petrol",
    "Number of Seats": "5",
    "Door Count": "4/5",
    "Transmission": "Automatic",
    "Emission Class": "Euro6d-TEMP",
    "Emissions Sticker": "4 (Green)",
    "First Registration": "08/2023",
    "Number of Vehicle Owners": "1",
    "HU": "New",
    "Climatisation": "Automatic climatisation, 3 zones",
    "Parking sensors": "Front, Rear, 360° camera",
    "Airbags": "Front and Side and More Airbags",
    "Colour (Manufacturer)": "FROZEN BRILLIANT WHITE METALLIC",
    "Colour": "White Metallic",
    "Interior Design": "Full leather, Brown"
  },
  "features": [
    "ABS",
    "Adaptive cornering lights",
    "Adaptive Cruise Control",
    "Alarm system",
    "Alloy wheels",
    "Ambient lighting",
    "Android Auto",
    "Apple CarPlay",
    "Arm rest",
    "Autom. dimming interior mirror",
    "Auxiliary heating",
    "Blind spot assist",
    "Bluetooth",
    "Cargo barrier",
    "Central locking",
    "DAB radio",
    "Digital cockpit",
    "Distance warning system",
    "Electric seat adjustment",
    "Electric side mirror",
    "Electric tailgate",
    "Electric windows",
    "Emergency brake assist",
    "Emergency call system",
    "ESP",
    "Fatigue warning system",
    "Fog lamp",
    "Fold flat passenger seat",
    "Four-wheel drive",
    "Full Service History",
    "Glare-free high beam headlights",
    "Hands-free kit",
    "Head-up display",
    "Heated rear seats",
    "Heated seats",
    "Heated steering wheel",
    "Heated windshield",
    "High beam assist",
    "Hill-start assist",
    "Immobilizer",
    "Induction charging for smartphones",
    "Integrated music streaming",
    "Isofix",
    "Keyless central locking",
    "Lane change assist",
    "Laser headlights",
    "Leather steering wheel",
    "LED running lights",
    "Light sensor",
    "Lumbar support",
    "Multifunction steering wheel",
    "Navigation system",
    "Non-smoker vehicle",
    "On-board computer",
    "Paddle shifters",
    "Power Steering",
    "Rain sensor",
    "Roof rack",
    "Seat ventilation",
    "Ski bag",
    "Smoker's package",
    "Sound system",
    "Speed limit control system",
    "Sport seats",
    "Sports package",
    "Sports suspension",
    "Start-stop system",
    "Summer tyres",
    "Touchscreen",
    "Traction control",
    "Traffic sign recognition",
    "Tuner/radio",
    "Tyre pressure monitoring",
    "USB port",
    "Voice control",
    "Warranty",
    "WLAN / Wi-Fi hotspot"
  ]
},
{
  "title": "BMW M3 Competition M xDrive Limousine*LASER*CARBON*D",
  "previewImage": "https://img.classistatic.de/api/v1/mo-prod/images/27/27a83984-d45b-4e25-8fec-878c4381377c?rule=mo-1600.jpg",
  "category": "Limousine",
  "brand": "BMW",
  "model": "M3",
  "url": "https://suchen.mobile.de/fahrzeuge/details.html?id=433246791",
  "price.total.amount": 74808,
  "priceRating": {
    "rating": "Fair price",
    "priceRanges": {
      "Very good price": {
        "start": 52101,
        "end": 67700
      },
      "Good price": {
        "start": 67701,
        "end": 72900
      },
      "Fair price": {
        "start": 72901,
        "end": 81100
      },
      "Increased price": {
        "start": 81101,
        "end": 87000
      },
      "High price": {
        "start": 87001,
        "end": 96700
      }
    }
  },
  "description": "Antrieb, Fahrwerk\nAdaptives M Fahrwerk\nAllrad\nM Sportdifferenzial\n\nEditionen und Pakete\nAblagenpaket\nConnected Package Professional (laufzeitgebundener Dienst)\nConnectedDrive Services (laufzeitgebundener Dienst)\nM Carbon Exterieurpaket\n\nFahrerassistenz\nBMW Drive Recorder\nDriving Assistant Professional\nGesetzlicher Notruf\nParking Assistant Plus\nTeleservices\n\nIndividualumfänge\nM Hochglanz Shadow Line\nM Hochglanz Shadow Line mit erweiterten Umfängen\n\nKomfort, Innenausstattung\nAktive Sitzbelüftung vorn\nAutomatische Heckklappenbetätigung\nFondkopfstützen klappbar\nGalvanikapplikation für Bedienelemente\nInnen- und Außenspiegelpaket\nKlimaautomatik\nLenkradheizung\nLordosenstütze für Fahrer und Beifahrer\nM Interieurleisten 'Carbon Fibre'\nM Sportsitze\nSitzheizung vorne und hinten\nSitzverstellung elektrisch\nSitzverstellung elektrisch mit Memory für Fahrersitz\nSonnenschutzverglasung\n\nMultimedia\nBMW Live Cockpit Professional (laufzeitgebundener Dienst)\nDAB Tuner\nHarman Kardon Surround Sound System\nTelefonie mit Wireless Charging\nWLAN Hotspot\n\nRäder\nRadschraubensicherung\n\nSitzbezug\nVollleder Merino Silverstone/Schwarz\n\nSonstiges\n19\"/20\" M Schmieder. Doppelsp. 826 M Schwarz /MB, Track Reifen\nABS\nActive Guard\nBlow by-Heizer\nBMW Apps\nDekodierung Zusatzfunktionen\nEntfall Touch Funktionalität auf BMW Controller\nIndividual\nKaeltemittel\nKlimaanlage oder -automatik\nLeder\nLordose\nM Compound-Bremse, schwarz hochglänzend\nM Drive Professional\nM Leuchten Shadow Line\nSondersteuerung Bluetooth/WiFi-Modul\nSportfahrwerk\nSteuerung EfficientDynamics\nSteuerung Karosserie\nUnfallfrei\n\nUmwelt, Sicherheit\nAbgasnorm EU6 RDE II\nAktiver Fussgängerschutz\nAlarmanlage mit Fernbedienung\nBeifahrerairbag-Deaktivierung\nBMW Laserlicht\nFernlichtassistent\nInnenspiegel automatisch abblendend\nReifendruck-Kontrolle\nIrrtümer und Zwischenverkauf vorbehalten.",
  "dealerDetails": {
    "id": 31027996,
    "name": "Autohaus Becker-Tiemann Spenge GmbH & Co KG",
    "sellerType": "Dealer",
    "phones": [
      "+49 (0)5225 899502292"
    ],
    "languages": [
      "Deutsch",
      "English",
      "Türkçe"
    ],
    "country": "DE",
    "address": "Düttingdorfer Str. 342, DE-32139 Spenge",
    "location": {
      "latitude": 52.1279492,
      "longitude": 8.4149624
    },
    "activeSince": "2000-09-13T00:00:00.000Z",
    "homepageUrl": "https://home.mobile.de/home/redirect.html?customerId=31027996",
    "iconUrl": null,
    "reviewPageUrl": "https://www.mobile.de/bewertungen/AUTOHAUSBECKERTIEMANNSPENGEGMBHCOKG?lang=en",
    "score": {
      "total": 4.2,
      "responseTime": 4.2,
      "friendliness": 4.4,
      "advice": 4.1
    },
    "activeRatingCount": 14,
    "vehicleAsDescribedPercentage": 92,
    "recommendPercentage": 83,
    "soldVehicleCount": null,
    "reviews": []
  },
  "attributes": {
    "Vehicle condition": "Used vehicle, Accident-free",
    "Category": "Saloon",
    "Model range": "M3",
    "Trim line": "M xDrive Limousine*LASER*CARBON*DRIV.ASSIS. PROF*360 G…",
    "Vehicle Number": "51500388",
    "Availability": "Now",
    "Origin": "German edition",
    "Mileage": "55,319 km",
    "Cubic Capacity": "2,993 ccm",
    "Power": "375 kW (510 hp)",
    "Drive type": "Internal combustion engine",
    "Fuel": "Petrol, E10-enabled",
    "Number of Seats": "5",
    "Door Count": "4/5",
    "Transmission": "Automatic",
    "Emission Class": "Euro6",
    "Emissions Sticker": "4 (Green)",
    "First Registration": "07/2022",
    "Construction Year": "2022",
    "Number of Vehicle Owners": "1",
    "HU": "New",
    "Climatisation": "Automatic climatisation, 2 zones",
    "Parking sensors": "Rear, 360° camera, Front, Self-steering systems",
    "Airbags": "Front and Side and More Airbags",
    "Colour (Manufacturer)": "Skyscraper Grau",
    "Colour": "Grey Metallic",
    "Interior Design": "Full leather, Black"
  },
  "features": [
    "ABS",
    "Adaptive cornering lights",
    "Adaptive Cruise Control",
    "Alarm system",
    "Alloy wheels",
    "Ambient lighting",
    "Android Auto",
    "Apple CarPlay",
    "Arm rest",
    "Autom. dimming interior mirror",
    "Blind spot assist",
    "Bluetooth",
    "Central locking",
    "DAB radio",
    "Digital cockpit",
    "Distance warning system",
    "Electric seat adjustment",
    "Electric side mirror",
    "Electric tailgate",
    "Electric windows",
    "Eletric seat adjustment with memory function",
    "Emergency brake assist",
    "Emergency call system",
    "ESP",
    "Fatigue warning system",
    "Folding exterior mirrors",
    "Four-wheel drive",
    "Full Service History",
    "Glare-free high beam headlights",
    "Hands-free kit",
    "Head-up display",
    "Heated rear seats",
    "Heated seats",
    "Heated steering wheel",
    "High beam assist",
    "Hill-start assist",
    "Immobilizer",
    "Induction charging for smartphones",
    "Integrated music streaming",
    "Isofix",
    "Keyless central locking",
    "Lane change assist",
    "Laser headlights",
    "Leather steering wheel",
    "LED running lights",
    "Light sensor",
    "Lumbar support",
    "Multifunction steering wheel",
    "Navigation system",
    "Non-smoker vehicle",
    "On-board computer",
    "Paddle shifters",
    "Particulate filter",
    "Power Steering",
    "Rain sensor",
    "Rear traffic alert",
    "Seat ventilation",
    "Sound system",
    "Speed limit control system",
    "Sport seats",
    "Sports package",
    "Sports suspension",
    "Start-stop system",
    "Summer tyres",
    "Tinted windows",
    "Touchscreen",
    "Traction control",
    "Traffic sign recognition",
    "Tuner/radio",
    "Tyre pressure monitoring",
    "USB port",
    "Voice control",
    "Warranty",
    "Winter package",
    "WLAN / Wi-Fi hotspot"
  ]
},
{
  "title": "BMW M3 xDrive Competition Head Up 360° Harman",
  "previewImage": "https://img.classistatic.de/api/v1/mo-prod/images/66/662fdcc7-719c-450a-9073-88066dd16c42?rule=mo-1600.jpg",
  "category": "EstateCar",
  "brand": "BMW",
  "model": "M3",
  "url": "https://suchen.mobile.de/fahrzeuge/details.html?id=433090251",
  "price.total.amount": 80899,
  "priceRating": {
    "rating": "Good price",
    "priceRanges": {
      "Very good price": {
        "start": 59401,
        "end": 77200
      },
      "Good price": {
        "start": 77201,
        "end": 83100
      },
      "Fair price": {
        "start": 83101,
        "end": 92400
      },
      "Increased price": {
        "start": 92401,
        "end": 99200
      },
      "High price": {
        "start": 99201,
        "end": 110200
      }
    }
  },
  "description": "BMW M3 Competition\nSound System\n360 ° Kamera\nShadow-Line\nHead-Up Display\nLaserlicht\nCarbon Paket\nUnfallfrei\n1 Hand\nScheckheftgepflegt\n\n\n\nSonderausstattung:\nAktive Sitzbelüftung vorn, BMW Drive Recorder (Dashcam), BMW Live Cockpit Professional, Bremsanlage: Compound - M Bremssystem (Bremssättel Schwarz), Fahrassistenz-System: Driving Assistant Professional, Fzg. ohne Modell-Schriftzug, Innenausstattung: Interieurleisten Carbon, Innovations-Paket, Lenkrad heizbar, LM-Felgen, M Driver´s Package, Metallic-Lackierung, Parkassistent-Paket Plus, Scheinwerfer BMW Individual Shadow-Line, Sicherheitssystem Active Protection, Sitzbezug / Polsterung: Voll-Leder Merino, Sonnenschutzverglasung (hinten abgedunkelt), Sound-System Harman-Kardon, Verglasung Akustikglas\n\nWeitere Ausstattung:\nAblage-Paket, Adaptives Fahrwerk M-Technic, Airbag Beifahrerseite abschaltbar, Aktives M Differential, Ambiente-Beleuchtung, Ausstattungs-Paket: Connected Professional, Außenausstattung: Shadow-Line Hochglanz, Außenausstattung: Shadow-Line Hochglanz (erweiterter Umfang), Außenspiegel elektr. verstell- und heizbar, Bedienelemente galvanisiert, Bordcomputer, Competition, DAB-Tuner (Radioempfang digital), Dachhimmel Anthrazit (BMW Individual), Dachreling Hochglanz Shadow-Line, Diebstahlsicherung für Räder (Felgenschlösser), Durchladeeinrichtung (Mittelarmlehne hinten), Dynamische Stabilitäts-Control (DSC) mit erweiterter Umfang, Einstiegsleisten mit Einleger in Aluminium mit Schriftzug M, Erste Hilfe-Kasten / Verbandkasten, Fahrassistenz-System: Active Guard (Bremsassistent), Fahrassistenz-System: Aufmerksamkeits-Assistent, Freisprecheinrichtung Bluetooth mit USB-/Audio-Schnittstelle, Fußmatten Velours, Gepäckraumbeleuchtung, Getriebe Automatik - mit Steptronic und Drivelogic (8-Stufen), Getränkehalter, Heckklappenbetätigung automatisch, Heckleuchten LED, Induktionsladeschale für Smartphone (Wireless Charging), Innenspiegel mit Abblendautomatik, Instrumentenkombination (erweiterter Umfang), Isofix-Aufnahmen für Kindersitz an Rücksitz, Karosserie: 5-türig, Kennzeichenbeleuchtung LED, Klimaautomatik 3-Zonen mit autom. Umluft-Control, Knieairbag Fahrerseite, Kopf-Airbag-System hinten, Kopf-Airbag-System vorn, Kopfstützen hinten klappbar, Lenksäule (Lenkrad) elektr. verstellbar, Leuchtweitenregelung, M Drive (Fahrprofilauswahl), M Drive Professional (Fahrprofilauswahl), Motor 3,0 Ltr. - 375 kW 24V TwinTurbo KAT (S58), Nebelschlussleuchte(n), Otto-Partikelfilter (OPF), Park-Distance-Control (PDC) vorn und hinten, Parkbremse elektrisch, Reifendruck-Kontrollsystem, Reifenpannen-Anzeige, Schadstoffarm nach Abgasnorm Euro 6d, Schaltpunktanzeige, Seitenairbag vorn, Service-System: ConnectedDrive Services, Service-System: Gesetzlicher Notruf, Service-System: Intelligenter Notruf inkl. TeleServices, Sitze vorn elektr. verstellbar (mit Memory), Spiegel-Paket, Sportdifferential, Sportsitze vorn (M-Technic), Start-Stop-Knopf, Start/Stop-Anlage (Funktion), Steckdose (12V-Anschluß) in Mittelkonsole vorn, Warndreieck, Widescreen Display, Wärme-/Sonnenschutzverglasung, Wärme-/Sonnenschutzverglasung kombiniert (hinten abgedunkelt)\n\n\nWir sind auch am Wochenende für sie da \n\nFinanzierung / Leasing auch ohne Anzahlung möglich \n\nInzahlungnahme Ihres Gebrauchten \n\ndeutschlandweite Auslieferung möglich\n\n\nÜberführungskennzeichen / Zollkennzeichen\n\n\n\n\n\nDie hier gemachten Angaben sind unverbindliche Beschreibungen. Sie stellen keine zugesicherten Eigenschaften dar. Der Verkäufer haftet nicht für Tipp u. Datenübermittlungsfehler / Änderungen / Eingabefehler. Irrtümer / Zwischenverkauf vorbehalten",
  "dealerDetails": {
    "id": 457430,
    "name": "AUTO ZENTRUM EICHSFELD",
    "sellerType": "Dealer",
    "phones": [
      "+49 (0)3606 699991975"
    ],
    "messengers": {
      "WHATS_APP": "+49 (0)171 7505559"
    },
    "languages": [
      "Deutsch",
      "English"
    ],
    "country": "DE",
    "address": "Heinrich-Ernemann-Strasse 4, DE-37308 Heilbad Heiligenstadt",
    "location": {
      "latitude": 51.39187630000001,
      "longitude": 10.1292374
    },
    "activeSince": "2002-02-05T00:00:00.000Z",
    "homepageUrl": "https://home.mobile.de/home/redirect.html?customerId=457430",
    "iconUrl": null,
    "reviewPageUrl": "https://www.mobile.de/bewertungen/DUNKEL?lang=en",
    "score": {
      "total": 4,
      "responseTime": 4,
      "friendliness": 4.3,
      "advice": 3.8
    },
    "activeRatingCount": 4,
    "vehicleAsDescribedPercentage": 66,
    "recommendPercentage": 66,
    "soldVehicleCount": null,
    "reviews": []
  },
  "attributes": {
    "Vehicle condition": "Used vehicle, Accident-free",
    "Category": "Estate car",
    "Model range": "Baureihe M3 Touring (G81)(2022->)",
    "Trim line": "xDrive Competition",
    "Mileage": "23,400 km",
    "Cubic Capacity": "2,993 ccm",
    "Power": "375 kW (510 hp)",
    "Drive type": "Internal combustion engine",
    "Fuel": "Petrol",
    "Number of Seats": "5",
    "Door Count": "4/5",
    "First Registration": "11/2023",
    "Number of Vehicle Owners": "1",
    "Climatisation": "Automatic air conditioning",
    "Parking sensors": "Rear, 360° camera",
    "Airbags": "Front and Side and More Airbags",
    "Colour (Manufacturer)": "BLACK SAPPHIRE METALLIC",
    "Colour": "Black Metallic",
    "Interior Design": "Full leather, Black",
    "Weight": "1,940 kg",
    "Cylinders": "6",
    "Tank capacity": "59 l"
  },
  "features": [
    "ABS",
    "Adaptive Cruise Control",
    "Alarm system",
    "Alloy wheels",
    "Apple CarPlay",
    "Arm rest",
    "Autom. dimming interior mirror",
    "Bluetooth",
    "CD Multichanger",
    "Central locking",
    "DAB radio",
    "Electric seat adjustment",
    "Electric side mirror",
    "Electric windows",
    "Eletric seat adjustment with memory function",
    "Emergency brake assist",
    "ESP",
    "Fog lamp",
    "Four-wheel drive",
    "Full Service History",
    "Hands-free kit",
    "Head-up display",
    "Heated rear seats",
    "Heated seats",
    "Immobilizer",
    "Isofix",
    "Lane change assist",
    "Laser headlights",
    "Leather steering wheel",
    "LED running lights",
    "Light sensor",
    "Multifunction steering wheel",
    "Navigation system",
    "Non-smoker vehicle",
    "On-board computer",
    "Paddle shifters",
    "Power Steering",
    "Rain sensor",
    "Roof rack",
    "Sound system",
    "Sport seats",
    "Sports suspension",
    "Start-stop system",
    "Summer tyres",
    "Tinted windows",
    "Touchscreen",
    "Traffic sign recognition",
    "Tyre pressure monitoring",
    "USB port",
    "Warranty"
  ]
},
{
  "title": "BMW M3 Competion M xDrive Touring M3 Competion",
  "previewImage": "https://img.classistatic.de/api/v1/mo-prod/images/89/894bc4af-b840-4410-8a7e-e641b76a19f2?rule=mo-1600.jpg",
  "category": "EstateCar",
  "brand": "BMW",
  "model": "M3",
  "url": "https://suchen.mobile.de/fahrzeuge/details.html?id=432686971",
  "price.total.amount": 81800,
  "priceRating": {
    "rating": "Good price",
    "priceRanges": {
      "Very good price": {
        "start": 59101,
        "end": 76800
      },
      "Good price": {
        "start": 76801,
        "end": 82700
      },
      "Fair price": {
        "start": 82701,
        "end": 92000
      },
      "Increased price": {
        "start": 92001,
        "end": 98700
      },
      "High price": {
        "start": 98701,
        "end": 109700
      }
    }
  },
  "description": "Das Fahrzeug wurde am 30.11.2024 direkt von der BMW AG übernommen und in der Zeit davor bei BMW ausschließlich von mir genutzt. Danach habe ich das Fahrzeug als BMW Renter noch genutzt.\nAlle originalen Schutzfolien (z. B. auf dem Display) im Innenraum sind noch vorhanden.\nAuto ist in Top Zustand\n\n• Garantie: BMW Europlus bis 24.03.2029\n\nAls besondere Ausstattung hat das Fahrzeug den Driving Assistant Professional und den Parking Assistant Plus\n\nWeitere Sonderausstattungen\n\nInnovationspaket\nKomfortzugang\nBMW Laserlicht\nDriving Assistant Professional\nM Drive Professional\nReifendruck-Kontrolle\nGepäckraumpaket\nSonnenschutzverglasung\nInnen- und Außenspiegelpaket\nGalvanikapplikation für Bedienelemente\nActive Protection\nActive Guard\nFondkopfstützen, klappbar\nParking Assistant Plus\nDAB-Tuner\nHarman Kardon Surround Sound System\nConnectedDrive Services\nConnectedPackage Professional\nWireless Charging Ablage\nBMW Live Cockpit Professional",
  "dealerDetails": {
    "id": 39550819,
    "sellerType": "Private Seller",
    "phones": [
      "+49 (0)1511 7622392"
    ],
    "country": "DE",
    "address": "DE-80997 München",
    "location": {
      "latitude": 48.1892389,
      "longitude": 11.4842864
    },
    "iconUrl": null,
    "reviewPageUrl": null,
    "score": null,
    "activeRatingCount": null,
    "vehicleAsDescribedPercentage": null,
    "recommendPercentage": null,
    "soldVehicleCount": null,
    "reviews": []
  },
  "attributes": {
    "Vehicle condition": "Used vehicle, Accident-free",
    "Category": "Estate car",
    "Mileage": "18,900 km",
    "Cubic Capacity": "2,993 ccm",
    "Power": "375 kW (510 hp)",
    "Drive type": "Internal combustion engine",
    "Fuel": "Petrol",
    "Number of Seats": "5",
    "Door Count": "4/5",
    "Transmission": "Automatic",
    "Emission Class": "Euro6",
    "Emissions Sticker": "4 (Green)",
    "First Registration": "03/2024",
    "Number of Vehicle Owners": "1",
    "HU": "03/2027",
    "Climatisation": "Automatic climatisation, 3 zones",
    "Parking sensors": "Self-steering systems, Front, 360° camera, Rear",
    "Airbags": "Front and Side Airbags",
    "Colour": "Blue Metallic",
    "Interior Design": "Full leather, Black"
  },
  "features": [
    "ABS",
    "Adaptive Cruise Control",
    "Adaptive lighting",
    "Alarm system",
    "Alloy wheels",
    "Ambient lighting",
    "Android Auto",
    "Apple CarPlay",
    "Arm rest",
    "Autom. dimming interior mirror",
    "Blind spot assist",
    "Bluetooth",
    "Cargo barrier",
    "Central locking",
    "Daytime running lights",
    "Digital cockpit",
    "Distance warning system",
    "Electric seat adjustment",
    "Electric side mirror",
    "Electric tailgate",
    "Electric windows",
    "Emergency brake assist",
    "Emergency call system",
    "Emergency tyre",
    "ESP",
    "Fatigue warning system",
    "Fog lamp",
    "Four-wheel drive",
    "Full Service History",
    "Glare-free high beam headlights",
    "Hands-free kit",
    "Head-up display",
    "Heated seats",
    "Heated steering wheel",
    "Hill-start assist",
    "Immobilizer",
    "Induction charging for smartphones",
    "Integrated music streaming",
    "Isofix",
    "Keyless central locking",
    "Lane change assist",
    "Laser headlights",
    "Leather steering wheel",
    "Light sensor",
    "Lumbar support",
    "Multifunction steering wheel",
    "Navigation system",
    "Night vision assist",
    "Non-smoker vehicle",
    "On-board computer",
    "Paddle shifters",
    "Particulate filter",
    "Power Steering",
    "Rain sensor",
    "Roof rack",
    "Sound system",
    "Speed limit control system",
    "Sport seats",
    "Sports package",
    "Sports suspension",
    "Start-stop system",
    "Summer tyres",
    "Touchscreen",
    "Traction control",
    "Traffic sign recognition",
    "Tuner/radio",
    "Tyre pressure monitoring",
    "USB port",
    "Voice control",
    "Warranty",
    "WLAN / Wi-Fi hotspot"
  ]
},
{
  "title": "BMW M3 Competition Head-Up+Navi+360°+Laser+ACC+SHZ",
  "previewImage": "https://img.classistatic.de/api/v1/mo-prod/images/e7/e7725468-c33b-498e-a635-2352ce5adbb4?rule=mo-1600.jpg",
  "category": "EstateCar",
  "brand": "BMW",
  "model": "M3",
  "url": "https://suchen.mobile.de/fahrzeuge/details.html?id=429066070",
  "price.total.amount": 80799,
  "priceRating": {
    "rating": "Fair price",
    "priceRanges": {
      "Very good price": {
        "start": 55601,
        "end": 72300
      },
      "Good price": {
        "start": 72301,
        "end": 77800
      },
      "Fair price": {
        "start": 77801,
        "end": 86500
      },
      "Increased price": {
        "start": 86501,
        "end": 92900
      },
      "High price": {
        "start": 92901,
        "end": 103200
      }
    }
  },
  "description": "Antrieb, Fahrwerk\nAdaptives M Fahrwerk\nAllrad\nBremsanlage: Compound - M Bremssystem (Bremssättel Rot)\nM Drive Professional\nM Sportdifferenzial\nSportfahrwerk\n\nAußenausstattung\nDachreling Hochglanz Shadow-Line\nHeckklappenbetätigung automatisch\nWärme-/Sonnenschutzverglasung\n\nEditionen und Pakete\nAblagenpaket\nConnected Package Professional (laufzeitgebundener Dienst)\nConnectedDrive Services (laufzeitgebundener Dienst)\nInnovations-Paket\nM Driver´s Package\n\nExterieur\nDach und Spiegelkappen schwarz\nDachreling\nElektrische Gepäckraumklappe\n\nFahrerassistenz\nFahrassistenz-System: Driving Assistant Professional\nGesetzlicher Notruf\nPark Distance Control (PDC)\nParkassistent-Paket Plus\nRückfahrkamera\nSpurverlassenswarnung\nSpurwechselwarnung\nTeleservices\n\nIndividualumfänge\nM Dachreling Hochglanz Shadow Line\nM Hochglanz Shadow Line\nM Hochglanz Shadow Line mit erweiterten Umfängen\nScheinwerfer BMW Individual Shadow-Line\n\nKomfort, Innenausstattung\nAbstandsregeltempomat\nAktive Sitzbelüftung vorn\nAmbiente-Beleuchtung\nAußenspiegel elektr. anklappbar\nAußenspiegel elektr. verstell- und heizbar\nBordcomputer\nDAB-Tuner (Radioempfang digital)\nDurchladeeinrichtung (Mittelarmlehne hinten)\nDurchladesystem\nEinparkhilfe Sensoren vorne\nFensterheber elektrisch\nFensterheber, elektrisch\nFondkopfstützen klappbar\nFreisprecheinrichtung Bluetooth mit USB-/Audio-Schnittstelle\nFunkfernbedienung\nGalvanikapplikation für Bedienelemente\nInduktionsladeschale für Smartphone (Wireless Charging)\nInnen- und Außenspiegelpaket\nInnenspiegel mit Abblendautomatik\nIsofix-Aufnahmen für Kindersitz an Rücksitz\nKeyless Entry\nKlimaautomatik\nKlimaautomatik 3-Zonen mit autom. Umluft-Control\nKomfortzugang (Öffnungs- und Schließsystem)\nLeder\nLederlenkrad\nLendenwirbelstütze Sitz vorn links und rechts, elektr. verstellbar\nLenkrad (Leder) mit Multifunktion M-Technic\nLenkrad heizbar\nLordose\nLordosenstütze für Fahrer und Beifahrer\nM Sportsitze\nMultifunktionslenkrad\nPark-Distance-Control (PDC) vorn und hinten\nScheibenwischer mit Regensensor\nService-System: Real Time Traffic Information (RTTI)\nSicherheitsgurte M\nSitze vorn elektr. verstellbar (mit Memory)\nSitzheizung\nSitzheizung für Fahrer und Beifahrer\nSitzverstellung elektrisch mit Memory für Fahrersitz\nSonnenschutzverglasung (hinten abgedunkelt)\nSportsitze\nSpurhalteassistent\nZentralverriegelung\n\nMultimedia\nBluetooth\nBMW Live Cockpit Professional\nBordcomputer\nDAB Tuner\nFreisprecheinrichtung\nSound-System Harman-Kardon\nTelefon\nUSB Schnittstelle\n\nRäder\nLM-Felgen vorn/hinten: 9,5x19 / 10,5x20 (Doppelspeichen 825 M, Bicolor, Schwarz)\nRadschraubensicherung\n\nSitzbezug\nLeder Merino Schwarz/Schwarz\n\nSonstiges\n19\"/20\" M Schmiederäder Doppelspeiche 825 M Bicolor Schwarz / MB\nAblage für Wireless Charging\nActive Guard\nAktive Sitzbelüftung vorn\nBlow by-Heizer\nBMW Curved Display\nBMW Individuallackierung Tansanit-Blau II Metallic\nBMW Laserlicht\nBMW Live Cockpit Professional (laufzeitgebundener Dienst)\nControl-Display mit Farbmonitor (14,9 Zoll)\nDekodierung Zusatzfunktionen\nDeutsch / Bordliteratur\nDeutschland-Ausfuehrung\nDriving Assistant Professional\nElektrisch verstellbare Spiegel\nEU-spezifische Zusatzumfaenge\nFahrassistenz-System: aktiver Spurhalteassistent\nFahrassistenz-System: Ampel-Erkennung\nFahrassistenz-System: Ausweich-Assistent\nFahrassistenz-System: Driving Assistant\nFahrassistenz-System: Falschfahrwarnung\nFahrassistenz-System: Frontkollisionswarnung\nFahrassistenz-System: Heckaufprall-Vermeidung (Prävention Heckkollision)\nFahrassistenz-System: Kreuzungs-Assistent\nFahrassistenz-System: Querverkehrs-Assistent\nFahrassistenz-System: Rückfahr-Assistent\nFahrassistenz-System: Spurwechselassistent\nFahrassistenz-System: Spurwechsel-Warnsystem\nFernlichtassistent\nFzg. ohne Modell-Schriftzug\nGeschwindigkeits-Regelanlage, Aktiv mit Stop&Go-Funktion\nHarman Kardon Surround Sound System\nInnenausstattung: Interieurleisten Alu Rhombicle mit Akzentleiste\nInnovationspaket\nKaeltemittel\nKilometertacho\nKomfortzugang\nLenkradheizung\nM Compound-Bremse, rot hochglänzend\nM Driver's Package\nM Interieurleisten Aluminium Rhombicle Anthrazit\nM Leuchten Shadow Line\nM Sicherheitsgurte\nMetallic-Lackierung\nModellschriftzug - Entfall\nMüdigkeitswarnsystem\nNotrufsystem\nÖlwartungsintervall 24 Monate/30.000 km\nParking Assistant Plus\nReifendruckkontrollsystem\nRückfahrkamera (Top View)\nSonnenschutzverglasung\nSteuerung EfficientDynamics\nSteuerung Infotainment\nSteuerung Karosserie\nSurround-Kamerasystem (Surround View)\n\nUmwelt, Sicherheit\nAbgasnorm EU6 RDE II\nABS\nAktiver Fussgängerschutz\nAlarmanlage mit Fernbedienung\nAuto Start/Stop Funktion \nBeifahrerairbag\nBeifahrerairbag-Deaktivierung\nESP\nFahrassistenz-System: Fernlichtassistent\nFahrerairbag\nInnenspiegel automatisch abblendend\nKindersitzbefestigung ISOFIX\nKopfairbag\nNotbremsassistent\nPASM\nRegensensor\nReifendruck-Kontrolle\nScheinwerfer Laserlicht\nSeitenairbag\nTraction Control\nWarndreieck\nWegfahrsperre\nIrrtümer und Zwischenverkauf vorbehalten.",
  "dealerDetails": {
    "id": 1949311,
    "name": "Cloppenburg GmbH",
    "sellerType": "Dealer",
    "phones": [
      "+49 (0)4242 967003323"
    ],
    "languages": [
      "Deutsch",
      "English"
    ],
    "country": "DE",
    "address": "Siemensstrasse 9, DE-28857 Syke",
    "location": {
      "latitude": 52.9167982,
      "longitude": 8.8011611
    },
    "activeSince": "2008-10-30T00:00:00.000Z",
    "homepageUrl": "https://home.mobile.de/home/redirect.html?customerId=1949311",
    "iconUrl": null,
    "reviewPageUrl": "https://www.mobile.de/bewertungen/CLOPPENBURG-GMBH-SYKE?lang=en",
    "score": {
      "total": 4.3,
      "responseTime": 4.4,
      "friendliness": 4.4,
      "advice": 4.1
    },
    "activeRatingCount": 18,
    "vehicleAsDescribedPercentage": 81,
    "recommendPercentage": 86,
    "soldVehicleCount": null,
    "reviews": []
  },
  "attributes": {
    "Vehicle condition": "Used vehicle, Accident-free",
    "Category": "Estate car",
    "Model range": "G81",
    "Trim line": "Head-Up+Navi+360°+Laser+ACC+SHZ",
    "Vehicle Number": "B33251496996",
    "Availability": "Now",
    "Mileage": "63,566 km",
    "Cubic Capacity": "2,993 ccm",
    "Power": "375 kW (510 hp)",
    "Drive type": "Internal combustion engine",
    "Fuel": "Petrol, E10-enabled",
    "Number of Seats": "5",
    "Door Count": "4/5",
    "Transmission": "Automatic",
    "Emission Class": "Euro6d",
    "First Registration": "11/2023",
    "Construction Year": "2023",
    "Number of Vehicle Owners": "1",
    "HU": "New",
    "Climatisation": "Automatic climatisation, 3 zones",
    "Parking sensors": "Rear, 360° camera, Front, Self-steering systems",
    "Airbags": "Front and Side and More Airbags",
    "Colour (Manufacturer)": "BMW Individual Tansanitblau",
    "Colour": "Blue Metallic",
    "Interior Design": "Full leather, Black",
    "Weight": "1,940 kg",
    "Cylinders": "6",
    "Tank capacity": "59 l"
  },
  "features": [
    "ABS",
    "Adaptive cornering lights",
    "Adaptive Cruise Control",
    "Alarm system",
    "Alloy wheels",
    "Ambient lighting",
    "Android Auto",
    "Apple CarPlay",
    "Arm rest",
    "Autom. dimming interior mirror",
    "Blind spot assist",
    "Bluetooth",
    "Cargo barrier",
    "CD player",
    "Central locking",
    "DAB radio",
    "Digital cockpit",
    "Distance warning system",
    "Dynamic chassis control",
    "Electric seat adjustment",
    "Electric side mirror",
    "Electric tailgate",
    "Electric windows",
    "Eletric seat adjustment with memory function",
    "Emergency brake assist",
    "Emergency call system",
    "ESP",
    "Fatigue warning system",
    "Four-wheel drive",
    "Full Service History",
    "Glare-free high beam headlights",
    "Hands-free kit",
    "Head-up display",
    "Heated seats",
    "Heated steering wheel",
    "High beam assist",
    "Hill-start assist",
    "Immobilizer",
    "Induction charging for smartphones",
    "Integrated music streaming",
    "Isofix",
    "Keyless central locking",
    "Lane change assist",
    "Laser headlights",
    "Leather steering wheel",
    "LED running lights",
    "Light sensor",
    "Lumbar support",
    "Multifunction steering wheel",
    "Navigation preparation",
    "Navigation system",
    "Non-smoker vehicle",
    "On-board computer",
    "Paddle shifters",
    "Particulate filter",
    "Power Steering",
    "Rain sensor",
    "Rear traffic alert",
    "Roof rack",
    "Seat ventilation",
    "Sound system",
    "Speed limit control system",
    "Sport seats",
    "Sports package",
    "Sports suspension",
    "Start-stop system",
    "Summer tyres",
    "Tinted windows",
    "Touchscreen",
    "Traction control",
    "Traffic sign recognition",
    "Tuner/radio",
    "Tyre pressure monitoring",
    "USB port",
    "Voice control",
    "Warranty",
    "Winter package",
    "WLAN / Wi-Fi hotspot"
  ]
},
{
  "title": "BMW M3 Touring xDrive Competition Steptronic/eSitz",
  "previewImage": "https://img.classistatic.de/api/v1/mo-prod/images/f6/f6a163cc-2551-40cc-8229-907e79ca3c36?rule=mo-1600.jpg",
  "category": "EstateCar",
  "brand": "BMW",
  "model": "M3",
  "url": "https://suchen.mobile.de/fahrzeuge/details.html?id=433643544",
  "price.total.amount": 81900,
  "priceRating": {
    "rating": "Fair price",
    "priceRanges": {
      "Very good price": {
        "start": 58101,
        "end": 75500
      },
      "Good price": {
        "start": 75501,
        "end": 81300
      },
      "Fair price": {
        "start": 81301,
        "end": 90500
      },
      "Increased price": {
        "start": 90501,
        "end": 97100
      },
      "High price": {
        "start": 97101,
        "end": 107900
      }
    }
  },
  "description": "BMW M3 Touring xDrive Competition:\n\nAutomatikgetriebe - Steptronic und Drivelogic (8-Stufen)\nNavigationssystem\nPolsterung: Leder Merino schwarz (erweiterter Umfang)\nSitze vorn elektr. verstellbar (mit Memory)\nRückfahrkamera\nLED Scheinwerfer\nBMW Live Cockpit Plus\nWidescreen Display\nSonnenschutzverglasung (hinten abgedunkelt)\nHiFi-Lautsprechersystem\nInduktionsladeschale für Smartphone (Wireless Charging)\nDAB-Tuner (Radioempfang digital)\nDachhimmel Anthrazit (BMW Individual)\nApple CarPlay / Android Auto\n\nAktives M Differential\nAdaptives Fahrwerk M-Technik\nSportdifferential\nSportsitze vorn (M-Technik)\nM Drive (Fahrprofilauswahl)\nM Drive Professional (Fahrprofilauswahl)\n\nParkassistent-Paket\nAblage-Paket\nSpiegel-Paket\n\nFahrassistenz-System: Aufmerksamkeits-Assistent\nFahrassistenz-System: Active Guard (Bremsassistent)\nFahrassistenz-System: Spurverlassenswarnung\nFahrassistenz-System: Geschwindigkeitsassistent\n\nInnenausstattung: Interieurleisten Alu Rhombicle mit Akzentleiste\noriginal BMW M LM-Felgen 19\" / 20\"\nMetallic-Lackierung\nAirbag Beifahrerseite abschaltbar\nAmbiente-Beleuchtung\nAusstattungs-Paket: Connected Professional\nAußenausstattung: Shadow-Line Hochglanz (erweiterter Umfang)\nAußenspiegel elektr. verstell- und heizbar\nBedienelemente galvanisiert\nBordcomputer Dachreling Hochglanz Shadow-Line\nDiebstahlsicherung für Räder (Felgenschlösser)\nDurchladeeinrichtung (Mittelarmlehne hinten)\nDynamische Stabilitäts-Control (DSC) mit erweiterter Umfang\nEinstiegsleisten mit Einleger in Aluminium mit Schriftzug M\nFreisprecheinrichtung Bluetooth mit USB-/Audio-Schnittstelle\nFußmatten Velours\nGepäckraumbeleuchtung\nGetränkehalter\nHeckklappenbetätigung automatisch\nHeckleuchten LED\nInnenausstattung: Interieurleisten schwarz hochglänzend\nInnenspiegel mit Abblendautomatik\nInstrumentenkombination (erweiterter Umfang)\nIsofix-Aufnahmen für Kindersitz an Rücksitz\nKarosserie: 5-türig\nKennzeichenbeleuchtung LED\nKlimaautomatik 3-Zonen mit autom. Umluft-Control\nKnieairbag Fahrerseite\nKopf-Airbag-System hinten + vorn\nKopfstützen hinten klappbar\nLenksäule (Lenkrad) elektr. verstellbar\nLeuchtweitenregelung\nMotor 3,0 Ltr. - 375 kW 24V TwinTurbo KAT (S58)\nNebelschlussleuchte(n)\nOtto-Partikelfilter (OPF)\nPark-Distance-Control (PDC) vorn und hinten\nParkbremse elektrisch\nReifendruck-Kontrollsystem\nReifenpannen-Anzeige\nSchadstoffarm nach Abgasnorm Euro 6d\nSeitenairbag vorn\nService-System: ConnectedDrive\nServices Service-System: Gesetzlicher Notruf\nService-System: Intelligenter Notruf inkl. TeleServices\nStart/Stop-Anlage (Funktion)\nSteckdose (12V-Anschluß) in Mittelkonsole vorn\nWärme-/Sonnenschutzverglasung kombiniert (hinten abgedunkelt)\n\nFahrgestellnummer: WBS11GB090FR92796\n\nNetto-Exportpreis: 68.824 €\n\n- Deutsches Fahrzeug aus 1. Hand.\n- Scheckheft gepflegt bei BMW (letzter Service bei 22.679 km / 07.2024).\n\nBitte vereinbaren Sie zur Besichtigung einen Termin.\n\nEingabefehler, Irrtum und Zwischenverkauf unter Vorbehalt.",
  "dealerDetails": {
    "id": 16160689,
    "name": "Auto D. Schindlbeck",
    "sellerType": "Dealer",
    "phones": [
      "+49 (0)9955 435982010"
    ],
    "messengers": {
      "WHATS_APP": "+49 (0)1516 4304244"
    },
    "languages": [
      "Deutsch",
      "English"
    ],
    "country": "DE",
    "address": "An der Zeilstatt 9, DE-94437 Mammingerschwaigen",
    "location": {
      "latitude": 48.6614229,
      "longitude": 12.5950173
    },
    "activeSince": "2017-04-06T00:00:00.000Z",
    "homepageUrl": "https://home.mobile.de/home/redirect.html?customerId=16160689",
    "iconUrl": null,
    "reviewPageUrl": "https://www.mobile.de/bewertungen/AUTODSCHINDLBECK?lang=en",
    "score": {
      "total": 4.8,
      "responseTime": 4.8,
      "friendliness": 4.9,
      "advice": 4.8
    },
    "activeRatingCount": 40,
    "vehicleAsDescribedPercentage": 97,
    "recommendPercentage": 97,
    "soldVehicleCount": null,
    "reviews": []
  },
  "attributes": {
    "Vehicle condition": "Used vehicle",
    "Category": "Estate car",
    "Model range": "G81",
    "Trim line": "Competition",
    "Origin": "German edition",
    "Mileage": "30,004 km",
    "Cubic Capacity": "2,993 ccm",
    "Power": "375 kW (510 hp)",
    "Drive type": "Internal combustion engine",
    "Fuel": "Petrol",
    "Number of Seats": "5",
    "Door Count": "4/5",
    "Transmission": "Automatic",
    "Emission Class": "Euro6d",
    "Emissions Sticker": "4 (Green)",
    "First Registration": "11/2023",
    "Number of Vehicle Owners": "1",
    "HU": "08/2027",
    "Climatisation": "Automatic climatisation, 3 zones",
    "Parking sensors": "Front, Camera, Rear",
    "Airbags": "Front and Side and More Airbags",
    "Colour (Manufacturer)": "BROOKLYN GRAU metallic",
    "Colour": "Grey Metallic",
    "Interior Design": "Full leather, Black",
    "Weight": "1,940 kg",
    "Date of last service (date)": "07/2024",
    "Last service (mileage)": "22,679 km",
    "Cylinders": "6",
    "Tank capacity": "59 l"
  },
  "features": [
    "ABS",
    "Alarm system",
    "Alloy wheels",
    "Ambient lighting",
    "Android Auto",
    "Apple CarPlay",
    "Arm rest",
    "Autom. dimming interior mirror",
    "Bluetooth",
    "Cargo barrier",
    "Central locking",
    "Cruise control",
    "DAB radio",
    "Digital cockpit",
    "Dynamic chassis control",
    "Electric seat adjustment",
    "Electric side mirror",
    "Electric tailgate",
    "Electric windows",
    "Eletric seat adjustment with memory function",
    "Emergency brake assist",
    "Emergency call system",
    "ESP",
    "Folding exterior mirrors",
    "Four-wheel drive",
    "Full Service History",
    "Glare-free high beam headlights",
    "Hands-free kit",
    "Heated rear seats",
    "Heated seats",
    "Hill-start assist",
    "Immobilizer",
    "Induction charging for smartphones",
    "Integrated music streaming",
    "Isofix",
    "Leather steering wheel",
    "LED headlights",
    "LED running lights",
    "Light sensor",
    "Lumbar support",
    "Multifunction steering wheel",
    "Navigation system",
    "Non-smoker vehicle",
    "On-board computer",
    "Paddle shifters",
    "Passenger seat Isofix point",
    "Power Steering",
    "Rain sensor",
    "Roof rack",
    "Sound system",
    "Speed limit control system",
    "Sport seats",
    "Sports package",
    "Sports suspension",
    "Start-stop system",
    "Summer tyres",
    "Tinted windows",
    "Touchscreen",
    "Traction control",
    "Traffic sign recognition",
    "Tuner/radio",
    "Tyre pressure monitoring",
    "USB port",
    "Warranty"
  ]
},
{
  "title": "BMW M3 xDrive Competition Touring H/K Laser Memory M",
  "previewImage": "https://img.classistatic.de/api/v1/mo-prod/images/e9/e99df236-edb0-45ae-b124-3d18f32fe10d?rule=mo-1600.jpg",
  "category": "EstateCar",
  "brand": "BMW",
  "model": "M3",
  "url": "https://suchen.mobile.de/fahrzeuge/details.html?id=433596330",
  "price.total.amount": 80930,
  "priceRating": {
    "rating": "Fair price",
    "priceRanges": {
      "Very good price": {
        "start": 56401,
        "end": 73300
      },
      "Good price": {
        "start": 73301,
        "end": 78900
      },
      "Fair price": {
        "start": 78901,
        "end": 87700
      },
      "Increased price": {
        "start": 87701,
        "end": 94200
      },
      "High price": {
        "start": 94201,
        "end": 104700
      }
    }
  },
  "description": "Getriebe\nAutomatik\nTechnik\nAllrad\nBordcomputer\nSperrdifferential\nAdaptives Daempfungssystem\nPartikelfilter\nStart-Stop-Automatik\nVolldigitales Kombiinstrument\nAssistenten\nTotwinkel-Assistent\nMüdigkeitserkennung\nVerkehrszeichenerkennung\nRegensensor\nFernlichtassistent\nLichtsensor\nNotbremsassistent\nSpurhalteassistent\nSpurwechselassistent\nAbstandsregeltempomat\nAusparkassistent\nAbstands-/Kollisionswarner\nKomfort\nKlimaautomatik\nServolenkung\nZentralverriegelung\nElektrischer Fensterheber\nLederausstattung\nSitzheizung\nElektrische Aussenspiegel\nTempomat\nMultifunktionslenkrad\nKeyless Go Startfunktion\nElektrische Sitze\nInnenspiegel autom. abblendbar\nMittelarmlehne\nInnenraumfilter\nLenksaeule einstellbar\nSportsitze\nParkDistanceControl vorne und hinten\nSeitenrollo\nElektrische Heckklappe\nklimatisierte Sitze\nKeyless Entry\nMemory Sitze\nAmbientebeleuchtung\nLordosenstütze\nLederlenkrad\nSitzheizung hinten\nGeschwindigkeitsbegrenzungsanlage\nKlimaautomatik-3-Zonen\nFunkfernbedienung\nSicht\nLaserlicht\nadaptives Kurvenlicht\nBlendfreies Fernlicht\nLED-Tagfahrlicht\nLED-Rueckleuchten\nScheinwerferregulierung\nColorverglasung\nAussenspiegel beheizbar\nPrivacyverglasung\nSicherheit\nABS\nAirbag\nBeifahrer-Airbag\nWegfahrsperre\nSeitenairbags\nAlarmanlage\nESP\nReifendruckkontrolle\nTraktionskontrolle\nKopfairbag\nKnieairbag\nKindersitzbefestigung\nNotrufsystem\nEntertainment\nNavigationssystem\nSoundsystem\nRadio\nTelefonvorbereitung\nUSB-Anschluss\nMP3\nHarman-Kardon\nBluetooth\nFreisprecheinrichtung\nApple CarPlay\nAndroid Auto\nSprachsteuerung\nDAB\nWLAN\nTouchscreen\nInduktionsladen für Smartphones\nMusikstreaming\nUmwelt\nAbgasnorm Euro 6D\nGrüne Umweltplakette\nQualität\nScheckheftgepflegt\nHUAU neu\nNichtraucherfahrzeug\nSonstiges\nKatalysator\nMetallic\nSportausstattung\nAlufelgen\nDachreling\nSportpaket\nSportfahrwerk\nElektrische Parkbremse\nLenkradheizung\nFahrerprofilauswahl\nBORDCOMPUTER\nReifendruck-Kontrollsystem\nAntriebsart: Allradantrieb\nScheibenwischer mit Regensensor\nIsofix-Aufnahmen für Kindersitz an Rücksitz\nKnieairbag Fahrerseite\nHeckleuchten LED\nAmbiente-Beleuchtung\nAlarmanlage\nLeuchtweitenregelung\nWärme-/Sonnenschutzverglasung kombiniert (hinten abgedunkelt)\nPark-Distance-Control (PDC) vorn und hinten\nSitzbezug / Polsterung: Leder Merino (erweiterter Umfang)\nKlimaautomatik 3-Zonen mit autom. Umluft-Control\nSchadstoffarm nach Abgasnorm Euro 6d\nM Drive Professional (Fahrprofilauswahl)\nAktives M Differential\nAdaptives Fahrwerk M-Technic\nEinstiegsleisten mit Einleger in Aluminium mit Schriftzug M\nSitze vorn elektr. verstellbar (mit Memory)\nSpiegel-Paket\nSonnenschutzrollo an Türscheiben hinten\nGeschwindigkeits-Regelanlage\nAktiv mit Stop&Go-Funktion\nSonnenschutzverglasung (hinten abgedunkelt)\nScheinwerfer Laserlicht\nKomfortzugang (Öffnungs- und Schließsystem)\nLM-Felgen\nControl-Display mit Farbmonitor (14\n9 Zoll)\nAnti-Blockier-System (ABS)\nSeitenairbag vorn\nStart-Stop-Knopf\nAußenspiegel elektr. verstell- und heizbar\nFensterheber elektrisch\nKopf-Airbag-System hinten\nKopf-Airbag-System vorn\nWegfahrsperre\nService-System: Intelligenter Notruf inkl. TeleServices\nReifenpannen-Anzeige\nDynamische Stabilitäts-Control (DSC) mit erweiterter Umfang\nFreisprecheinrichtung Bluetooth mit USB-/Audio-Schnittstelle\nMetallic-Lackierung\nBMW Live Cockpit Professional\n12V-Steckdose\nAblage-Paket\nActive Guard (Bremsassistent)\nAktive Sitzbel?ftung vorn\naktiver Spurhalteassistent\nAmpel-Erkennung\nAntriebsart: xDrive (Allrad)\nAufmerksamkeits-Assistent\nAußenausstattung: Shadow-Line Hochglanz (erweiterter Umfang)\nAußenspiegel elektr. anklappbar\nAußenspiegel mit Abblendautomatik\nAußenspiegel rechts mit Bordsteinautomatik\nAusstattungs-Paket: Connected Professional\nAusweich-Assistent\nAutomatik - mit Steptronic und Drivelogic (8-Stufen)\nBeifahrerairbag abschaltbar\nBMW Curved Display\nCompetition\nDAB-Tuner (Radioempfang digital)\nDachhimmel Anthrazit\nDachreling Hochglanz Shadow-Line\nDekoreinlagen schwarz hochglänzend\nDurchladeeinrichtung\nFalschfahrwarnung\nFernlichtassistent\nFrontkollisionswarnung\nGeschwindigkeits-Begrenzeranlage (Speed Limit Device)\nGetränkehalter\nHeckaufprall-Vermeidung (Prävention Heckkollision)\nHeckklappenbetätigung automatisch\nInduktionsladeschale für Smartphone\nInnenspiegel mit Abblendautomatik\nInnovations-Paket\nKennzeichenbeleuchtung LED\nKopfstützen hinten klappbar\nKreuzungs-Assistent\nLeder-Lenkrad M-Technic\nLendenwirbelstützen elektr. verstellbar\nLenkrad heizbar\nM Drive (Fahrprofilauswahl)\nM Driver´s Package\nMotor 3\n0 Ltr. - 375 kW 24V\nMotor 3\n0 Ltr. - 375 kW 24V TwinTurbo KAT (S58)\nParkbremse elektrisch\nShadow-Line Hochglanz\nSicherheitssystem Active Protection\nSitzheizung vorn und hinten\nSound-System\nSportdifferential\nSportsitze M-Technic\n\nInt.KnNr: 104-FS29657\nquality by dotzilla",
  "dealerDetails": {
    "id": 454109,
    "name": "Albert Bauer GmbH",
    "sellerType": "Dealer",
    "phones": [
      "+49 (0)461 4068418989"
    ],
    "languages": [
      "Deutsch",
      "English",
      "Dansk"
    ],
    "country": "DE",
    "address": "Schleswiger Straße 65-75, DE-24941 Flensburg",
    "location": {
      "latitude": 54.77113569999999,
      "longitude": 9.4362871
    },
    "activeSince": "1999-11-16T00:00:00.000Z",
    "homepageUrl": "https://home.mobile.de/home/redirect.html?customerId=454109",
    "iconUrl": "https://img.classistatic.de/api/v1/mo-prod/images/89/8967ad8c-e652-4a57-91f6-e35184b44d62?rule=mo-640.jpg",
    "reviewPageUrl": "https://www.mobile.de/bewertungen/BMW-BAUER?lang=en",
    "score": {
      "total": 4.2,
      "responseTime": 4.1,
      "friendliness": 4.4,
      "advice": 4.2
    },
    "activeRatingCount": 14,
    "vehicleAsDescribedPercentage": 92,
    "recommendPercentage": 78,
    "soldVehicleCount": null,
    "reviews": []
  },
  "attributes": {
    "Vehicle condition": "Used vehicle, Repaired accident damage",
    "Category": "Estate car",
    "Trim line": "m3",
    "Vehicle Number": "104-FS29657",
    "Availability": "Now",
    "Mileage": "48,673 km",
    "Cubic Capacity": "2,993 ccm",
    "Power": "375 kW (510 hp)",
    "Drive type": "Internal combustion engine",
    "Fuel": "Petrol",
    "CO₂ class": "Based on CO₂ emissions (combined)",
    "Fuel consumption": [
      "10.4 l/100km (combined)",
      "15.5 l/100km (city)",
      "10.3 l/100km (suburban)",
      "9.0 l/100km (country road)",
      "9.8 l/100km (motorway)"
    ],
    "Energy costs for 15,000 km annual mileage": "€2,802/Year",
    "Fuel price": "€1.80/l (annual average 2024)",
    "Possible CO₂ costs over the next 10 years (15,000 km/year)": [
      "€4,477 (assuming an average CO₂ price of €127/t)",
      "€2,115 (assuming a low average CO₂ price of €60/t)",
      "€7,050 (assuming a high average CO₂ price of €200/t)"
    ],
    "Vehicle tax": "€480/Year",
    "Number of Seats": "5",
    "Door Count": "4/5",
    "Transmission": "Automatic",
    "Emission Class": "Euro6d",
    "Emissions Sticker": "4 (Green)",
    "First Registration": "12/2023",
    "Construction Year": "2023",
    "Number of Vehicle Owners": "1",
    "HU": "New",
    "Climatisation": "Automatic climatisation, 3 zones",
    "Parking sensors": "Front, Rear",
    "Airbags": "Front and Side and More Airbags",
    "Colour (Manufacturer)": "SKYSCRAPER GRAU",
    "Colour": "Grey Metallic",
    "Interior Design": "Full leather, Other",
    "Cylinders": "6",
    "Energy consumption (comb.)": "10.4 l/100km",
    "CO₂ emissions (comb.)": "235 g/km"
  },
  "features": [
    "ABS",
    "Adaptive cornering lights",
    "Adaptive Cruise Control",
    "Alarm system",
    "Alloy wheels",
    "Ambient lighting",
    "Android Auto",
    "Apple CarPlay",
    "Arm rest",
    "Autom. dimming interior mirror",
    "Blind spot assist",
    "Bluetooth",
    "Central locking",
    "DAB radio",
    "Digital cockpit",
    "Distance warning system",
    "Dynamic chassis control",
    "Electric seat adjustment",
    "Electric side mirror",
    "Electric tailgate",
    "Electric windows",
    "Eletric seat adjustment with memory function",
    "Emergency brake assist",
    "Emergency call system",
    "ESP",
    "Fatigue warning system",
    "Folding exterior mirrors",
    "Four-wheel drive",
    "Full Service History",
    "Glare-free high beam headlights",
    "Hands-free kit",
    "Heated rear seats",
    "Heated seats",
    "Heated steering wheel",
    "High beam assist",
    "Immobilizer",
    "Induction charging for smartphones",
    "Integrated music streaming",
    "Isofix",
    "Keyless central locking",
    "Lane change assist",
    "Laser headlights",
    "Leather steering wheel",
    "LED running lights",
    "Light sensor",
    "Lumbar support",
    "Multifunction steering wheel",
    "Navigation system",
    "Non-smoker vehicle",
    "On-board computer",
    "Particulate filter",
    "Power Steering",
    "Rain sensor",
    "Rear traffic alert",
    "Roof rack",
    "Seat ventilation",
    "Sound system",
    "Speed limit control system",
    "Sport seats",
    "Sports package",
    "Sports suspension",
    "Start-stop system",
    "Tinted windows",
    "Touchscreen",
    "Traction control",
    "Traffic sign recognition",
    "Tuner/radio",
    "Tyre pressure monitoring",
    "USB port",
    "Voice control",
    "WLAN / Wi-Fi hotspot"
  ]
},
{
  "title": "BMW M3 Competition M xDrive - Sonderlackie...",
  "previewImage": "https://img.classistatic.de/api/v1/mo-prod/images/0b/0b9759b7-4794-4b10-9c9c-fc49fb33da1b?rule=mo-1600.jpg",
  "category": "Limousine",
  "brand": "BMW",
  "model": "M3",
  "url": "https://suchen.mobile.de/fahrzeuge/details.html?id=433185075",
  "price.total.amount": 81690,
  "priceRating": {
    "rating": "Increased price",
    "priceRanges": {
      "Very good price": {
        "start": 52101,
        "end": 67700
      },
      "Good price": {
        "start": 67701,
        "end": 72900
      },
      "Fair price": {
        "start": 72901,
        "end": 81100
      },
      "Increased price": {
        "start": 81101,
        "end": 87000
      },
      "High price": {
        "start": 87001,
        "end": 96700
      }
    }
  },
  "description": "Eine Finanzierung ist möglich.\n\nHallo zusammen,\n\ngerne biete ich euch meinen BMW M3 Competition mit M xDrive an.\n\nDas Fahrzeug hat eine Sonderlackierung und ist bei BMW scheckheftgepflegt.\n\n\nDer BMW M3 hat eine sehr gute Ausstattung - Laser, Carbon-Paket innen wie außen, 360Grad, Abstandsregeltempomat, Head-UP Display, Harman und Kardon, Sitzheizung hinten und vieles mehr. Anbei die Ausstattungsliste.\n\nBei Fragen schreibt mir gerne.\n\nSonderlackierung - FROZEN DARK GREY METALLIC\nLeder 'Merino' mit erweiterten Umfängen | Schwarz\n\n01MB M Drive Professional\n01T8 19\"/20\" M Schmiederäder Doppelspeiche 826 M Schwarz / MB\n0248 Lenkradheizung\n02PA Radschraubensicherung\n02VB Reifendruckanzeige\n0302 Alarmanlage\n0316 Automatische Heckklappenbetätigung\n0322 Komfortzugang\n03M6 M Compound-Bremse, schwarz hochglänzend\n03MF BMW Individual Leuchten Shadow Line\n0420 Sonnenschutzverglasung\n0428 Warndreieck\n0430 Innen- und Außenspiegelpaket\n0493 Ablagenpaket\n04HA Sitzheizung vorne und hinten\n04MC Interieurleisten Carbon Fibre\n04NE Blow by-Heizer\n04U0 Galvanikapplikation für Bedienelemente\n05AC Fernlichtassistent\n05AL Active Protection\n05AU Driving Assistant Professional\n05AV Active Guard\n05AZ BMW Laserlicht\n05DA Beifahrerairbag-Deaktivierung\n05DC Fondkopfstützen, klappbar\n05DN Parking Assistant Plus\n0610 BMW Head-Up Display\n0654 DAB-Tuner\n0688 Harman Kardon Surround Sound System\n06AE Teleservices\n06AK ConnectedDrive Services\n06C4 Connected Package Professional\n06NW Telefonie mit Wireless Charging\n06U3 BMW Live Cockpit Professional\n06U8 BMW Gestiksteuerung\n06WD WLAN Hotspot\n071C M Carbon Exterieurpaket\n07ME M Driver's Package\n07R7 Innovationspaket\n0801 Deutschland-Ausführung\n0879 Deutsch / Bordliteratur\n08KA Ölwartungsintervall 24 Monate/30.000 km",
  "dealerDetails": {
    "sellerType": "Private Seller",
    "country": "DE",
    "address": "DE-48231 Warendorf",
    "location": {
      "latitude": 51.95267,
      "longitude": 7.99178
    },
    "iconUrl": null,
    "reviewPageUrl": null,
    "score": null,
    "activeRatingCount": null,
    "vehicleAsDescribedPercentage": null,
    "recommendPercentage": null,
    "soldVehicleCount": null,
    "reviews": []
  },
  "attributes": {
    "Vehicle condition": "Used vehicle",
    "Category": "Saloon",
    "Mileage": "43,500 km",
    "Power": "375 kW (510 hp)",
    "Drive type": "Internal combustion engine",
    "Fuel": "Petrol",
    "Transmission": "Automatic",
    "Emissions Sticker": "4 (Green)",
    "First Registration": "03/2022",
    "HU": "05/2027",
    "Climatisation": "A/C (man.)",
    "Parking sensors": "Rear",
    "Colour (Manufacturer)": "GREY"
  },
  "features": [
    "ABS",
    "Alloy wheels",
    "Bluetooth",
    "Cruise control",
    "Full Service History",
    "Hands-free kit",
    "Heated seats",
    "Navigation system",
    "Tuner/radio"
  ]
},
{
  "title": "BMW M3 Touring M xDrive Competition 510PS",
  "previewImage": "https://img.classistatic.de/api/v1/mo-prod/images/c0/c04ca2f5-66be-479e-a2fa-0fd057af9972?rule=mo-1600.jpg",
  "category": "EstateCar",
  "brand": "BMW",
  "model": "M3",
  "url": "https://suchen.mobile.de/fahrzeuge/details.html?id=430655361",
  "price.total.amount": 80950,
  "priceRating": {
    "rating": "Good price",
    "priceRanges": {
      "Very good price": {
        "start": 58201,
        "end": 75600
      },
      "Good price": {
        "start": 75601,
        "end": 81400
      },
      "Fair price": {
        "start": 81401,
        "end": 90600
      },
      "Increased price": {
        "start": 90601,
        "end": 97200
      },
      "High price": {
        "start": 97201,
        "end": 108000
      }
    }
  },
  "description": "Modelljahr\nModelljahr: 2023\n\nGetriebe\nAutomatikgetriebe Steptronic, 8 Gänge\n\nAusstattungspakete\nWinterpaket\nSportpaket\nOptikpaket: M Hochglanz Shadow Line\nLichtpaket\nSoundpaket\nConnectivity Paket\nSpiegelpaket\n\nAssistenzsysteme\nPark Distance Control PDC vorne u. hinten\nRückfahrkamera\nFahrlichtautomatik\nGeschwindigkeitsregelung mit Bremsfunktion\nBerganfahrhilfe\nMüdigkeitserkennung\nSpurwechselassistent\nSpurhalteassistent\nCornering Brake Control CBC\nKollisionswarnung\n\nLicht und Sicht\nLED-Scheinwerfer\nTagfahrlicht\nRegensensor\nAutomatisch abblendender Innenspiegel\nSonnen- und Wärmeschutzverglasung\nDynamische Leuchtweitenregulierung\nAmbientebeleuchtung\nLichtsensor\nScheinwerferreinig.\n\nAudio & Kommunikation\nNavigationssystem\nRadio\nMulti-Funktions-Display\nDigitaler Radioempfang DAB\nzentrale Bedieneinheit\nSoundsystem\nUSB Anschluss, Bluetooth Audiostreaming\nAndroid Auto u. Apple CarPlay\nKabelloses Laden für Handys\n\nKomfort\nDigitales Kombiinstrument\nKlimaautomatik, 3 Zonen\nFahrersitz elektrisch\nMemoryfunktion Fahrer-/Beifahrersitz\nLordosenstütze\nSitzheizung Fahrer/Beifahrer\nSportsitze\nArmauflage hinten\nServotronic\nLenksäule verstellbar\nKeyless-Go\nAuto Start Stop Funktion\nZentralver. mit Fernbedienung\nFensterheber elektrisch 2-fach\nKopfstützen vorn und hinten\nAutomatisch öffnende Heckklappe\n\nInterieur\nSitze Leder\nMultifunktions-Sport-/Lederlenkrad\nLenkradheizung\nBordcomputer\nRücksitze klapp- und teilbar\nDekoreinlagen: schwarz hochgl?nzend Akzentleiste in Perlglanz Chrom\nBodenbelag Teppich\n\nExterieur\nAntrieb: Allrad\nSportfahrwerk\nTouchscreen Bedienung\nDifferentialsperre: M Sportdifferenzial\nM Leichtmetallräder 20 Zoll\nAußenspiegel elekt. und beheizt\nDachreling: Hochglanz Shadow Line\nGeschwindigkeitsbegrenzer\n\nSicherheit\nISOFIX Kindersitzbefestigung\nFahrer- /Beifahrerairbag\nKopfairbag vorn und hinten\nSeitenairbag vorn\nKnieairbag Fahrer\nTraktionskontrolle\nDynamische Stabilitäts Control DSC\nReifendruckkontrolle\nDiebstahlwarnanlage\nWegfahrsperre\nAußentemperatur Anzeige\nAntiblockiersystem ABS\nBremsverschleißanzeige\nNotbremsassistent\n\nWeitere Ausstattung\nAdaptives Fahrwerk M-Technik\nAusstattungspaket : Connected Professional\nAustattung: ShadowLine Hochglanz\nBMW Live Cockpit Plus\nDachhimmel Anthrazit\nDSC\nFahrassitstenz-System: Active Guard (Bremsassistent)\nAufmerksamkeitsassistent\n8 Stufen Automatik Steptronic + Drivelogic\nelektr. Heckklappe\nLES Heckleuchten\nInduktionsladeschale\nInstrumentenkombination (erweiteter Umfang) 3-Zonen Klimaautomatik\nM Drive Professional Fahrprofilauswahl\nConnected DriveLeder Merino (erweiteter Umfang)\nSitze vorn elektr. mit Memory\nStzhzg vorn und hinten\nSpiegelpaket\nSportsitze vorn (M-Technik)\nDriving Assistent\nLenkrag heizbar\nLM Felgen vorn 19\" hinten 20\"\nRückfahrkamera\nRückfahrassistent\n\nIrrtümer und Änderungen vorbehalten",
  "dealerDetails": {
    "id": 463847,
    "name": "Gövert GmbH  VW Audi Skoda SEAT",
    "sellerType": "Dealer",
    "phones": [
      "+49 (0)2306 374417271"
    ],
    "languages": [
      "Deutsch",
      "English"
    ],
    "country": "DE",
    "address": "Goethestraße 15, DE-44534 Lünen",
    "location": {
      "latitude": 51.62047860000001,
      "longitude": 7.530101900000001
    },
    "activeSince": "2000-01-18T00:00:00.000Z",
    "homepageUrl": "https://home.mobile.de/home/redirect.html?customerId=463847",
    "iconUrl": null,
    "reviewPageUrl": "https://www.mobile.de/bewertungen/GOEVERT?lang=en",
    "score": {
      "total": 4.5,
      "responseTime": 4.4,
      "friendliness": 4.6,
      "advice": 4.6
    },
    "activeRatingCount": 5,
    "vehicleAsDescribedPercentage": 100,
    "recommendPercentage": 100,
    "soldVehicleCount": null,
    "reviews": []
  },
  "attributes": {
    "Vehicle condition": "Used vehicle, Accident-free",
    "Category": "Estate car",
    "Trim line": "M3 Competion",
    "Vehicle Number": "GWZ200",
    "Availability": "Now",
    "Origin": "German edition",
    "Mileage": "25,450 km",
    "Cubic Capacity": "2,993 ccm",
    "Power": "375 kW (510 hp)",
    "Drive type": "Internal combustion engine",
    "Fuel": "Petrol",
    "Number of Seats": "5",
    "Door Count": "4/5",
    "Transmission": "Automatic",
    "Emission Class": "Euro6d-TEMP",
    "Emissions Sticker": "4 (Green)",
    "First Registration": "10/2023",
    "Number of Vehicle Owners": "1",
    "HU": "New",
    "Climatisation": "Automatic climatisation, 3 zones",
    "Parking sensors": "Front, Camera, Rear",
    "Airbags": "Front and Side and More Airbags",
    "Colour (Manufacturer)": "BLACK SAPPHIRE METALLIC",
    "Colour": "Black Metallic",
    "Interior Design": "Full leather, Black",
    "Cylinders": "6"
  },
  "features": [
    "ABS",
    "Alarm system",
    "Alloy wheels",
    "Ambient lighting",
    "Android Auto",
    "Apple CarPlay",
    "Arm rest",
    "Autom. dimming interior mirror",
    "Blind spot assist",
    "Bluetooth",
    "Cargo barrier",
    "Central locking",
    "Cruise control",
    "DAB radio",
    "Daytime running lights",
    "Digital cockpit",
    "Distance warning system",
    "Electric seat adjustment",
    "Electric side mirror",
    "Electric tailgate",
    "Electric windows",
    "Eletric seat adjustment with memory function",
    "Emergency brake assist",
    "ESP",
    "Four-wheel drive",
    "Full Service History",
    "Hands-free kit",
    "Headlight washer system",
    "Heated seats",
    "Heated steering wheel",
    "Hill-start assist",
    "Immobilizer",
    "Induction charging for smartphones",
    "Integrated music streaming",
    "Isofix",
    "Lane change assist",
    "Leather steering wheel",
    "LED headlights",
    "Light sensor",
    "Lumbar support",
    "Multifunction steering wheel",
    "Navigation system",
    "Non-smoker vehicle",
    "On-board computer",
    "Power Steering",
    "Rain sensor",
    "Roof rack",
    "Sound system",
    "Speed limit control system",
    "Sport seats",
    "Sports package",
    "Sports suspension",
    "Start-stop system",
    "Summer tyres",
    "Touchscreen",
    "Traction control",
    "Traffic sign recognition",
    "Tuner/radio",
    "Tyre pressure monitoring",
    "USB port",
    "Winter package"
  ]
},
{
  "title": "BMW M3 Competition xDrive*M Carbon Schalensitze*",
  "previewImage": "https://img.classistatic.de/api/v1/mo-prod/images/e7/e7ea9c92-179e-473e-92b7-09f840b2e856?rule=mo-1600.jpg",
  "category": "EstateCar",
  "brand": "BMW",
  "model": "M3",
  "url": "https://suchen.mobile.de/fahrzeuge/details.html?id=432800428",
  "price.total.amount": 81999,
  "priceRating": {
    "rating": "Good price",
    "priceRanges": {
      "Very good price": {
        "start": 58801,
        "end": 76400
      },
      "Good price": {
        "start": 76401,
        "end": 82300
      },
      "Fair price": {
        "start": 82301,
        "end": 91600
      },
      "Increased price": {
        "start": 91601,
        "end": 98300
      },
      "High price": {
        "start": 98301,
        "end": 109200
      }
    }
  },
  "description": "Die schnelle Finanzierung für Ihren Gebrauchtwagen – vom Experten\n\nSie möchten einen Gebrauchtwagen kaufen? Wir haben die passenden Finanzierungen für Ihren Gebrauchtwagen.\n\nDer Finanzierungsantrag ist einfacher, als Sie denken\n\nGenießen Sie die freie Wahl:\n\nHöhe des Darlehens, Laufzeit, Anzahlung, mit oder ohne Schlussrate – testen Sie verschiedene Szenarien aus und finden Sie die Gebrauchtwagen-Finanzierung, die zu Ihnen und Ihrer Situation passt\n\nWeitere Vorteile bei AUTOHAUS CEM*EINEN DIREKTEN ANSPRECHPARTNER ÜBER DIE GESAMTE LAUFZEIT\nSofortige Telefon Auskunft für Rückfragen wie z.b Restschuld, Tilgung, Ablöse\n\n\nSelbstverständlich nehmen wir Ihren alten Wagen zu Marktpreisen in Zahlung\nDer Betrag für Ihr FahrzeugInzahlungnahme kann sofort mit dem Kaufpreis eines Fahrzeugs aus unserem Bestand verrechnet werden.\n\nAnsprechpartner:\nTEAM CEM - 0162 2801910 / Whatsapp / email - verkauf@cemautomobile\nVerkauf & Beratung für Gebraucht & Neuwagen,Finanzierung,Leasing\nBMW M3 Competition xDrive Touring\nMotor 3,0 Ltr. - 375 kW 24V TwinTurbo KAT (S58)\n3 Jahre Werksgarantie (bis 10/2026)\n1.Hand\nEuro 6\nUnfallfrei\nScheckheft - Digital\n19\"Alufelgen (Vorne)\n20\"Alufelgen (Hinten)\nSport-Automatikgetriebe\nEinparkhilfe Vorne/Hinten\n360°Kamerasystem (Surround View)\nNavigationssystem\nTouchscreen\nKlimaautomatik\nMultifunktionslenkrad mit Tempomat\nM Lederlenkrad mit Schaltfunktion (heizbar)\nM Fahrwerk\nM Auspuffanlage\nM Carbon Schallensitze mit Memory Funktion\nM Drivers Package\nM Drive Professional\nM Sicherheitsgurte\nM Exteuerier Paket Carbon\nHead Up Display\nElektrische Heckklappe\nHarman-Kardon Soundsystem\nDachreling\nBMW Live Cockpit Professional\nBremsanlage: Compound - M Bremssystem (Bremssättel Rot)\nInnenausstattung: Interieurleisten Alu Rhombicle mit Akzentleiste\nInnovations-Paket\nLenkrad heizbar\nM Driver´s Package\nM Schalensitze Carbon\nMetallic-Lackierung\nParkassistent-Paket Plus\nScheinwerfer BMW Individual Shadow-Line\nSicherheitsgurte M\nSonnenschutzrollo an Türscheiben hinten\nSonnenschutzverglasung (hinten abgedunkelt)\nSound-System Harman-Kardon\nVerglasung Akustikglas\nAblage-Paket\nAdaptives Fahrwerk M-Technic\nAirbag Beifahrerseite abschaltbar\nAktives M Differential\nAmbiente-Beleuchtung\nAusstattungs-Paket: Connected Professional\nAußenausstattung: Shadow-Line Hochglanz\nAußenausstattung: Shadow-Line Hochglanz (erweiterter Umfang)\nAußenspiegel elektr. verstell- und heizbar\nBedienelemente galvanisiert\nBordcomputer\nCompetition\nDAB-Tuner (Radioempfang digital)\nDachhimmel Anthrazit (BMW Individual)\nDachreling Hochglanz Shadow-Line\nDiebstahlsicherung für Räder (Felgenschlösser)\nDurchladeeinrichtung (Mittelarmlehne hinten)\nDynamische Stabilitäts-Control (DSC) mit erweiterter Umfang\nEinstiegsleisten mit Einleger in Aluminium mit Schriftzug M\nErste Hilfe-Kasten / Verbandkasten\nFahrassistenz-System: Active Guard (Bremsassistent)\nFahrassistenz-System: Aufmerksamkeits-Assistent\nFreisprecheinrichtung Bluetooth mit USB-/Audio-Schnittstelle\nFußmatten Velours\nGepäckraumbeleuchtung\nGetränkehalter\nHeckklappenbetätigung automatisch\nHeckleuchten LED\nInduktionsladeschale für Smartphone (Wireless Charging)\nInnenausstattung: Interieurleisten, schwarz hochglänzend\nInnenspiegel mit Abblendautomatik\nInstrumentenkombination (erweiterter Umfang)\nIsofix-Aufnahmen für Kindersitz an Rücksitz\nKarosserie: 5-türig\nKennzeichenbeleuchtung LED\nKlimaautomatik 3-Zonen mit autom. Umluft-Control\nKnieairbag Fahrerseite\nKopf-Airbag-System hinten\nKopf-Airbag-System vorn\nKopfstützen hinten klappbar\nLenksäule (Lenkrad) elektr. verstellbar\nLeuchtweitenregelung\nM Drive (Fahrprofilauswahl)\nM Drive Professional (Fahrprofilauswahl)\nMotor 3,0 Ltr. - 375 kW 24V TwinTurbo KAT (S58)\nNebelschlussleuchte(n)\nOtto-Partikelfilter (OPF)\nPark-Distance-Control (PDC) vorn und hinten\nParkbremse elektrisch\nReifendruck-Kontrollsystem\nReifenpannen-Anzeige\nSchadstoffarm nach Abgasnorm Euro 6d\nSchaltpunktanzeige\nSeitenairbag vorn\nService-System: ConnectedDrive Services\nService-System: Gesetzlicher Notruf\nService-System: Intelligenter Notruf inkl. TeleServices\nSitzbezug / Polsterung: Leder Merino (erweiterter Umfang)\nSitze vorn elektr. verstellbar (mit Memory)\nSpiegel-Paket\nSportdifferential\nStart-Stop-Knopf\nStart/Stop-Anlage (Funktion)\nSteckdose (12V-Anschluß) in Mittelkonsole vorn\nInformieren Sie sich auf unserer Homepage www.cemautomobile.de über unser Gebrauchten Fahrzeuge und unsere Leistungen, Irrtümer, Änderungen und Zwischenverkauf vorbehalten.\n\nGerne laden wir Sie zu einer unverbindlichen Probefahrt ein .Bitte vereinbaren Sie hierzu telefonisch einen Termin unter Tel: 0162 2801910",
  "dealerDetails": {
    "id": 13557386,
    "name": "AUTOHAUS CEM",
    "sellerType": "Dealer",
    "phones": [
      "+49 (0)7032 289909775"
    ],
    "messengers": {
      "WHATS_APP": "+49 (0)1590 6741873"
    },
    "languages": [
      "Deutsch",
      "English"
    ],
    "country": "DE",
    "address": "Hämmerlestr.6, DE-71126 Gäufelden",
    "location": {
      "latitude": 48.5565594,
      "longitude": 8.851236
    },
    "activeSince": "2015-07-31T00:00:00.000Z",
    "homepageUrl": "https://home.mobile.de/home/redirect.html?customerId=13557386",
    "iconUrl": "https://img.classistatic.de/api/v1/mo-prod/images/7d/7d688db8-7bd9-458a-aae3-43b35934032e?rule=mo-640.jpg",
    "reviewPageUrl": "https://www.mobile.de/bewertungen/CEMAUTOMOBILEBOEBLINGEN?lang=en",
    "score": {
      "total": 4.5,
      "responseTime": 4.5,
      "friendliness": 4.6,
      "advice": 4.4
    },
    "activeRatingCount": 90,
    "vehicleAsDescribedPercentage": 91,
    "recommendPercentage": 83,
    "soldVehicleCount": null,
    "reviews": []
  },
  "attributes": {
    "Vehicle condition": "Used vehicle, Accident-free",
    "Category": "Estate car",
    "Model range": "Baureihe M3 Touring (G81)(2022->)",
    "Trim line": "xDrive Competition",
    "Origin": "German edition",
    "Mileage": "21,950 km",
    "Cubic Capacity": "2,993 ccm",
    "Power": "375 kW (510 hp)",
    "Drive type": "Internal combustion engine",
    "Fuel": "Petrol",
    "Number of Seats": "5",
    "Door Count": "4/5",
    "Transmission": "Automatic",
    "Emission Class": "Euro6",
    "Emissions Sticker": "4 (Green)",
    "First Registration": "10/2023",
    "Number of Vehicle Owners": "1",
    "HU": "10/2026",
    "Climatisation": "Automatic air conditioning",
    "Parking sensors": "Rear, 360° camera, Front",
    "Airbags": "Front and Side and More Airbags",
    "Colour (Manufacturer)": "BLACK SAPPHIRE METALLIC",
    "Colour": "Black Metallic",
    "Interior Design": "Full leather, Black",
    "Weight": "1,940 kg",
    "Cylinders": "6",
    "Tank capacity": "59 l"
  },
  "features": [
    "ABS",
    "Alarm system",
    "Alloy wheels",
    "Ambient lighting",
    "Arm rest",
    "Autom. dimming interior mirror",
    "Central locking",
    "Cruise control",
    "DAB radio",
    "Digital cockpit",
    "Electric seat adjustment",
    "Electric side mirror",
    "Electric tailgate",
    "Electric windows",
    "Eletric seat adjustment with memory function",
    "Folding exterior mirrors",
    "Four-wheel drive",
    "Hands-free kit",
    "Head-up display",
    "Heated rear seats",
    "Heated seats",
    "Heated steering wheel",
    "Heated windshield",
    "Hill-start assist",
    "Immobilizer",
    "Isofix",
    "Leather steering wheel",
    "LED headlights",
    "LED running lights",
    "Multifunction steering wheel",
    "Navigation system",
    "On-board computer",
    "Paddle shifters",
    "Power Steering",
    "Rain sensor",
    "Roof rack",
    "Sound system",
    "Sport seats",
    "Sports package",
    "Sports suspension",
    "Start-stop system",
    "Summer tyres",
    "Tinted windows",
    "Touchscreen",
    "Traffic sign recognition",
    "USB port",
    "Voice control"
  ]
},
{
  "title": "BMW M3 Competition M xDrive 530PS Modelljahr 2025",
  "previewImage": "https://img.classistatic.de/api/v1/mo-prod/images/f4/f4a5d40e-6346-4cca-a919-7395075cda3e?rule=mo-1600.jpg",
  "category": "Limousine",
  "brand": "BMW",
  "model": "M3",
  "url": "https://suchen.mobile.de/fahrzeuge/details.html?id=391116359",
  "price.total.amount": 81289.99,
  "priceRating": {
    "rating": "Very good price",
    "priceRanges": {
      "Very good price": {
        "start": 69201,
        "end": 90000
      },
      "Good price": {
        "start": 90001,
        "end": 96900
      },
      "Fair price": {
        "start": 96901,
        "end": 107800
      },
      "Increased price": {
        "start": 107801,
        "end": 115700
      },
      "High price": {
        "start": 115701,
        "end": 128600
      }
    }
  },
  "description": "So gelangen Sie direkt zum Angebot: kopieren Sie einfach den folgenden Link in die Adresszeile: https://apmk.eu/mc/6528/1\nund stellen Sie sich mittels unseres bedienerfreundlichen Konfigurators Ihr Wunschfahrzeug zusammen.\n\nFür dieses Fahrzeug sind alle Motorisierungen und Ausstattungsvarianten verfügbar, welche der Hersteller anbietet. Des Weiteren kann es ganz nach Ihren Wünschen konfiguriert und bestellt werden.\n\nDie angegebenen Preise sind inkl. Überführung bis zu unserem Standort in 82407 Wielenbach. Eine Bezahlung erst bei Abholung bzw. Anlieferung (zum Selbstkostenpreis für maximal 650,- € innerhalb Deutschlands) ist möglich.\n\nBei dem hier angebotenen Fahrzeug handelt es sich um einen Neuwagen, der nach Ihren Wünschen produziert wird. Wenn Sie andere Sonderausstattungen, eine andere Farbe, andere Polster oder auch andere Felgen wünschen, dann besuchen Sie einfach unsere Homepage www.auto-per-mausklick.de und stellen sich Ihr Traumauto nach Belieben zusammen.\nFalls Sie noch etwaige Fragen oder Anregungen haben, melden Sie sich einfach unter der Telefonnummer 08158 / 914 89 62 oder schreiben Sie uns eine E-Mail an info@auto-per-mausklick.de. Das Team von EU-Neuwagen Knott kümmert sich schnellstmöglich um Ihre Angelegenheiten.\n\nIhre Vorteile bei einem Kauf eines Neufahrzeugs über EU-Neuwagen Knott:\nVolle Herstellergarantie\nOption der Garantieverlängerung\nUnschlagbare Einkaufspreise durch Großhandelskonditionen für alle Marken\nBezahlung erst bei Übergabe Ihres Fahrzeuges\nLieferung bis vor die Haustüre zum Selbstkostenpreis möglich innerhalb von Deutschland für maximal 650,- € auf Anfrage auch in weitere EU-Länder möglich\nMöglichkeit der Inzahlungnahme Ihres alten Autos durch unseren externen Partner\nVertrag nach deutschem Recht, keine Vermittlung\nFinanzierungs- und Leasingmöglichkeit über unsere Hausbank oder einen externen Partner (bzw. einer Leasinggesellschaft oder Finanzierungsbank Ihrer Wahl)\nVerfügbarkeit von über 15 Fahrzeugmarken\nLagerfahrzeuge auf Nachfrage, verfügbar über verschiedene Partnerhändler\nLangjährige Erfahrung (seit 2001) im EU-Neuwagenhandel und ausgezeichnet mit dem Fairnespreis 2024 \n\n\nHinweis:\nBilder dienen nur zur Illustration und können unter Umständen Sonderausstattungen aufweisen\nBei EU-Fahrzeugen kann die Serienausstattung vom deutschen Modell abweichen, die zugehörige Serienausstattung finden Sie nachfolgend oder auf unserer Homepage www.auto-per-mausklick.de\n\nHinweise zur aktuellen Corona-Krise:\nWir sind weiterhin per Mail und Telefon für Sie erreichbar!\nFahrzeugrabatte derzeit so hoch wie nie!!",
  "dealerDetails": {
    "id": 11813924,
    "name": "EU Neuwagen Knott GmbH",
    "sellerType": "Dealer",
    "phones": [
      "+49 (0)8158 925991732"
    ],
    "languages": [
      "Deutsch",
      "English",
      "Italiano",
      "Français",
      "Polski",
      "Română",
      "Magyar",
      "Español"
    ],
    "country": "DE",
    "address": "Ammerring 16, DE-82407 Wielenbach",
    "location": {
      "latitude": 47.8809958,
      "longitude": 11.1607451
    },
    "activeSince": "2014-06-25T00:00:00.000Z",
    "homepageUrl": "https://home.mobile.de/home/redirect.html?customerId=11813924",
    "iconUrl": "https://img.classistatic.de/api/v1/mo-prod/images/4e/4ef909b9-f45e-43e7-b119-214e4abf1862?rule=mo-640.jpg",
    "reviewPageUrl": "https://www.mobile.de/bewertungen/EUNEUWAGENKNOTT?lang=en",
    "score": {
      "total": 4.9,
      "responseTime": 4.9,
      "friendliness": 4.9,
      "advice": 4.9
    },
    "activeRatingCount": 138,
    "vehicleAsDescribedPercentage": 99,
    "recommendPercentage": 98,
    "soldVehicleCount": null,
    "reviews": []
  },
  "attributes": {
    "Vehicle condition": "New vehicle, Accident-free",
    "Category": "Saloon",
    "Trim line": "M3 Competition",
    "Availability": "Available in 6 months after order",
    "Origin": "EU edition",
    "Cubic Capacity": "2,993 ccm",
    "Power": "390 kW (530 hp)",
    "Drive type": "Internal combustion engine",
    "Fuel": "Petrol, E10-enabled",
    "CO₂ class": "Based on CO₂ emissions (combined)",
    "Fuel consumption": [
      "10.1 l/100km (combined)",
      "15.5 l/100km (city)",
      "10.1 l/100km (suburban)",
      "8.6 l/100km (country road)",
      "9.4 l/100km (motorway)"
    ],
    "Door Count": "4/5",
    "Transmission": "Automatic",
    "Climatisation": "Automatic climatisation, 3 zones",
    "Parking sensors": "Front, Rear",
    "Airbags": "Front and Side and More Airbags",
    "Colour (Manufacturer)": "wählbar",
    "Energy consumption (comb.)": "10.1 l/100km",
    "CO₂ emissions (comb.)": "229 g/km"
  },
  "features": [
    "ABS",
    "Adaptive lighting",
    "Alarm system",
    "Alloy wheels",
    "Ambient lighting",
    "Android Auto",
    "Apple CarPlay",
    "Arm rest",
    "Autom. dimming interior mirror",
    "Bluetooth",
    "Cargo barrier",
    "Central locking",
    "Cruise control",
    "DAB radio",
    "Digital cockpit",
    "Distance warning system",
    "Electric seat adjustment",
    "Electric side mirror",
    "Electric tailgate",
    "Electric windows",
    "Emergency brake assist",
    "Emergency call system",
    "Emergency tyre repair kit",
    "ESP",
    "Four-wheel drive",
    "Glare-free high beam headlights",
    "Hands-free kit",
    "Headlight washer system",
    "Heated seats",
    "High beam assist",
    "Hill-start assist",
    "Immobilizer",
    "Induction charging for smartphones",
    "Integrated music streaming",
    "Isofix",
    "Lane change assist",
    "Leather steering wheel",
    "LED headlights",
    "LED running lights",
    "Light sensor",
    "Lumbar support",
    "Multifunction steering wheel",
    "Navigation system",
    "Non-smoker vehicle",
    "On-board computer",
    "Paddle shifters",
    "Passenger seat Isofix point",
    "Power Steering",
    "Rain sensor",
    "Sound system",
    "Speed limit control system",
    "Sport seats",
    "Sports package",
    "Sports suspension",
    "Start-stop system",
    "Summer tyres",
    "Touchscreen",
    "Traction control",
    "Traffic sign recognition",
    "Tuner/radio",
    "Tyre pressure monitoring",
    "USB port",
    "Voice control",
    "Warranty"
  ]
},
{
  "title": "BMW M3 Competition xDrive Wide Inno",
  "previewImage": "https://img.classistatic.de/api/v1/mo-prod/images/da/da045b18-527c-423d-bf66-c718599d0fd7?rule=mo-1600.jpg",
  "category": "EstateCar",
  "brand": "BMW",
  "model": "M3",
  "url": "https://suchen.mobile.de/fahrzeuge/details.html?id=432532116",
  "price.total.amount": 80990,
  "priceRating": {
    "rating": "Very good price",
    "priceRanges": {
      "Very good price": {
        "start": 62901,
        "end": 81800
      },
      "Good price": {
        "start": 81801,
        "end": 88100
      },
      "Fair price": {
        "start": 88101,
        "end": 98000
      },
      "Increased price": {
        "start": 98001,
        "end": 105200
      },
      "High price": {
        "start": 105201,
        "end": 116900
      }
    }
  },
  "description": "Fahrzeugnummer: 30256187\nDas Fahrzeug steht bei unserem Kunden in: 85391 Allershausen\nHIGHLIGHTS & PAKETE\nGepäckraum-Paket\nKnieairbag Fahrerseite\nParkassistent-Paket Plus\nAblage-Paket\nAusstattungs-Paket: Connected Professional\nInnovations-Paket\nShadow-Line Hochglanz (erweiterter Umfang)\nSpiegel-Paket\n\nMOTOR GETRIEBE & FAHRWERK\nStart/Stop-Anlage (Funktion)\nAdaptives Fahrwerk M-Technic\nAnti-Blockier-System (ABS)\nAntriebsart: Allradantrieb\nAntriebsart: xDrive (Allrad)\nDynamische Stabilitäts-Control (DSC) mit erweiterter Umfang\nGetriebe Automatik - mit Steptronic und Drivelogic (8-Stufen)\nMotor 3.0 Ltr. - 375 kW 24V TwinTurbo KAT (S58)\nOtto-Partikelfilter (OPF)\n\nASSISTENZSYSTEME\nRückfahrkamera (Top View)\nSurround-Kamerasystem (Surround View)\nActive Guard (Bremsassistent)\nAktiver Spurhalteassistent\nGeschwindigkeits-Regelanlage - Aktiv mit Stop&Go-Funktion\nRückfahr-Assistent\nSpurwechsel-Warnsystem\nSpurwechselassistent\nAufmerksamkeits-Assistent\nFrontkollisionswarnung\nGeschwindigkeits-Begrenzeranlage (Speed Limit Device)\nKreuzungs-Assistent\nReifenpannen-Anzeige\nAusweich-Assistent\nDriving Assistant\nPark-Distance-Control (PDC) vorn und hinten\nQuerverkehrs-Assistent\n\nAUDIO & KOMMUNIKATION\nSound-System Harman-Kardon\nWidescreen Display\nDAB-Tuner (Radioempfang digital)\nFreisprecheinrichtung Bluetooth mit USB-/Audio-Schnittstelle\nBordcomputer\n\nINTERIEUR\nAktive Sitzbelüftung vorn\nSportsitze vorn (M-Technic)\nBMW Live Cockpit Professional\nSitzbezug / Polsterung: Leder Merino (erweiterter Umfang)\nAmbiente-Beleuchtung\nBedienelemente galvanisiert\nDurchladeeinrichtung (Mittelarmlehne hinten)\nFensterheber elektrisch\nFussmatten Velours\nGepäckraumbeleuchtung\nGetränkehalter\nInduktionsladeschale für Smartphone (Wireless Charging)\nInnenspiegel mit Abblendautomatik\nKopfstützen hinten klappbar\nLendenwirbelstütze Sitz vorn links und rechts - elektr. verstellbar\nLenkrad (Leder) mit Multifunktion M-Technic\nLenkrad heizbar\nSeitenairbag vorn\nSitze vorn elektr. verstellbar (mit Memory)\nDachhimmel Anthrazit (BMW Individual)\nInterieurleisten - schwarz hochglänzend\nSitzheizung vorn + hinten\n\nLICHT & SICHT\nScheinwerfer Laserlicht\nFernlichtassistent\nLeuchtweitenregelung\nNebelschlussleuchte(n)\nScheibenwischer mit Regensensor\nHeckleuchten LED\nKennzeichenbeleuchtung LED\n\nRÄDER\nReifendruck-Kontrollsystem\n\nTECHNIK & SICHERHEIT\nKomfortzugang (Öffnungs- und Schliesssystem)\nAirbag Beifahrerseite abschaltbar\nAlarmanlage\nBMW Drive Recorder (Dashcam)\nFalschfahrwarnung\nIntelligenter Notruf inkl. TeleServices\nIsofix-Aufnahmen für Kindersitz an Rücksitz\nKopf-Airbag-System hinten\nKopf-Airbag-System vorn\nParkbremse elektrisch\nSchaltpunktanzeige\nStart-Stop-Knopf\nWegfahrsperre\nZentralverriegelung mit Fernbedienung\nSicherheitssystem Active Protection\n\nEXTERIEUR\nAussenspiegel elektr. anklappbar\nAussenspiegel elektr. verstell- und heizbar\nHeckklappenbetätigung automatisch\nSonnenschutzverglasung (hinten abgedunkelt)\nWärme-/Sonnenschutzverglasung kombiniert (hinten abgedunkelt)\nAussenspiegel mit Abblendautomatik - links\nAussenspiegel mit Bordsteinautomatik - rechts\nDachreling Hochglanz Shadow-Line\nVerglasung Akustikglas\nWärme-/Sonnenschutzverglasung\n\nSONSTIGE AUSSTATTUNGEN\nDiebstahlsicherung für Räder (Felgenschlösser)\nErste Hilfe-Kasten / Verbandkasten\nSchadstoffarm nach Abgasnorm Euro 6d\nSteckdose (12V-Anschluss) in Mittelkonsole vorn\nWarndreieck\nKlimaautomatik 3-Zonen mit autom. Umluft-Control\nSportdifferential\n\nWeitere Merkmale\nAktives M Differential\nBMW Curved Display\nBremsanlage: Compound - M Bremssystem (Bremssättel Rot)\nControl-Display mit Farbmonitor (14.9 Zoll)\nEinstiegsleisten mit Einleger in Aluminium mit Schriftzug M\nLM-Felgen vorn/hinten: 9.5x19 / 10.5x20 (Doppelspeiche 826 M - Schwarz)\nM Drive (Fahrprofilauswahl)\nM Drive Professional (Fahrprofilauswahl)\nPersonalisierungssystem (Personal eSIM) \nFINANZIERUNG / LEASING \nFinanzierung und Leasing sind über unsere Partner möglich\nGARANTIE \nEine Reparaturkostenversicherungist über unseren Partner möglich\nBITTE BEACHTEN \nVermarktung erfolgt im Kundenauftrag\nFahrzeugzustand laut Angaben des Verkäufers\nFür Informationen oder eine Besichtigung rufen Sie uns bitte an\nFahrzeugausstattung mithilfe der Fahrgestellnummer ermittelt\nIrrtum und Zwischenverkauf vorbehalten\nCARGENTUR \nSie möchten Ihr Fahrzeug professionell und komfortabel verkaufen? \nErfahren Sie mehr unter: \nwww.cargentur.de \nTel.: 08151/ 99 70 780",
  "dealerDetails": {
    "id": 9320926,
    "name": "Cargentur GmbH",
    "sellerType": "Dealer",
    "phones": [
      "+49 (0)8151 9970780"
    ],
    "languages": [
      "Deutsch",
      "English"
    ],
    "country": "DE",
    "address": "Gautinger Straße 10, DE-82319 Starnberg",
    "location": {
      "latitude": 48.005009,
      "longitude": 11.3507487
    },
    "activeSince": "2013-02-06T00:00:00.000Z",
    "homepageUrl": "https://home.mobile.de/home/redirect.html?customerId=9320926",
    "iconUrl": null,
    "reviewPageUrl": "https://www.mobile.de/bewertungen/CARGENTURGMBHSTARNBERG?lang=en",
    "score": {
      "total": 4.1,
      "responseTime": 4.3,
      "friendliness": 4.2,
      "advice": 3.9
    },
    "activeRatingCount": 181,
    "vehicleAsDescribedPercentage": 81,
    "recommendPercentage": 71,
    "soldVehicleCount": null,
    "reviews": []
  },
  "attributes": {
    "Vehicle condition": "Used vehicle, Accident-free",
    "Category": "Estate car",
    "Model range": "G81",
    "Trim line": "Competition",
    "Vehicle Number": "30256187",
    "Availability": "Now",
    "Origin": "German edition",
    "Mileage": "8,900 km",
    "Cubic Capacity": "2,993 ccm",
    "Power": "375 kW (510 hp)",
    "Drive type": "Internal combustion engine",
    "Fuel": "Petrol",
    "CO₂ class": "Based on CO₂ emissions (combined)",
    "Fuel consumption": [
      "10.4 l/100km (combined)",
      "15.5 l/100km (city)",
      "10.3 l/100km (suburban)",
      "9.0 l/100km (country road)",
      "9.8 l/100km (motorway)"
    ],
    "Energy costs for 15,000 km annual mileage": "€2,803/Year",
    "Fuel price": "€1.85/l (annual average 2024)",
    "Possible CO₂ costs over the next 10 years (15,000 km/year)": [
      "€3,950 (assuming an average CO₂ price of €115/t)",
      "€1,718 (assuming a low average CO₂ price of €50/t)",
      "€6,527 (assuming a high average CO₂ price of €190/t)"
    ],
    "Vehicle tax": "€456/Year",
    "Number of Seats": "5",
    "Door Count": "4/5",
    "Transmission": "Automatic",
    "Emission Class": "Euro6d",
    "Emissions Sticker": "4 (Green)",
    "First Registration": "04/2024",
    "Number of Vehicle Owners": "1",
    "HU": "04/2027",
    "Climatisation": "Automatic climatisation, 3 zones",
    "Parking sensors": "Front, 360° camera, Rear",
    "Airbags": "Front and Side and More Airbags",
    "Colour (Manufacturer)": "DRAVITGRAU",
    "Colour": "Grey Metallic",
    "Interior Design": "Full leather, Other",
    "Cylinders": "6",
    "Tank capacity": "59 l",
    "Energy consumption (comb.)": "10.4 l/100km",
    "CO₂ emissions (comb.)": "235 g/km"
  },
  "features": [
    "ABS",
    "Adaptive Cruise Control",
    "Alarm system",
    "Alloy wheels",
    "Ambient lighting",
    "Arm rest",
    "Autom. dimming interior mirror",
    "Blind spot assist",
    "Bluetooth",
    "Central locking",
    "DAB radio",
    "Daytime running lights",
    "Digital cockpit",
    "Distance warning system",
    "Electric seat adjustment",
    "Electric side mirror",
    "Electric tailgate",
    "Electric windows",
    "Emergency brake assist",
    "Emergency call system",
    "ESP",
    "Fatigue warning system",
    "Folding exterior mirrors",
    "Four-wheel drive",
    "Full Service History",
    "Hands-free kit",
    "Heated rear seats",
    "Heated seats",
    "Heated steering wheel",
    "High beam assist",
    "Hill-start assist",
    "Immobilizer",
    "Induction charging for smartphones",
    "Integrated music streaming",
    "Isofix",
    "Keyless central locking",
    "Lane change assist",
    "Laser headlights",
    "Leather steering wheel",
    "Light sensor",
    "Lumbar support",
    "Multifunction steering wheel",
    "On-board computer",
    "Particulate filter",
    "Power Steering",
    "Rain sensor",
    "Roof rack",
    "Seat ventilation",
    "Ski bag",
    "Sound system",
    "Speed limit control system",
    "Sport seats",
    "Sports package",
    "Sports suspension",
    "Start-stop system",
    "Tinted windows",
    "Touchscreen",
    "Traction control",
    "Traffic sign recognition",
    "Tuner/radio",
    "Tyre pressure monitoring",
    "USB port",
    "Warranty"
  ]
},
{
  "title": "BMW M3 Competition M xDrive Limousine (530PS, 8-G...",
  "previewImage": "https://img.classistatic.de/api/v1/mo-prod/images/9d/9d7c5ab7-3d94-4155-849b-9ab1a8de94e8?rule=mo-1600.jpg",
  "category": "Limousine",
  "brand": "BMW",
  "model": "M3",
  "url": "https://suchen.mobile.de/fahrzeuge/details.html?id=432872498",
  "price.total.amount": 81190,
  "priceRating": {
    "rating": "Very good price",
    "priceRanges": {
      "Very good price": {
        "start": 68701,
        "end": 89400
      },
      "Good price": {
        "start": 89401,
        "end": 96200
      },
      "Fair price": {
        "start": 96201,
        "end": 107000
      },
      "Increased price": {
        "start": 107001,
        "end": 114900
      },
      "High price": {
        "start": 114901,
        "end": 127700
      }
    }
  },
  "description": "Herzlich willkommen bei Automobile Voit, Sie sind Ihrem Wunschfahrzeug ein Stück näher gekommen.\n\n\n\nIhr persönliches Wunschfahrzeug können Sie sich jetzt in unserem kundenfreundlichen Konfigurator unter\n\n\n\nwww.automobile-voit.de\n\n\n\nSchritt für Schritt zusammenstellen, ausdrucken und mehr.\n\n\n\nSie sehen sofort Ihren Top-Endpreis und die mögliche monatliche Rate, welche individuell auf Ihre Wünsche anpassbar ist.\n\nDas Wichtigste für Sie:\nalle Ausstattungslinien frei konfigurierbar \ndeutschlandweite Haustürlieferung \nvolle Herstellergarantie und Serviceleistung (auch bei Ihrem örtlichen Vertragshändler) \nein persönlicher Ansprechpartner von der Bestellung bis zur Lieferung \n\n\n\n\nIhre Zufriedenheit steht bei mir an erster Stelle, deshalb bin ich ab sofort persönlich für Sie da und berate Sie bei allen Fragen rund um Ihr Wunschfahrzeug.\n\nÜberzeugen auch Sie sich von unseren Vorteilen. Mehr dazu unter www.automobile-voit.de.\n\n\n\n\n\nMit freundlichen Grüßen\n\nIhr Team von Automobile Voit\n\nTel.: 0961 38176295\n\n\n\n\n\nTrotz sorgfältiger Prüfung übernehmen wir keine Haftung für eventuell auftretende Eingabefehler. Bilder dienen nur zur Illustration und können unter Umständen Sonderausstattungen aufweisen.\n\nLieferzeit: 6-9 Monate",
  "dealerDetails": {
    "id": 15187554,
    "name": "Automobile Voit GmbH & Co. KG",
    "sellerType": "Dealer",
    "phones": [
      "+49 (0)961 2009509776"
    ],
    "languages": [
      "Čeština",
      "Deutsch",
      "English",
      "Magyar"
    ],
    "country": "DE",
    "address": "Untere Bauscherstr. 21, DE-92637 Weiden i. d. OPf.",
    "location": {
      "latitude": 49.6624647,
      "longitude": 12.156461
    },
    "activeSince": "2016-08-11T00:00:00.000Z",
    "homepageUrl": "https://home.mobile.de/home/redirect.html?customerId=15187554",
    "iconUrl": null,
    "reviewPageUrl": "https://www.mobile.de/bewertungen/AUTOMOBILEVOIT?lang=en",
    "score": {
      "total": 4.5,
      "responseTime": 4.5,
      "friendliness": 4.7,
      "advice": 4.4
    },
    "activeRatingCount": 19,
    "vehicleAsDescribedPercentage": 100,
    "recommendPercentage": 93,
    "soldVehicleCount": null,
    "reviews": []
  },
  "attributes": {
    "Vehicle condition": "New vehicle",
    "Category": "Saloon",
    "Model range": "3er",
    "Trim line": "M3 Competition M xDrive Limousine",
    "Vehicle Number": "59216",
    "Availability": "Available in 6 months after order",
    "Origin": "EU edition",
    "Mileage": "10 km",
    "Cubic Capacity": "2,993 ccm",
    "Power": "390 kW (530 hp)",
    "Drive type": "Internal combustion engine",
    "Fuel": "Petrol",
    "CO₂ class": "Based on CO₂ emissions (combined)",
    "Fuel consumption": [
      "10.1 l/100km (combined)",
      "12.3 l/100km (city)",
      "9.6 l/100km (suburban)",
      "8.7 l/100km (country road)",
      "10.7 l/100km (motorway)"
    ],
    "Energy costs for 15,000 km annual mileage": "€2,635/Year",
    "Fuel price": "€1.74/l (annual average 2024)",
    "Possible CO₂ costs over the next 10 years (15,000 km/year)": [
      "€4,343 (assuming an average CO₂ price of €127/t)",
      "€2,052 (assuming a low average CO₂ price of €60/t)",
      "€6,840 (assuming a high average CO₂ price of €200/t)"
    ],
    "Vehicle tax": "€452/Year",
    "Door Count": "4/5",
    "Transmission": "Automatic",
    "Emission Class": "Euro6",
    "Emissions Sticker": "4 (Green)",
    "Number of Vehicle Owners": "0",
    "HU": "New",
    "Climatisation": "Automatic climatisation, 3 zones",
    "Parking sensors": "Front, Self-steering systems, Rear",
    "Airbags": "Front Airbags",
    "Colour (Manufacturer)": "wählbar",
    "Cylinders": "6",
    "Energy consumption (comb.)": "10.1 l/100km",
    "CO₂ emissions (comb.)": "228 g/km"
  },
  "features": [
    "Alarm system",
    "Alloy wheels",
    "Ambient lighting",
    "Autom. dimming interior mirror",
    "Bluetooth",
    "Central locking",
    "DAB radio",
    "Dynamic chassis control",
    "Electric seat adjustment",
    "Emergency call system",
    "Emergency tyre repair kit",
    "Folding exterior mirrors",
    "Four-wheel drive",
    "Hands-free kit",
    "Head-up display",
    "Heated seats",
    "Induction charging for smartphones",
    "Leather steering wheel",
    "LED headlights",
    "Lumbar support",
    "Navigation system",
    "Power Steering",
    "Sound system",
    "Sport seats",
    "Tyre pressure monitoring",
    "Warranty"
  ]
},
{
  "title": "BMW M3 xDrive To. Competition Sitzlüftung 360° LED+ ",
  "previewImage": "https://img.classistatic.de/api/v1/mo-prod/images/0f/0feab037-dc0e-445c-9537-d94d5fcee53d?rule=mo-1600.jpg",
  "category": "EstateCar",
  "brand": "BMW",
  "model": "M3",
  "url": "https://suchen.mobile.de/fahrzeuge/details.html?id=434089527",
  "price.total.amount": 80889,
  "priceRating": {
    "rating": "Fair price",
    "priceRanges": {
      "Very good price": {
        "start": 57501,
        "end": 74800
      },
      "Good price": {
        "start": 74801,
        "end": 80600
      },
      "Fair price": {
        "start": 80601,
        "end": 89600
      },
      "Increased price": {
        "start": 89601,
        "end": 96200
      },
      "High price": {
        "start": 96201,
        "end": 106900
      }
    }
  },
  "description": "+WILLKOMMEN BEIM AUTOHAUS BAYERNCAR KÖNIGSBRUNN ...kaufen mit gutem Gefühl! ++ALLE FAHRZEUGE optional DEKRA geprüft !++Zwischenverkauf, Änderungen und Irrtümer vorbehalten ++WE ALSO SALE WITHOUT VAT FOR EXPORT-JUST ASK US!++ \nDeutschlandweite Zustellungen möglich!!!\n\nUnsere Serviceleistungen:\n- Allianz Automotive Garantie Erweiterung (optional)\n- Finanzierung über die BMW Premium Financial oder die Credit Plus Bank\nAb sofort sind wir über WhatsApp erreichbar.\nWhatsApp-/FaceTime Kontakt: +49-171 19 021 90\n\n\n++ BMW M3 Touring xDrive Competition ++\nRepair Inclusive 4Jahre/200.000km\n!! Vollfolierung mit matter Steinschlagschutzfolie !!\nFarbe: 0C4P Brooklyngrau Metallic\nPolster: LKIA Leder Merino Silverstone/Schwarz\n\nSonderausstattung:\n\n01MB M DRIVE PROFESSIONAL\n01U0 BMW LM Rad 826M JB\n0248 Lenkradheizung\n02PA Radschraubensicherung\n02T4 M Sportdifferenzial\n02VB Reifendruckanzeige\n02VC Reifenreparatur-Set\n02VF Adaptives M Fahrwerk\n0302 Alarmanlage\n0322 Komfortzugang\n0383 Dach und Spiegelkappen schwarz\n03KA Akustik Komfort Verglasung\n03M5 M COMPOUND-BREMSE, ROT HOCHGLAENZ.\n03MC M Dachreling Shadow Line\n03MF M Leuchten Shadow Line\n0420 Abgedunkelte Verglasung\n0428 Warndreieck und Verbandstasche\n0430 Innen-/Aussensp. mit Abblendautomatik\n0431 Innenspiegel automatisch abblendend\n0453 Klimatisierte Sitze vorne\n0459 Sitzverstellung elektrisch mit Memory\n0488 Lordosenstütze Fahrer u. Beifahrer\n0493 Ablagenpaket\n0494 Sitzheizung Fahrer/Beifahrer\n04AT Interieurleisten hochglänzend schwarz\n04GQ M Sicherheitsgurte\n04NE Blow-by-Heizer\n04U0 Galvanikapplikation Bedienelemente\n0534 Klimaautomatik\n0544 Geschwindigkeitsregelung mit Bremsfunktion\n0548 Kilometertacho\n05AC Fernlichtassistent\n05AL Active Protection\n05AS Driving Assistant\n05AV Active Guard\n05AZ BMW Laserlicht\n05DA Deaktivierung Airbag Beifahrer\n05DC Kopfstützen im Fond klappbar\n05DN Parkassistenzsystem Plus\n0654 DAB-Tuner (DAB+ fähig)\n0688 Harman/Kardon Surround Sound System\n06AE Teleservices\n06AF Gesetzlicher Notruf\n06AK Connected Drive Services\n06C3 Connected Package Professional\n06DR BMW drive recorder\n06NX Storage tray wireless charging\n06U3 BMW Live Cockpit Professional\n06VB Steuerung Infotainment\n0712 M Sportsitz\n0760 Hochglanz Shadow-Line\n0775 Dachhimmel anthrazit\n07M9 M Shadow Line mit erweitertem Umfang \n\nSerien-Ausstattung:\nAblage-Paket\nAdaptives Fahrwerk M-Technic\nAktives M Differential\nAlarmanlage\nAmbiente-Beleuchtung\nAnti-Blockier-System (ABS)\nAntriebsart: xDrive (Allrad)\nAusstattungs-Paket: Connected Professional\nRemote Services\nConcierge Services\nReal Time Traffic Information (RTTI)\nRemote 3D View\nShadow-Line Hochglanz (erweiterter Umfang)\nAußenspiegel elektr. verstell- und heizbar\nBedienelemente galvanisiert\nCompetition\nDAB-Tuner (Radioempfang digital)\nDachhimmel Anthrazit (BMW Individual)\nDynamische Stabilitäts-Control (DSC) mit erweiterter Umfang\nEinstiegsleisten mit Einleger in Aluminium mit Schriftzug M\nActive Guard (Bremsassistent)\nAufmerksamkeits-Assistent\nFensterheber elektrisch\nFreisprecheinrichtung Bluetooth mit USB-/Audio-Schnittstelle\nGeschwindigkeits-Begrenzeranlage (Speed Limit Device)\nHeckleuchten LED\nInduktionsladeschale für Smartphone (Wireless Charging)\nKennzeichenbeleuchtung LED\nKlimaautomatik 3-Zonen mit autom. Umluft-Control\nKopfstützen hinten klappbar\nLenkrad (Leder) mit Multifunktion M-Technic\nLenksäule (Lenkrad) elektr. verstellbar\nLeuchtweitenregelung\nM Drive (Fahrprofilauswahl)\nPark-Distance-Control (PDC) vorn und hinten\nParkbremse elektrisch\nReifendruck-Kontrollsystem\nReifenpannen-Anzeige\nSitze vorn elektr. verstellbar (mit Memory)\nSpiegel-Paket\nAußenspiegel elektr. anklappbar\nSportdifferential\nSportsitze vorn (M-Technic)\nStart/Stop-Anlage (Funktion)\nSteckdose (12V-Anschluß) in Mittelkonsole vorn\nWidescreen Display\nWärme-/Sonnenschutzverglasung kombiniert (hinten abgedunkelt)\nZentralverriegelung mit Fernbedienung\n\nWir bieten unsere Fahrzeuge bereits kurz nach Kauf und ohne Bilder an. Sobald diese bei uns eingetroffen sind werden Bilder eingestellt.\nMit einer Bestellung versenden wir nochmal eine detaillierte Aufstellung der kompletten Fahrzeugausstattung. Wir bitten diese vor Vertragsabschluß sorgfältig zu lesen, da Fehler\nim Inserat vorbehaltlich sind und Irrtümer nicht ausgeschlossen werden können.",
  "dealerDetails": {
    "id": 451587,
    "name": "BayernCar GmbH",
    "sellerType": "Dealer",
    "phones": [
      "+49 (0)8231 926996897"
    ],
    "messengers": {
      "WHATS_APP": "+49 (0)171 1902190"
    },
    "languages": [
      "Deutsch",
      "English"
    ],
    "country": "DE",
    "address": "Dornierstraße 10, DE-86343 Königsbrunn",
    "location": {
      "latitude": 48.2539715,
      "longitude": 10.8711669
    },
    "activeSince": "2005-10-17T00:00:00.000Z",
    "homepageUrl": "https://home.mobile.de/home/redirect.html?customerId=451587",
    "iconUrl": "https://img.classistatic.de/api/v1/mo-prod/images/f7/f73f1ae9-a818-4727-830b-e5061e043ce7?rule=mo-640.jpg",
    "reviewPageUrl": "https://www.mobile.de/bewertungen/BAYERN-CAR?lang=en",
    "score": {
      "total": 4.6,
      "responseTime": 4.6,
      "friendliness": 4.7,
      "advice": 4.5
    },
    "activeRatingCount": 47,
    "vehicleAsDescribedPercentage": 94,
    "recommendPercentage": 94,
    "soldVehicleCount": null,
    "reviews": []
  },
  "attributes": {
    "Vehicle condition": "Used vehicle, Accident-free",
    "Category": "Estate car",
    "Model range": "Baureihe M3 Touring (G81)(2022->)",
    "Trim line": "xDrive Competition",
    "Vehicle Number": "25-35633",
    "Availability": "Now",
    "Mileage": "49,150 km",
    "Cubic Capacity": "2,993 ccm",
    "Power": "375 kW (510 hp)",
    "Drive type": "Internal combustion engine",
    "Fuel": "Petrol",
    "CO₂ class": "Based on CO₂ emissions (combined)",
    "Fuel consumption": [
      "10.3 l/100km (combined)"
    ],
    "Energy costs for 15,000 km annual mileage": "€2,858/Year",
    "Fuel price": "€1.85/l (annual average 2024)",
    "Possible CO₂ costs over the next 10 years (15,000 km/year)": [
      "€4,019 (assuming an average CO₂ price of €115/t)",
      "€1,748 (assuming a low average CO₂ price of €50/t)",
      "€6,640 (assuming a high average CO₂ price of €190/t)"
    ],
    "Number of Seats": "5",
    "Door Count": "4/5",
    "Transmission": "Automatic",
    "Emission Class": "Euro6",
    "Emissions Sticker": "4 (Green)",
    "First Registration": "05/2024",
    "Number of Vehicle Owners": "1",
    "HU": "05/2027",
    "Climatisation": "Automatic climatisation, 3 zones",
    "Parking sensors": "360° camera, Rear, Front, Self-steering systems",
    "Airbags": "Front and Side and More Airbags",
    "Colour (Manufacturer)": "BROOKLYN GRAU METALLIC",
    "Colour": "Grey Metallic Matte",
    "Interior Design": "Full leather, Black",
    "Weight": "1,940 kg",
    "Cylinders": "6",
    "Energy consumption (comb.)": "10.3 l/100km",
    "CO₂ emissions (comb.)": "233 g/km"
  },
  "features": [
    "ABS",
    "Adaptive cornering lights",
    "Alarm system",
    "Alloy wheels",
    "Ambient lighting",
    "Android Auto",
    "Apple CarPlay",
    "Arm rest",
    "Autom. dimming interior mirror",
    "Blind spot assist",
    "Bluetooth",
    "Cargo barrier",
    "Central locking",
    "Cruise control",
    "DAB radio",
    "Digital cockpit",
    "Distance warning system",
    "Dynamic chassis control",
    "Electric seat adjustment",
    "Electric side mirror",
    "Electric tailgate",
    "Electric windows",
    "Eletric seat adjustment with memory function",
    "Emergency brake assist",
    "Emergency call system",
    "ESP",
    "Fatigue warning system",
    "Folding exterior mirrors",
    "Four-wheel drive",
    "Full Service History",
    "Glare-free high beam headlights",
    "Hands-free kit",
    "Head-up display",
    "Heated seats",
    "Heated steering wheel",
    "High beam assist",
    "Hill-start assist",
    "Immobilizer",
    "Induction charging for smartphones",
    "Integrated music streaming",
    "Isofix",
    "Keyless central locking",
    "Laser headlights",
    "Leather steering wheel",
    "LED running lights",
    "Light sensor",
    "Lumbar support",
    "Multifunction steering wheel",
    "Navigation system",
    "Non-smoker vehicle",
    "On-board computer",
    "Paddle shifters",
    "Particulate filter",
    "Power Steering",
    "Rain sensor",
    "Rear traffic alert",
    "Roof rack",
    "Seat ventilation",
    "Sound system",
    "Speed limit control system",
    "Sport seats",
    "Sports package",
    "Sports suspension",
    "Start-stop system",
    "Summer tyres",
    "Tinted windows",
    "Touchscreen",
    "Traction control",
    "Traffic sign recognition",
    "Tuner/radio",
    "Tyre pressure monitoring",
    "USB port",
    "Virtual side mirror",
    "Voice control",
    "Warranty"
  ]
},
{
  "title": "BMW M3 Competition xDrive T LCI M DriversPack,360°",
  "previewImage": "https://img.classistatic.de/api/v1/mo-prod/images/97/97cf774b-03dd-465f-a743-ed828bf12845?rule=mo-1600.jpg",
  "category": "EstateCar",
  "brand": "BMW",
  "model": "M3",
  "url": "https://suchen.mobile.de/fahrzeuge/details.html?id=429916487",
  "price.total.amount": 81950,
  "priceRating": {
    "rating": "Very good price",
    "priceRanges": {
      "Very good price": {
        "start": 67401,
        "end": 87600
      },
      "Good price": {
        "start": 87601,
        "end": 94400
      },
      "Fair price": {
        "start": 94401,
        "end": 105000
      },
      "Increased price": {
        "start": 105001,
        "end": 112700
      },
      "High price": {
        "start": 112701,
        "end": 125200
      }
    }
  },
  "description": "Verbrauch und Emission (WLTP)\nPrimärer Antrieb Verbrauch innerorts: 15,80 l/100 km\nPrimärer Antrieb Verbrauch Stadtrand: 10,30 l/100 km\nPrimärer Antrieb Verbrauch Landstraße: 8,80 l/100 km\nPrimärer Antrieb Verbrauch Autobahn: 9,80 l/100 km\nPrimärer Antrieb Verbrauch kombiniert: 10,40 l/100 km\nCO2 Emission kombiniert: 235 g/km\n\nGetriebe\nAutomatikgetriebe DriveLogic, 8 Gänge\n\nAusstattungslinie\nM Sport: Competition\n\nAusstattungspakete\nAusstattungspaket: Gepäckraum Paket\nM Sportpaket\nComfort Paket\nOptikpaket\nAblagepaket\nSoundpaket: Harman/Kardon\nSpiegelpaket\nVmax Anhebung: M Driver's Package\n\nAssistenzsysteme\nHead-up-Display HUD\nselbstlenkende Einparkhilfe m. Parkhilfe vorn u. hinten: PARKING ASSISTANT PLUS\nRückfahrkamera: Frontkamera\nSurround View: Top View, Side View, Remote 3D View\nFahrlichtautomatik\nTempomat: mit Bremsfunktion\nSpracheingabesystem\nBremsassistent\nActive Guard Auffahrwarnung\nSpeed Limit Info\nGespannstabilisierung\n\nLicht und Sicht\nLED-Scheinwerfer\nLED-Tagfahrlicht\nRegensensor\nAutomatisch abblendende Innen- und Außenspiegel\nWärmeschutzverglasung grün\nDynamische Leuchtweitenregulierung\nLichtsensor\n\nAudio & Kommunikation\nMultimedia-System\nBMW Live Cockpit Professional\nBMW Professional Radio\nMulti-Funktions-Display\nDigitaler Radioempfang DAB\niDrive\nHarman/Kardon Soundsystem\nUSB Anschluss, Bluetooth Audiostreaming\nBMW ConnectedDrive\nHandyvorbereitung Bluetooth\nApple CarPlay u. Android Auto kabellos\nKabelloses Laden für Handys\nWLAN Hotspot\n\nKomfort\nDigitales Kombiinstrument: BMW CURVED DISPLAY\nKlimaautomatik, 3 Zonen\nFahrer-/Beifahrersitz elektrisch\nMemoryfunktion Fahrersitz\nLordosenstütze Fahrer/Beifahrer elektrisch\nSitzheizung Fahrer/Beifahrer\nSportsitze: M Sportsitze\nArmauflage vorn und hinten\nServotronic\nLenksäule verstellbar\nKeyless-Go\nAuto Start Stop Funktion\nZentralver. mit Fernbedienung\nFensterheber elektrisch 4-fach\nKopfstützen vorn und hinten\nAutomatische Heckklappenbetätigung\nM Drive: PROFESSIONAL\nGetränkehalter\n\nInterieur\nSitze Leder Merino Schwarz\nMultifunktions-Sport-/Lederlenkrad\nLenkradheizung\nBordcomputer\nRücksitze klapp- und teilbar\nLaderaumabdeckung\nDurchladesystem\nDekoreinlagen Aluminium: Rhombicle anthrazit\nLenkrad-Schaltwippen\n\nExterieur\nAdaptives Fahrwerk\nAntrieb: Allrad\nM Sportfahrwerk\nTouchscreen Bedienung\nDifferentialsperre: Aktives M Differential\nM Leichtmetallräder 20 Zoll: Doppelspeiche 826 M\nAußenspiegel elekt. verstell- & anklappbar, beheizt\nDachreling\nBremsenergierückgewinnung\nNotrufsystem\nGeschwindigkeitsbegrenzer\nFahrzeugpersonalisierung\n\nSicherheit\nISOFIX Kindersitzbefestigung\nFußgängerschutzsystem\nFahrer- /Beifahrerairbag\nKopfairbag vorn und hinten\nSeitenairbag vorn\nKnieairbag Fahrer\nDynamische Traktions Control DTC\nDynamische Stabilitäts Control DSC\nReifen Pannen Anzeige RPA\nDiebstahlwarnanlage\nWegfahrsperre\nAußentemperatur Anzeige\nAntiblockiersystem ABS\n\nWeitere Ausstattung\nM SPORTPAKET\nM DRIVERS PACKAGE\nM Drive PROFESSIONAL\nM Sportsitze\nM Sicherheitsgurte\nM Sportdifferenzial\nADAPTIVES M Fahrwerk\nAKUSTIKVERGLASUNG\nGalvanikapplikation für Bedienelemente\nBMW Individual Dachhimmel anthrazit\nBMW Individual Hochglanz Shadow Line mit erweiterten Umfängen\nBMW Individual Sonnenschutzverglasung\nBMW Individual DACHRELING Hochglanz Shadow Line\nDach und Spiegelkappen in schwarz\nAblage für Wireless Charging\nIntelligenter Notruf\nHARMAN/KARDON SURROUND SOUND SYSTEM\nFondkopfstützen klappbar\nActive Guard\n\nFahrdaten\nvMax: 280 km/h\nBeschleunigung: 4 Sek. 0-100 km/h\n\nSonstige Maße und Gewichte\nNutzlast: 430 kg\nzulässiges Gesamtgewicht: 2.370 kg\n\nDie im Inserat aufgeführten Ausstattungsmerkmale sind unverbindlich. Maßgeblich für den Kauf ist allein der schriftliche Kaufvertrag. Angaben im Inserat begründen keine Beschaffenheitsvereinbarung. Verbindliche Ausstattungsangaben werden ausschließlich im Kaufvertrag festgelegt.",
  "dealerDetails": {
    "id": 456869,
    "name": "WELLER Premium GmbH - BMW & MINI Vertragshändler",
    "sellerType": "Dealer",
    "phones": [
      "+49 (0)40 5247394615"
    ],
    "languages": [
      "Deutsch",
      "English"
    ],
    "country": "DE",
    "address": "Buxtehuder Str. 112, DE-21073 Hamburg",
    "location": {
      "latitude": 53.46995,
      "longitude": 9.9633846
    },
    "activeSince": "1999-07-01T00:00:00.000Z",
    "homepageUrl": "https://home.mobile.de/home/redirect.html?customerId=456869",
    "iconUrl": "https://img.classistatic.de/api/v1/mo-prod/images/8a/8a7ec38f-ec65-4010-9ba7-501f7981bc31?rule=mo-640.jpg",
    "reviewPageUrl": "https://www.mobile.de/bewertungen/B-K-HAMBURG?lang=en",
    "score": {
      "total": 4.3,
      "responseTime": 4.4,
      "friendliness": 4.4,
      "advice": 4.2
    },
    "activeRatingCount": 96,
    "vehicleAsDescribedPercentage": 84,
    "recommendPercentage": 85,
    "soldVehicleCount": null,
    "reviews": []
  },
  "attributes": {
    "Vehicle condition": "Used vehicle",
    "Category": "Estate car",
    "Trim line": "M Sport",
    "Vehicle Number": "10379750",
    "Availability": "Now",
    "Mileage": "6,248 km",
    "Cubic Capacity": "2,993 ccm",
    "Power": "390 kW (530 hp)",
    "Drive type": "Internal combustion engine",
    "Fuel": "Petrol",
    "CO₂ class": "Based on CO₂ emissions (combined)",
    "Fuel consumption": [
      "10.4 l/100km (combined)",
      "15.8 l/100km (city)",
      "10.3 l/100km (suburban)",
      "8.8 l/100km (country road)",
      "9.8 l/100km (motorway)"
    ],
    "Energy costs for 15,000 km annual mileage": "€2,802/Year",
    "Fuel price": "€1.80/l (annual average 2024)",
    "Possible CO₂ costs over the next 10 years (15,000 km/year)": [
      "€4,054 (assuming an average CO₂ price of €115/t)",
      "€1,762 (assuming a low average CO₂ price of €50/t)",
      "€6,698 (assuming a high average CO₂ price of €190/t)"
    ],
    "Vehicle tax": "€480/Year",
    "Number of Seats": "5",
    "Door Count": "4/5",
    "Transmission": "Automatic",
    "Emission Class": "Euro6d",
    "Emissions Sticker": "4 (Green)",
    "First Registration": "11/2024",
    "Number of Vehicle Owners": "1",
    "HU": "New",
    "Climatisation": "Automatic climatisation, 3 zones",
    "Parking sensors": "360° camera, Front, Self-steering systems, Rear",
    "Airbags": "Front and Side and More Airbags",
    "Colour (Manufacturer)": "Tansanitblau II",
    "Colour": "Blue Metallic",
    "Interior Design": "Full leather",
    "Cylinders": "6",
    "Energy consumption (comb.)": "10.4 l/100km",
    "CO₂ emissions (comb.)": "235 g/km"
  },
  "features": [
    "ABS",
    "Alarm system",
    "Alloy wheels",
    "Android Auto",
    "Apple CarPlay",
    "Arm rest",
    "Autom. dimming interior mirror",
    "Bluetooth",
    "Central locking",
    "Cruise control",
    "DAB radio",
    "Digital cockpit",
    "Distance warning system",
    "Dynamic chassis control",
    "Electric seat adjustment",
    "Electric side mirror",
    "Electric tailgate",
    "Electric windows",
    "Eletric seat adjustment with memory function",
    "Emergency call system",
    "ESP",
    "Folding exterior mirrors",
    "Four-wheel drive",
    "Full Service History",
    "Hands-free kit",
    "Head-up display",
    "Heated seats",
    "Heated steering wheel",
    "Immobilizer",
    "Induction charging for smartphones",
    "Integrated music streaming",
    "Isofix",
    "Leather steering wheel",
    "LED headlights",
    "LED running lights",
    "Light sensor",
    "Lumbar support",
    "Multifunction steering wheel",
    "Navigation system",
    "On-board computer",
    "Paddle shifters",
    "Particulate filter",
    "Power Steering",
    "Rain sensor",
    "Roof rack",
    "Sound system",
    "Speed limit control system",
    "Sport seats",
    "Sports package",
    "Sports suspension",
    "Start-stop system",
    "Touchscreen",
    "Traction control",
    "Traffic sign recognition",
    "Tuner/radio",
    "Tyre pressure monitoring",
    "USB port",
    "Voice control",
    "Warranty",
    "WLAN / Wi-Fi hotspot"
  ]
},
{
  "title": "BMW M3 Touring Competion M xDrive Touring Innovation",
  "previewImage": "https://img.classistatic.de/api/v1/mo-prod/images/f0/f080423b-420d-44bc-acf4-eedce7f1babc?rule=mo-1600.jpg",
  "category": "EstateCar",
  "brand": "BMW",
  "model": "M3",
  "url": "https://suchen.mobile.de/fahrzeuge/details.html?id=432544071",
  "price.total.amount": 82420,
  "priceRating": {
    "rating": "Good price",
    "priceRanges": {
      "Very good price": {
        "start": 60001,
        "end": 78000
      },
      "Good price": {
        "start": 78001,
        "end": 84000
      },
      "Fair price": {
        "start": 84001,
        "end": 93400
      },
      "Increased price": {
        "start": 93401,
        "end": 100300
      },
      "High price": {
        "start": 100301,
        "end": 111400
      }
    }
  },
  "description": "Sonderausstattung:\nInnovationspaket\nBMW Laserlicht\nMetallic-Lackierung\nDriving Assistant\nKomfortzugang\nParking Assistant\nHarman Kardon Surround Sound System\nSonnenschutzverglasung\nM Combound-Bremse Rot hochglänzend\nActive Protection\nM Leuchten Shadow Line\nM Sicherheitsgurte\nLenkradheizung\nFernlichtassistent\nReifenpannenset\n\nSerienausstattung:\nZehn Lautsprecher Subwoofer\nBordcomputer mit Durchschnittskraftstoffverbrauch\nLuxus-Ausstattung: Klavierlack, Klavierlack, Leder auf Türverkleidungen, Klavierlack auf Armaturenbrett\nTagfahrlicht\nKopf-/Dach Airbag vorn und hinten\nZentralverriegelung mit Schließung der elektr. Fenster\nDachreling getönt\nFahrer-Airbag, Beifahrer-Airbag mit Deaktivierung für Beifahrerairbag\nSeiten-Airbag vorne\nPremiumleder / Premiumleder\nArmlehne für Vordersitze\nArmlehne für Rücksitze\nFahrersitz Sportsitz mit sieben elektr. Verstellmöglichkeiten, Sitzheizung, Lehnenneigungsverstellung mit Memory, Längsverstellung mit Memory und Längsverstellung mit Memory 2-Wege elektrisch mit Sitzflächenneigungsverstellung mit Memory und mechanischer Oberschenkelauflage, Beifahrersitz Sportsitz mit sieben elektr. Verstellmöglichkeiten, Sitzheizung, elektrischer Lehnenneigungsverstellung, elektrischer Längsverstellung und elektrischer Höhenverstellung 2-Wege elektrisch mit elektrischer Sitzflächenneigungsverstellung und mechanischer Oberschenkelauflage\nMultifunktions-Alu & Lederlenkrad höhenverstellbar und längsverstellbar\n12V Steckdose im Gepäck/Laderaum vorne und hinten\nSportfahrwerk\nAktive Radaufhängung mit wählbarer Einstellung elektronisch\nBelüftungssystem mit digitaler Überwachung, Pollenfilter, Aktivkohlefilter und Motorvorwärmer\nGetrennte Belüftungsregelung für Beifahrerseite und hinten mit digitaler Anzeige\nKlimaanlage mit 3 Klimatisierungszonen (vollautomatisch)\nAnklappbare Außenspiegel\nElektrische Fensterheber mit Impulsschaltung für zwei Fenster vorn und hinten\nNavigationssystem mit Bedienung über Touch Screen, Datenquelle: Internet (Farbe), 14,90 Zoll-Bildschirm, Verkehrsinformation und Verkehrsinfo Monate inklusive: 24\nSportauspuff\nIsofix\nSprachbedienung Alexa\nElektrische Heckklappen-Zuziehhilfe\nElektronische Handbremse\nPartikelfilter\nKnie-Airbags Fahrer\nLokale Sprache Deutsch, BMW, 3er-Reihe, M3 Competion M xDrive Touring und M3 Competion\nAutom. Warnblinker bei starker Bremsung\nElektr. Sitz-Memory für Außenspiegel\nCrash Warnsystem aktiviert Bremslicht, Müdigkeitswarnung, automatische Notbremsung, Bremst bei niedriger Geschwindigkeit Mindestgeschw. Zur Aktivierung: 5 km/h Fußgängerschutz, visuelle/akustische Warnung, Funktion über 130 km/h 78 mph, Funktion über 50 km/h 30 mph und Funktion unter 50 km/h 30 mph\nBluetooth\nStart/Stop\nGeschwindigkeitsregelanlage\nSpurassistent\nStartknopf\nMulti-Funktions-Monitor mit 12,30 Zoll Bildschirm Kombi-Instrumente 1, Bildschirmgröße (cm): und Wahlrad, Multi-Funktions-Monitor mit 14,90 Zoll Bildschirm und Touch-Bedienung Armaturenbrett 1, Bildschirmgröße (cm):, fix, Drehknopf, Touchpadsteuerung und nein\nLED Licht Bremslicht, Abblendlicht, Blinker, Tagfahrlicht, Rückleuchten und Fernlicht\nBeleuchtete Einstiegszone\nEnergie Rückgewinnung\nVerkehrszeichenerkennung\nAktives Differenzial Hinten\nInterner Speicher/Festplatte 320,00 GB\nFahrereinstellungen Motorcharakteristik, Lenkung, Fahrwerk, Stabilitätskontrolle und Traktionskontrolle\nBeleuchteter Make-up-Spiegel für Fahrer und Beifahrer\nFernbedienung Klimaanlage per Internet, per Telefon, mit Zeitschaltuhr, mit Heizen und mit Kühlen\nKabelloses Ladekissen\nInstallierte Apps\nApp-Steuerung\nEinparkhilfe vorne, hinten Sensor\nText - Sprache/Sprache - Text\n7 Airbags\nMobiltelefonintegration Apple CarPlay, Android Auto, Apple Monate inklusive: 999, Android Monate inklusive: 999, MirrorLink Monate inklusive: 0, Apple drahtlos und Android drahtlos\nAmbientelicht\nWLTP Emissionen ICE, kombiniert: 232,0, kombiniert Fzg niedrig: 229,0 und kombiniert Fzg hoch: 235,0\nElektrisches System 12\nTorque vectoring Differential\nRemote Services Fensterbruchwarnung, Fahrzeug finden, Ton/Blinken, 999 Monate inklusive, Zielübertragung und Position teilen\nOver air updates OS Version\nNotruf\nLaunch Control\nOptik Schwarz um Seitenfenster und Auspuff\nUSB Ladeanschluss vorne, hinten\nTürschwellerschutz Aluminium\nSperrdifferential mit begrenztem Schlupf elektronisches und hinten\nAntriebs-Schlupf-Regelung\nM Drive Professional\n19'/20' M Schmiederäder Doppelspeiche 826 M Schwarz mit Mischbereifung\nRadschraubensicherung\nM Sportdifferenzial\nAdaptives Fahrwerk\nAlarmanlage\nM Dachreling Hochglanz Shadow Line\nInnen- und Außenspiegelpaket\nInnenspiegel.automatisch abblendend\nSitzverstellung elektrisch mit Memory\nLordosenstütze für Fahrer\n\n(Änderungen, Irrtümer und Zwischenverkauf vorbehalten!)",
  "dealerDetails": {
    "id": 22605533,
    "name": "ahg Autohandelsgesellschaft mbH",
    "sellerType": "Dealer",
    "phones": [
      "+49 (0)711 9746411944"
    ],
    "languages": [
      "Deutsch"
    ],
    "country": "DE",
    "address": "Dornierstraße 8, DE-73730 Esslingen am Neckar",
    "location": {
      "latitude": 48.716732,
      "longitude": 9.3427505
    },
    "activeSince": "2019-12-24T00:00:00.000Z",
    "homepageUrl": "https://home.mobile.de/home/redirect.html?customerId=22605533",
    "iconUrl": "https://img.classistatic.de/api/v1/mo-prod/images/99/990946ac-f408-4e60-9fe5-22aec26819f7?rule=mo-640.jpg",
    "reviewPageUrl": "https://www.mobile.de/bewertungen/AHGENTENMANNNIEDERLASSUNGDERAHGAUTOHANDELSGESELLSCHAFTMBH?lang=en",
    "score": {
      "total": 4.1,
      "responseTime": 4.3,
      "friendliness": 4.2,
      "advice": 3.9
    },
    "activeRatingCount": 9,
    "vehicleAsDescribedPercentage": 100,
    "recommendPercentage": 66,
    "soldVehicleCount": null,
    "reviews": []
  },
  "attributes": {
    "Vehicle condition": "Used vehicle",
    "Category": "Estate car",
    "Vehicle Number": "FT24994",
    "Availability": "Now",
    "Mileage": "16,029 km",
    "Cubic Capacity": "2,993 ccm",
    "Power": "375 kW (510 hp)",
    "Drive type": "Internal combustion engine",
    "Fuel": "Petrol",
    "CO₂ class": "Based on CO₂ emissions (combined)",
    "Fuel consumption": [
      "0.0 l/100km (combined)"
    ],
    "Number of Seats": "5",
    "Door Count": "4/5",
    "Transmission": "Automatic",
    "Emission Class": "Euro6",
    "Emissions Sticker": "4 (Green)",
    "First Registration": "05/2024",
    "Number of Vehicle Owners": "1",
    "HU": "New",
    "Climatisation": "Automatic air conditioning",
    "Parking sensors": "Camera, Self-steering systems, Front, Rear",
    "Airbags": "Front and Side and More Airbags",
    "Colour (Manufacturer)": "Saphirschwarz Metallic",
    "Colour": "Black Metallic",
    "Interior Design": "Full leather, Black",
    "Energy consumption (comb.)": "0.0 l/100km",
    "CO₂ emissions (comb.)": "232 g/km"
  },
  "features": [
    "ABS",
    "Adaptive lighting",
    "Alarm system",
    "Alloy wheels",
    "Bluetooth",
    "Central locking",
    "Cruise control",
    "DAB radio",
    "Daytime running lights",
    "Electric seat adjustment",
    "Electric side mirror",
    "Electric windows",
    "ESP",
    "Four-wheel drive",
    "Hands-free kit",
    "Heated seats",
    "Immobilizer",
    "Isofix",
    "LED headlights",
    "Light sensor",
    "Multifunction steering wheel",
    "Navigation system",
    "Non-smoker vehicle",
    "On-board computer",
    "Particulate filter",
    "Power Steering",
    "Rain sensor",
    "Roof rack",
    "Sport seats",
    "Sports suspension",
    "Start-stop system",
    "Traction control",
    "Tuner/radio",
    "Warranty"
  ]
},
{
  "title": "BMW M3 COMPETITION M-PERFORMANCE CARBON TI...",
  "previewImage": "https://img.classistatic.de/api/v1/mo-prod/images/d5/d5181b10-b0df-4a7d-a3a3-c68adbf717b9?rule=mo-1600.jpg",
  "category": "Limousine",
  "brand": "BMW",
  "model": "M3",
  "url": "https://suchen.mobile.de/fahrzeuge/details.html?id=433644177",
  "price.total.amount": 79999,
  "priceRating": {
    "rating": "Fair price",
    "priceRanges": {
      "Very good price": {
        "start": 54001,
        "end": 70300
      },
      "Good price": {
        "start": 70301,
        "end": 75700
      },
      "Fair price": {
        "start": 75701,
        "end": 84100
      },
      "Increased price": {
        "start": 84101,
        "end": 90300
      },
      "High price": {
        "start": 90301,
        "end": 100400
      }
    }
  },
  "description": "M3 COMPETITION M-PERFORMANCE CARBON mit BMW M Performance Schalldämpfersystem Titan\n+ M Performance H Carbon Heckdiffusor\n+ M Performance Sportfahrwerk (Gewindefahrwerk)\n+ H&R Distanzscheiben Verne und hinten\nRäder: 20 Hinten und 19 Vorne\nGARANTIE!\nSERVICE INKLISIVEALLE SERVICES BEI BMW\nSERVICE NEU\nREIFEN VORNE + HINTEN NEU\nWINTER UND SOMMERREIFEN\nGARAGENFAHRZEUG \n\nKlimaautomatik\nKeyless-Go\nHead-Up Display\nNavigationssystem Touchscreen\nCarbon Dach\nEl.Sitzeverstellung mit Memory\nEl.Lenksäule\nRückfahrkamera\nACC Abstandstempomat\nLaser LED Scheinwerfer\nM-Performance Exhaust\nM Performance Endrohrblendenmodul\nBMW M Performance Schalldämpfersystem Titan\nM Performance Heckdiffusor\n\nM-Performance Fahrwerk\nM Performance Nachrüstsatz Sportfahrwerk\nM-Performance Exterieur\nM-Performance Interieur\nShadow line\nDriving Assistant Professional\nParkassistent\nConnected Drive Professional\n\nFahrassistenz-System: Frontkollisionswarnung\nFahrassistenz-System: Spurwechsel-Warnsystem\nFahrassistenz-System: Kreuzungs-Assistent,\nFahrassistenz-System: Querverkehrs-Assistent,\nFahrassistenz-System:Ausweich-Assistent,\nFahrassistenz-System: Ampel-Erkennung,\nFahrassistenz-System: Spurwechsel-Warnsystem,\nFahrassistenz-System: aktiver Spurhalteassistent\n\nFahrassistenz-System: BMW Gestiksteuerung, Fahrassistenz-System:Driving Assistant Professional, Fahrassistenz-System: Fernlichtassistent,Head-up-Display, Heckklappenbetätigung automatisch, Innenausstattung: Interieurleisten Aluminium Tetragon,Lenkrad heizbar, LM-Felgen vorn/hinten: 9,5x19 / 10,5x20 (Doppelspeichen 825 M, Orbit-Grau matt), Metallic-Lackierung,Parkassistent-Paket, Reifen-Reparaturset (Mobility-Pack), ScheinwerferLaserlicht, Sicherheitssystem Active Protection, Sonnenschutzverglasung (hinten abgedunkelt), Verglasung Akustikglas\nAblage-Paket, Adaptives Fahrwerk M-Technic, Airbag Beifahrerseite abschaltbar, Airbag Fahrer-/Beifahrerseite, Ambiente-Beleuchtung, Ausstattungs-Paket:Connected Professional, Außenausstattung:Shadow-Line Hochglanz, Außenausstattung: Shadow-Line Hochglanz (erweiterter Umfang), Außenspiegel elektr. verstell- und heizbar, Bedienelemente galvanisiert, BMW Live Cockpit Professional, Bordcomputer, Competition,DAB-Tuner(Radioempfang digital), Dachhimmel Anthrazit (BMW Individual), Diebstahlsicherung für Räder (Felgenschlösser), Durchladeeinrichtung (Mittelarmlehne hinten), Dynamische Stabilitäts-Control (DSC) mit erweiterter Umfang, Erste Hilfe-Kasten / Verbandkasten, Fahrassistenz-System:Active Guard(Bremsassistent), Fahrassistenz-System: Aufmerksamkeits-Assistent, Freisprecheinrichtung Bluetooth mit USB-/Audio-Schnittstelle, Fußmatten Velours, Gepäckraumbeleuchtung, Getriebe Automatik - mit Steptronic und Drivelogic (8-Stufen), Getränkehalter, Heckleuchten LED, HiFi-Lautsprechersystem, Innenspiegel mit Abblendautomatik, Instrumentenkombination (erweiterter Umfang), Isofix-Aufnahmen für Kindersitz an Rücksitz, Karosserie: 4-türig, Klimaautomatik 3-Zonen mit autom. Umluft-Control, Knieairbag Fahrerseite, Kopf-Airbag-System hinten, Kopf-Airbag-System vorn, Lenksäule (Lenkrad) elektr. verstellbar, Leuchtweitenregelung, M Drive (Fahrprofilauswahl), M Drive Professional (Fahrprofilauswahl), Motor 3,0 Ltr. - 375 kW 24V TwinTurbo KAT (S58), Nebelschlussleuchte(n), Otto-Partikelfilter (OPF), Park-Distance-Control (PDC) vorn und hinten, Parkbremse elektrisch, Reifendruck-Kontrollsystem, Reifenpannen-Anzeige, Schadstoffarm nach Abgasnorm Euro 6d, Schaltpunktanzeige, Seitenairbag vorn, Service-System: ConnectedDrive Services, Service-System: Gesetzlicher Notruf, Sitzbezug / Polsterung: Leder Merino (erweiterter Umfang), Sitze vorn elektr. verstellbar (mit Memory), Sitzheizung vorn, Spiegel-Paket, Sportdifferential, Sportsitze vorn (M-Technic), Start-Stop-Knopf, Start/Stop-Anlage (Funktion), Warndreieck, Wärme-/Sonnenschutzverglasung kombiniert (hinten abgedunkelt) EURO 6, I.Hand\nScheckheft, Werksgarantie, Service Paket, usw...",
  "dealerDetails": {
    "sellerType": "Private Seller",
    "country": "DE",
    "address": "DE-80807 Milbertshofen - Am Hart",
    "location": {
      "latitude": 48.18103,
      "longitude": 11.58867
    },
    "iconUrl": null,
    "reviewPageUrl": null,
    "score": null,
    "activeRatingCount": null,
    "vehicleAsDescribedPercentage": null,
    "recommendPercentage": null,
    "soldVehicleCount": null,
    "reviews": []
  },
  "attributes": {
    "Vehicle condition": "Used vehicle",
    "Category": "Saloon",
    "Mileage": "22,000 km",
    "Power": "375 kW (510 hp)",
    "Drive type": "Internal combustion engine",
    "Fuel": "Petrol",
    "Transmission": "Automatic",
    "Emissions Sticker": "4 (Green)",
    "First Registration": "01/2022",
    "HU": "10/2026",
    "Climatisation": "A/C (man.)",
    "Parking sensors": "Rear",
    "Colour (Manufacturer)": "GREY"
  },
  "features": [
    "ABS",
    "Alloy wheels",
    "Bluetooth",
    "Cruise control",
    "Full Service History",
    "Hands-free kit",
    "Heated seats",
    "Navigation system",
    "Tuner/radio"
  ]
},
{
  "title": "BMW M3 Touri xDrive Competition *Laser/Drivers-Pack*",
  "previewImage": "https://img.classistatic.de/api/v1/mo-prod/images/25/254e24cd-9728-41a2-9c59-b6ad55b1fca5?rule=mo-1600.jpg",
  "category": "EstateCar",
  "brand": "BMW",
  "model": "M3",
  "url": "https://suchen.mobile.de/fahrzeuge/details.html?id=433050507",
  "price.total.amount": 82890,
  "priceRating": {
    "rating": "Good price",
    "priceRanges": {
      "Very good price": {
        "start": 59201,
        "end": 77000
      },
      "Good price": {
        "start": 77001,
        "end": 82900
      },
      "Fair price": {
        "start": 82901,
        "end": 92200
      },
      "Increased price": {
        "start": 92201,
        "end": 99000
      },
      "High price": {
        "start": 99001,
        "end": 110000
      }
    }
  },
  "description": "Herzlich Willkommen bei der Firma Automobile SchallAls ausgezeichneter Top-Autohändler stehen wir für Vertrauen, Sicherheit und erstklassigen Service - denn Ihr Traumauto soll nicht nur begeistern, sondern auch mit einem rundum sicheren und unkomplizierten Kaufprozess überzeugen.Das Fahrzeug befindet sich in einem sehr guten Zustand\n\n\nDeutsches Fahrzeug\nErste Hand\nLückenlos Scheckheftgepflegt bei BMW\nkeine anstehenden Wartungen\nVorschaden höhe Unbekannt\nKein Mietwagen\n\n\nSonderausstattung:\nBMW Individual-Sonderlackierung Frozen Portimao Blue Metallic, BMW Live Cockpit Professional, Fahrassistenz-System: Driving Assistant Professional, Innovations-Paket, LM-Felgen, M Driver´s Package, Parkassistent-Paket Plus, Scheinwerfer BMW Individual Shadow-Line, Sonnenschutzverglasung (hinten abgedunkelt), Sound-System Harman-Kardon\n\nWeitere Ausstattung:\nAblage-Paket, Adaptives Fahrwerk M-Technic, Airbag Beifahrerseite abschaltbar, Aktives M Differential, Ambiente-Beleuchtung, Ausstattungs-Paket: Connected Professional, Außenausstattung: Shadow-Line Hochglanz, Außenausstattung: Shadow-Line Hochglanz (erweiterter Umfang), Außenspiegel elektr. verstell- und heizbar, Bedienelemente galvanisiert, Bordcomputer, Competition, DAB-Tuner (Radioempfang digital), Dachhimmel Anthrazit (BMW Individual), Dachreling Hochglanz Shadow-Line, Diebstahlsicherung für Räder (Felgenschlösser), Durchladeeinrichtung (Mittelarmlehne hinten), Dynamische Stabilitäts-Control (DSC) mit erweiterter Umfang, Einstiegsleisten mit Einleger in Aluminium mit Schriftzug M, Erste Hilfe-Kasten / Verbandkasten, Fahrassistenz-System: Active Guard (Bremsassistent), Fahrassistenz-System: Aufmerksamkeits-Assistent, Freisprecheinrichtung Bluetooth mit USB-/Audio-Schnittstelle, Fußmatten Velours, Gepäckraumbeleuchtung, Getriebe Automatik - mit Steptronic und Drivelogic (8-Stufen), Getränkehalter, Heckklappenbetätigung automatisch, Heckleuchten LED, Induktionsladeschale für Smartphone (Wireless Charging), Innenausstattung: Interieurleisten, schwarz hochglänzend, Innenspiegel mit Abblendautomatik, Instrumentenkombination (erweiterter Umfang), Isofix-Aufnahmen für Kindersitz an Rücksitz, Karosserie: 5-türig, Kennzeichenbeleuchtung LED, Klimaautomatik 3-Zonen mit autom. Umluft-Control, Knieairbag Fahrerseite, Kopf-Airbag-System hinten, Kopf-Airbag-System vorn, Kopfstützen hinten klappbar, Lenksäule (Lenkrad) elektr. verstellbar, Leuchtweitenregelung, M Drive (Fahrprofilauswahl), M Drive Professional (Fahrprofilauswahl), Motor 3,0 Ltr. - 375 kW 24V TwinTurbo KAT (S58), Nebelschlussleuchte(n), Otto-Partikelfilter (OPF), Park-Distance-Control (PDC) vorn und hinten, Parkbremse elektrisch, Reifendruck-Kontrollsystem, Reifenpannen-Anzeige, Schadstoffarm nach Abgasnorm Euro 6d, Schaltpunktanzeige, Seitenairbag vorn, Service-System: ConnectedDrive Services, Service-System: Gesetzlicher Notruf, Service-System: Intelligenter Notruf inkl. TeleServices, Sitzbezug / Polsterung: Leder Merino (erweiterter Umfang), Sitze vorn elektr. verstellbar (mit Memory), Spiegel-Paket, Sportdifferential, Sportsitze vorn (M-Technic), Start-Stop-Knopf, Start/Stop-Anlage (Funktion), Steckdose (12V-Anschluß) in Mittelkonsole vorn, Warndreieck, Widescreen Display, Wärme-/Sonnenschutzverglasung, Wärme-/Sonnenschutzverglasung kombiniert (hinten abgedunkelt)\n\n\nAllgemeine Informationen\n\n· Finanzierung mit oder ohne Anzahlung (Top Zinssatz)\n· Inzahlungnahme ihres Fahrzeuges zu besten Konditionen!\n· Gerne lösen wir Ihren bestehenden Kredit bei der Bank ab und finanzieren Ihr neues Fahrzeug\n\nBehilflich sind wir gerne auch bei folgenden Zusatzleistungen:\n- Kurzzeitkennzeichen zur Überführung (5 Tageskennzeichen)\n- KFZ-Zulassungsservice\n- Bring & Abholservice\n- Lieferung Ihres Fahrzeuges Europaweit möglich\n\n\nEine Besichtigung inkl. Probefahrt kann NUR nach Terminvereinbarung erfolgen.\n\n\nÄnderungen, Irrtümer und Zwischenverkauf vorbehalten - Eine Prüfung vor Abschluss eines Vertrages erfolgt im Beisein des Kunden. Da trotz bestehender Kontrollen eine Abweichung des Fahrzeuges von der oben zu findenden Beschreibung nicht ausgeschlossen werden kann, weisen wir darauf hin, dass Gegenstand eines zustande kommenden Vertrages ausschließlich das Kraftfahrzeug im tatsächlichen Zustand sein wird. Die oben zu findende Beschreibung ist unverbindlich.",
  "dealerDetails": {
    "id": 28616941,
    "name": "Automobile Schall",
    "sellerType": "Dealer",
    "phones": [
      "+49 (0)821 9998665604"
    ],
    "messengers": {
      "WHATS_APP": "+49 (0)176 38414473"
    },
    "languages": [
      "Deutsch"
    ],
    "country": "DE",
    "address": "Zirbelstraße 59b, DE-86154 Augsburg",
    "location": {
      "latitude": 48.39752250000001,
      "longitude": 10.8780611
    },
    "activeSince": "2022-04-01T00:00:00.000Z",
    "homepageUrl": "https://home.mobile.de/home/redirect.html?customerId=28616941",
    "iconUrl": null,
    "reviewPageUrl": "https://www.mobile.de/bewertungen/AutomobileSchall?lang=en",
    "score": {
      "total": 4.8,
      "responseTime": 4.7,
      "friendliness": 5,
      "advice": 4.8
    },
    "activeRatingCount": 23,
    "vehicleAsDescribedPercentage": 95,
    "recommendPercentage": 91,
    "soldVehicleCount": null,
    "reviews": []
  },
  "attributes": {
    "Vehicle condition": "Used vehicle",
    "Category": "Estate car",
    "Model range": "Baureihe M3 Touring (G81)(2022->)",
    "Trim line": "xDrive Competition",
    "Origin": "German edition",
    "Mileage": "19,800 km",
    "Cubic Capacity": "2,993 ccm",
    "Power": "375 kW (510 hp)",
    "Drive type": "Internal combustion engine",
    "Fuel": "Petrol, E10-enabled",
    "Number of Seats": "5",
    "Door Count": "4/5",
    "Transmission": "Automatic",
    "Emission Class": "Euro6c",
    "Emissions Sticker": "4 (Green)",
    "First Registration": "06/2023",
    "Number of Vehicle Owners": "1",
    "HU": "New",
    "Climatisation": "Automatic climatisation, 3 zones",
    "Parking sensors": "Rear, Front, Self-steering systems, 360° camera",
    "Airbags": "Front and Side and More Airbags",
    "Colour (Manufacturer)": "FROZEN PORTIMAO BLAU",
    "Colour": "Blue Metallic Matte",
    "Interior Design": "Full leather, Black",
    "Weight": "1,940 kg",
    "Cylinders": "6",
    "Tank capacity": "59 l"
  },
  "features": [
    "ABS",
    "Adaptive cornering lights",
    "Adaptive Cruise Control",
    "Alarm system",
    "Alloy wheels",
    "Ambient lighting",
    "Android Auto",
    "Apple CarPlay",
    "Arm rest",
    "Autom. dimming interior mirror",
    "Blind spot assist",
    "Bluetooth",
    "Cargo barrier",
    "CD player",
    "Central locking",
    "DAB radio",
    "Digital cockpit",
    "Distance warning system",
    "Dynamic chassis control",
    "Electric seat adjustment",
    "Electric side mirror",
    "Electric tailgate",
    "Electric windows",
    "Eletric seat adjustment with memory function",
    "Emergency brake assist",
    "Emergency call system",
    "Emergency tyre repair kit",
    "ESP",
    "Fatigue warning system",
    "Fold flat passenger seat",
    "Folding exterior mirrors",
    "Four-wheel drive",
    "Full Service History",
    "Glare-free high beam headlights",
    "Hands-free kit",
    "Head-up display",
    "Heated rear seats",
    "Heated seats",
    "High beam assist",
    "Hill-start assist",
    "Immobilizer",
    "Induction charging for smartphones",
    "Integrated music streaming",
    "Isofix",
    "Keyless central locking",
    "Lane change assist",
    "Laser headlights",
    "Leather steering wheel",
    "LED running lights",
    "Light sensor",
    "Lumbar support",
    "Multifunction steering wheel",
    "Navigation preparation",
    "Navigation system",
    "New service",
    "Non-smoker vehicle",
    "On-board computer",
    "Paddle shifters",
    "Power Steering",
    "Rain sensor",
    "Rear traffic alert",
    "Roof rack",
    "Seat ventilation",
    "Ski bag",
    "Smoker's package",
    "Sound system",
    "Speed limit control system",
    "Sport seats",
    "Sports package",
    "Sports suspension",
    "Start-stop system",
    "Summer tyres",
    "Tinted windows",
    "Touchscreen",
    "Traction control",
    "Traffic sign recognition",
    "Tuner/radio",
    "Tyre pressure monitoring",
    "USB port",
    "Voice control",
    "Warranty",
    "WLAN / Wi-Fi hotspot"
  ]
},
{
  "title": "BMW M3 Competion Carbon Sitze, Neuwagen Ga...",
  "previewImage": "https://img.classistatic.de/api/v1/mo-prod/images/f9/f9a6472d-bab6-41f8-8da1-5934a286e602?rule=mo-1600.jpg",
  "category": "Limousine",
  "brand": "BMW",
  "model": "M3",
  "url": "https://suchen.mobile.de/fahrzeuge/details.html?id=432848942",
  "price.total.amount": 83900,
  "priceRating": {
    "rating": "Good price",
    "priceRanges": {
      "Very good price": {
        "start": 64501,
        "end": 83800
      },
      "Good price": {
        "start": 83801,
        "end": 90300
      },
      "Fair price": {
        "start": 90301,
        "end": 100400
      },
      "Increased price": {
        "start": 100401,
        "end": 107800
      },
      "High price": {
        "start": 107801,
        "end": 119700
      }
    }
  },
  "description": "Die Einfahrkontrolle ist frisch gemacht. Das Auto weist keinerlei Mängel auf und ist im Neuwagenzustand.\n\nNeuwagengarantie bei BMW\nPlus 2 Jahre Drive selection Garantie bei BMW\n\nBei Interesse oder Fragen gerne melden.\n\nGebrauchtfahrzeug\nUnfallfrei\nHubraum: 2993 cm\nAnzahl der Türen: 4/5 Türen\nAnzahl Sitzplätze: 5\nFarbe der Innenausstattung: Andere\nAirbags: --\nAnhängerkupplung: --\nRadio: Radio DAB\nTagfahrlicht (Art): LED-Tagfahrlicht\n\nAusstattung\nABS, Abstandswarner, Alarmanlage, Ambiente-Beleuchtung, Android Auto, Apple CarPlay, Armlehne, Beheizbares Lenkrad, Berganfahrassistent, Blendfreies Fernlicht, Bluetooth, Bordcomputer, ESP, Elektr. Fensterheber, Elektr. Heckklappe, Elektr. Seitenspiegel, Elektr. Sitzeinstellung, Elektr. Wegfahrsperre, Garantie, Gepäckraumabtrennung, Geschwindigkeitsbegrenzer, Induktionsladen für Smartphones, Innenspiegel autom. abblendend, Isofix, Lederlenkrad, Leichtmetallfelgen, Lichtsensor, Lordosenstütze, Multifunktionslenkrad, Müdigkeitswarner, Navigationssystem, Nichtraucher-Fahrzeug, Notbremsassistent, Notrufsystem, Partikelfilter, Regensensor, Reifendruckkontrolle, Schaltwippen, Scheckheftgepflegt, Schlüssellose Zentralverriegelung, Servolenkung, Sitzheizung, Sommerreifen, Soundsystem, Sportfahrwerk, Sportpaket, Sportsitze, Sprachsteuerung, Spurhalteassistent, Start/Stopp-Automatik, Totwinkel-Assistent, Touchscreen, Traktionskontrolle, USB, Verkehrszeichenerkennung, Volldigitales Kombiinstrument, Zentralverriegelung\n\nDer Preis ist absolut fest.\n\nPrivatanbieter",
  "dealerDetails": {
    "sellerType": "Private Seller",
    "country": "DE",
    "address": "DE-67067 Ludwigshafen",
    "location": {
      "latitude": 49.45047,
      "longitude": 8.43369
    },
    "iconUrl": null,
    "reviewPageUrl": null,
    "score": null,
    "activeRatingCount": null,
    "vehicleAsDescribedPercentage": null,
    "recommendPercentage": null,
    "soldVehicleCount": null,
    "reviews": []
  },
  "attributes": {
    "Vehicle condition": "Used vehicle",
    "Category": "Saloon",
    "Mileage": "2,100 km",
    "Power": "375 kW (510 hp)",
    "Drive type": "Internal combustion engine",
    "Fuel": "Petrol",
    "Transmission": "Automatic",
    "Emissions Sticker": "4 (Green)",
    "First Registration": "08/2023",
    "HU": "08/2026",
    "Climatisation": "A/C (man.)",
    "Parking sensors": "Rear",
    "Colour (Manufacturer)": "YELLOW"
  },
  "features": [
    "ABS",
    "Alloy wheels",
    "Bluetooth",
    "Cruise control",
    "Full Service History",
    "Hands-free kit",
    "Heated seats",
    "Navigation system",
    "Tuner/radio"
  ]
},
{
  "title": "BMW M3 Competition MxDrive Laser h&k DA-Pro PA-Plus",
  "previewImage": "https://img.classistatic.de/api/v1/mo-prod/images/bf/bf58de85-744d-4617-8024-ad76bc958179?rule=mo-1600.jpg",
  "category": "Limousine",
  "brand": "BMW",
  "model": "M3",
  "url": "https://suchen.mobile.de/fahrzeuge/details.html?id=432986578",
  "price.total.amount": 82479,
  "priceRating": {
    "rating": "Fair price",
    "priceRanges": {
      "Very good price": {
        "start": 58301,
        "end": 75800
      },
      "Good price": {
        "start": 75801,
        "end": 81600
      },
      "Fair price": {
        "start": 81601,
        "end": 90800
      },
      "Increased price": {
        "start": 90801,
        "end": 97500
      },
      "High price": {
        "start": 97501,
        "end": 108300
      }
    }
  },
  "description": "Antrieb, Fahrwerk\nAdaptives M Fahrwerk\nAllrad\nM Drive Professional\nM Sportdifferenzial\nSportfahrwerk\n\nAußenausstattung\nLM-Felgen vorn/hinten: 9,5x19 / 10,5x20 (Doppelspeiche 826 M, Schwarz)\nWärme-/Sonnenschutzverglasung\n\nEditionen und Pakete\nAblagenpaket\nConnected Package Professional (laufzeitgebundener Dienst)\nConnectedDrive Services (laufzeitgebundener Dienst)\nInnovations-Paket\n\nFahrerassistenz\nBMW Drive Recorder (Dashcam)\nFahrassistenz-System: Driving Assistant Professional\nGesetzlicher Notruf\nPark Distance Control (PDC)\nParkassistent-Paket Plus\nRückfahrkamera\nSpurverlassenswarnung\nSpurwechselwarnung\nTeleservices\n\nIndividualumfänge\nM Hochglanz Shadow Line\nM Hochglanz Shadow Line mit erweiterten Umfängen\nScheinwerfer BMW Individual Shadow-Line\n\nKomfort, Innenausstattung\nAbstandsregeltempomat\nAmbiente-Beleuchtung\nAußenspiegel elektr. anklappbar\nAußenspiegel elektr. verstell- und heizbar\nBordcomputer\nDAB-Tuner (Radioempfang digital)\nDurchladeeinrichtung (Mittelarmlehne hinten)\nDurchladesystem\nEinparkhilfe Sensoren vorne\nFensterheber elektrisch\nFensterheber, elektrisch\nFondkopfstützen klappbar\nFreisprecheinrichtung Bluetooth mit USB-/Audio-Schnittstelle\nFunkfernbedienung\nGalvanikapplikation für Bedienelemente\nHeckklappenbetätigung automatisch\nInduktionsladeschale für Smartphone (Wireless Charging)\nInnen- und Außenspiegelpaket\nInnenspiegel mit Abblendautomatik\nInstrumententafel Sensatec\nKeyless Entry\nKlimaautomatik\nKomfortzugang (Öffnungs- und Schließsystem)\nLeder\nLederlenkrad\nLenkrad heizbar\nLordose\nLordosenstütze für Fahrer und Beifahrer\nM Sportsitze\nMultifunktionslenkrad\nSitzheizung\nSitzheizung für Fahrer und Beifahrer\nSitzverstellung elektrisch mit Memory für Fahrersitz\nSonnenschutzverglasung (hinten abgedunkelt)\nSportsitze\nSpurhalteassistent\nVerglasung Akustikglas\nZentralverriegelung\n\nMultimedia\nBluetooth\nBMW Live Cockpit Professional\nBordcomputer\nDAB Tuner\nFreisprecheinrichtung\nSound-System Harman-Kardon\nTelefon\nUSB Schnittstelle\n\nRäder\n19\"/20\" M Schmieder. Doppelsp. 826 M Schwarz /MB, Track Reifen\nRadschraubensicherung\n\nSitzbezug\nBMW Individual erweiterte Lederausstattung 'Merino' Elfenbeinweiß\n\nSonstiges\nAblage für Wireless Charging\nActive Guard\nActive Protection\nAkustikverglasung\nAutomatische Heckklappenbetätigung\nBlow by-Heizer\nBMW Curved Display\nBMW Drive Recorder\nBMW Individual-Sonderlackierung Aventurin-Rot II Metallic\nBMW Laserlicht\nBMW Live Cockpit Professional (laufzeitgebundener Dienst)\nControl-Display mit Farbmonitor (14,9 Zoll)\nDekodierung Zusatzfunktionen\nDeutsch / Bordliteratur\nDeutschland-Ausfuehrung\nDriving Assistant Professional\nElektrisch verstellbare Spiegel\nEU-spezifische Zusatzumfaenge\nFahrassistenz-System: aktiver Spurhalteassistent\nFahrassistenz-System: Ampel-Erkennung\nFahrassistenz-System: Ausweich-Assistent\nFahrassistenz-System: Driving Assistant\nFahrassistenz-System: Falschfahrwarnung\nFahrassistenz-System: Frontkollisionswarnung\nFahrassistenz-System: Heckaufprall-Vermeidung (Prävention Heckkollision)\nFahrassistenz-System: Kreuzungs-Assistent\nFahrassistenz-System: Querverkehrs-Assistent\nFahrassistenz-System: Rückfahr-Assistent\nFahrassistenz-System: Spurwechselassistent\nFahrassistenz-System: Spurwechsel-Warnsystem\nFernlichtassistent\nGeschwindigkeits-Regelanlage, Aktiv mit Stop&Go-Funktion\nHarman Kardon Surround Sound System\nInnenausstattung: Interieurleisten Alu Rhombicle mit Akzentleiste\nInnovationspaket\nInstrumententafel in Sensatec\nKaeltemittel\nKilometertacho\nKomfortzugang\nLenkradheizung\nM Interieurleisten Aluminium Rhombicle Anthrazit\nM Leuchten Shadow Line\nMetallic-Lackierung\nMüdigkeitswarnsystem\nNotrufsystem\nÖlwartungsintervall 24 Monate/30.000 km\nParking Assistant Plus\nReifendruckkontrollsystem\nRückfahrkamera (Top View)\nSonnenschutzverglasung\nSteuerung EfficientDynamics\nSteuerung Infotainment\nSteuerung Karosserie\nSurround-Kamerasystem (Surround View)\n\nUmwelt, Sicherheit\nAbgasnorm EU6 RDE II\nABS\nAktiver Fussgängerschutz\nAlarmanlage mit Fernbedienung\nAuto Start/Stop Funktion \nBeifahrerairbag\nBeifahrerairbag-Deaktivierung\nDiebstahlwarnanlage\nESP\nFahrassistenz-System: Fernlichtassistent\nFahrerairbag\nInnenspiegel automatisch abblendend\nKindersitzbefestigung ISOFIX\nKopfairbag\nLED-Scheinwerfer\nNotbremsassistent\nPASM\nRegensensor\nReifendruck-Kontrolle\nScheinwerfer Laserlicht\nSeitenairbag\nSicherheitssystem Active Protection\nTraction Control\nWarndreieck\nWegfahrsperre\n\nUPE: 113.150,-Eurro\nKEIN MIETWAGEN Irrtümer und Zwischenverkauf vorbehalten.",
  "dealerDetails": {
    "id": 457011,
    "name": "Philipp Automobile GmbH",
    "sellerType": "Dealer",
    "phones": [
      "+49 (0)208 3067564531"
    ],
    "languages": [
      "Deutsch",
      "Pусский",
      "English",
      "Polski",
      "Español",
      "Türkçe"
    ],
    "country": "DE",
    "address": "Ruhrorter Str. 53, DE-45478 Mülheim an der Ruhr",
    "location": {
      "latitude": 51.4340428,
      "longitude": 6.8374415
    },
    "activeSince": "2000-09-19T00:00:00.000Z",
    "homepageUrl": "https://home.mobile.de/home/redirect.html?customerId=457011",
    "iconUrl": "https://img.classistatic.de/api/v1/mo-prod/images/c5/c59d5157-0bab-4e88-9236-a47d75af3c90?rule=mo-640.jpg",
    "reviewPageUrl": "https://www.mobile.de/bewertungen/PHILIPP-AUTOMOBILE?lang=en",
    "score": {
      "total": 4.8,
      "responseTime": 4.8,
      "friendliness": 4.8,
      "advice": 4.6
    },
    "activeRatingCount": 93,
    "vehicleAsDescribedPercentage": 95,
    "recommendPercentage": 96,
    "soldVehicleCount": null,
    "reviews": []
  },
  "attributes": {
    "Vehicle condition": "Used vehicle, Accident-free",
    "Category": "Saloon",
    "Model range": "G80",
    "Trim line": "MxDrive Laser h&k DA-Pro PA-Plus",
    "Vehicle Number": "047269",
    "Availability": "Now",
    "Origin": "German edition",
    "Mileage": "28,000 km",
    "Cubic Capacity": "2,993 ccm",
    "Power": "375 kW (510 hp)",
    "Drive type": "Internal combustion engine",
    "Fuel": "Petrol, E10-enabled",
    "Number of Seats": "5",
    "Door Count": "4/5",
    "Transmission": "Automatic",
    "Emission Class": "Euro6d",
    "Emissions Sticker": "4 (Green)",
    "First Registration": "12/2023",
    "Construction Year": "2023",
    "Number of Vehicle Owners": "2",
    "HU": "New",
    "Climatisation": "Automatic climatisation, 3 zones",
    "Parking sensors": "Rear, 360° camera, Front, Self-steering systems",
    "Airbags": "Front and Side and More Airbags",
    "Colour (Manufacturer)": "Aventurinrot",
    "Colour": "Red Metallic",
    "Interior Design": "Full leather, Other",
    "Weight": "1,805 kg",
    "Cylinders": "6",
    "Tank capacity": "59 l"
  },
  "features": [
    "ABS",
    "Adaptive cornering lights",
    "Adaptive Cruise Control",
    "Alarm system",
    "Alloy wheels",
    "Ambient lighting",
    "Android Auto",
    "Apple CarPlay",
    "Arm rest",
    "Autom. dimming interior mirror",
    "Blind spot assist",
    "Bluetooth",
    "Cargo barrier",
    "Central locking",
    "DAB radio",
    "Digital cockpit",
    "Distance warning system",
    "Dynamic chassis control",
    "Electric seat adjustment",
    "Electric side mirror",
    "Electric tailgate",
    "Electric windows",
    "Eletric seat adjustment with memory function",
    "Emergency brake assist",
    "Emergency call system",
    "Emergency tyre repair kit",
    "ESP",
    "Fatigue warning system",
    "Four-wheel drive",
    "Full Service History",
    "Glare-free high beam headlights",
    "Hands-free kit",
    "Head-up display",
    "Heated seats",
    "Heated steering wheel",
    "High beam assist",
    "Hill-start assist",
    "Immobilizer",
    "Induction charging for smartphones",
    "Integrated music streaming",
    "Isofix",
    "Keyless central locking",
    "Lane change assist",
    "Laser headlights",
    "Leather steering wheel",
    "LED running lights",
    "Light sensor",
    "Lumbar support",
    "Multifunction steering wheel",
    "Navigation system",
    "Non-smoker vehicle",
    "On-board computer",
    "Paddle shifters",
    "Particulate filter",
    "Power Steering",
    "Rain sensor",
    "Rear traffic alert",
    "Sound system",
    "Speed limit control system",
    "Sport seats",
    "Sports package",
    "Sports suspension",
    "Start-stop system",
    "Summer tyres",
    "Tinted windows",
    "Touchscreen",
    "Traction control",
    "Traffic sign recognition",
    "Tuner/radio",
    "Tyre pressure monitoring",
    "USB port",
    "Voice control",
    "Warranty"
  ]
},
{
  "title": "BMW M3 xDrive Competition Metallic",
  "previewImage": "https://img.classistatic.de/api/v1/mo-prod/images/03/03340dbb-4fab-45e4-a1ea-5acd5b06d473?rule=mo-1600.jpg",
  "category": "EstateCar",
  "brand": "BMW",
  "model": "M3",
  "url": "https://suchen.mobile.de/fahrzeuge/details.html?id=425005557",
  "price.total.amount": 82900,
  "priceRating": {
    "rating": "Good price",
    "priceRanges": {
      "Very good price": {
        "start": 62101,
        "end": 80700
      },
      "Good price": {
        "start": 80701,
        "end": 86900
      },
      "Fair price": {
        "start": 86901,
        "end": 96700
      },
      "Increased price": {
        "start": 96701,
        "end": 103800
      },
      "High price": {
        "start": 103801,
        "end": 115300
      }
    }
  },
  "description": "Fahrzeug Model Variante\n\n\nFahrzeughistorie:\n\nDeutsches Fahrzeug aus 1. Hand\nunfallfrei & nachlackierungsfrei\nGaragen- und Nichtraucherfahrzeug\nScheckheftgepflegt lükenlos bei BMW , letze Wartung in Juli bei\nWerksgarantie bis\n\n\nEhemaliges UVP: 113.258 EUR\n\n\n\nSonderausstattung\nAktive Sitzbelüftung vorn\nBMW Live Cockpit Professional (BMW Curved Display, Control-Display mit Farbmonitor (14,9 Zoll) )\nFahrassistenz-System: Driving Assistant Professional (Fahrassistenz-System: Spurwechselassistent, Fahrassistenz-System: Falschfahrwarnung, Geschwindigkeits-Begrenzeranlage (Speed Limit Device), Geschwindigkeits-Regelanlage, Aktiv mit Stop&Go-Funktion, Fahrassistenz-System: Frontkollisionswarnung, Fahrassistenz-System: Heckaufprall-Vermeidung (Prävention Heckkollision), Fahrassistenz-System: Kreuzungs-Assistent, Fahrassistenz-System: Querverkehrs-Assistent, Fahrassistenz-System: Ausweich-Assistent, Fahrassistenz-System: Ampel-Erkennung, Fahrassistenz-System: Spurwechsel-Warnsystem, Fahrassistenz-System: aktiver Spurhalteassistent )\nGepäckraum-Paket\nInnovations-Paket (Scheinwerfer Laserlicht, Fahrassistenz-System: Fernlichtassistent, Komfortzugang (Öffnungs- und Schließsystem), Fahrassistenz-System: Driving Assistant, Fahrassistenz-System: Spurwechselassistent, Fahrassistenz-System: Frontkollisionswarnung, Fahrassistenz-System: Heckaufprall-Vermeidung (Prävention Heckkollision), Fahrassistenz-System: Querverkehrs-Assistent, Fahrassistenz-System: Spurwechsel-Warnsystem )\nLM-Felgen vorn/hinten: 9,5x19 / 10,5x20 (Doppelspeichen 826 M, Bicolor, Schwarz) (Reifensystem Performance )\nLenkrad heizbar\nMetallic-Lackierung\nParkassistent-Paket Plus (Service-System: Remote 3D View, Rückfahrkamera (Top View), Surround-Kamerasystem (Surround View), Fahrassistenz-System: Rückfahr-Assistent )\nScheinwerfer BMW Individual Shadow-Line\nSicherheitsgurte M\nSonnenschutzverglasung (hinten abgedunkelt)\nSound-System Harman-Kardon\nVerglasung Akustikglas\n\nSerienausstattung\nAblage-Paket\nAdaptives Fahrwerk M-Technic\nAirbag Beifahrerseite abschaltbar\nAktives M Differential\nAlarmanlage\nAmbiente-Beleuchtung\nAnti-Blockier-System (ABS)\nAntriebsart: Allradantrieb\nAntriebsart: xDrive (Allrad)\nAusstattungs-Paket: Connected Professional (Service-System: Remote Services, Service-System: Concierge Services, Service-System: Real Time Traffic Information (RTTI), Service-System: Remote 3D View )\nAußenausstattung: Shadow-Line Hochglanz\nAußenausstattung: Shadow-Line Hochglanz (erweiterter Umfang)\nAußenspiegel elektr. verstell- und heizbar\nBedienelemente galvanisiert\nBordcomputer\nCompetition\nDAB-Tuner (Radioempfang digital)\nDachhimmel Anthrazit (BMW Individual)\nDachreling Hochglanz Shadow-Line\nDiebstahlsicherung für Räder (Felgenschlösser)\nDurchladeeinrichtung (Mittelarmlehne hinten)\nDynamische Stabilitäts-Control (DSC) mit erweiterter Umfang\nEinstiegsleisten mit Einleger in Aluminium mit Schriftzug M\nErste Hilfe-Kasten / Verbandkasten\nFahrassistenz-System: Active Guard (Bremsassistent)\nFahrassistenz-System: Aufmerksamkeits-Assistent\nFensterheber elektrisch\nFreisprecheinrichtung Bluetooth mit USB-/Audio-Schnittstelle\nFußmatten Velours\nGepäckraumbeleuchtung\nGeschwindigkeits-Begrenzeranlage (Speed Limit Device)\nGetriebe Automatik - mit Steptronic und Drivelogic (8-Stufen)\nGetränkehalter\nHeckklappenbetätigung automatisch\nHeckleuchten LED\nInduktionsladeschale für Smartphone (Wireless Charging)\nInnenausstattung: Interieurleisten, schwarz hochglänzend\nInnenspiegel mit Abblendautomatik\nInstrumentenkombination (erweiterter Umfang)\nIsofix-Aufnahmen für Kindersitz an Rücksitz\nKarosserie: 5-türig\nKennzeichenbeleuchtung LED\nKlimaautomatik 3-Zonen mit autom. Umluft-Control\nKnieairbag Fahrerseite\nKopf-Airbag-System hinten\nKopf-Airbag-System vorn\nKopfstützen hinten klappbar\nLenkrad (Leder) mit Multifunktion M-Technic\nLenksäule (Lenkrad) elektr. verstellbar\nLeuchtweitenregelung\nM Drive (Fahrprofilauswahl)\nM Drive Professional (Fahrprofilauswahl)\nMotor 3,0 Ltr. - 375 kW 24V TwinTurbo KAT (S58) (Motor 3,0 Ltr. - 375 kW 24V )\nNebelschlussleuchte(n)\nOtto-Partikelfilter (OPF)\nPark-Distance-Control (PDC) vorn und hinten\nParkbremse elektrisch\nReifendruck-Kontrollsystem\nReifenpannen-Anzeige\nSchadstoffarm nach Abgasnorm Euro 6d\nSchaltpunktanzeige\nScheibenwischer mit Regensensor\nSeitenairbag vorn\nService-System: ConnectedDrive Services\nService-System: Gesetzlicher Notruf\nService-System: Intelligenter Notruf inkl. TeleServices\nSitzbezug / Polsterung: Leder Merino (erweiterter Umfang)\n* Sitze vorn elektr. verstellbar (mit Memory) (Lendenwirbelstütze Sitz vorn links und rechts, elektr. ve",
  "dealerDetails": {
    "id": 4885766,
    "name": "Autohaus am Kaiserberg",
    "sellerType": "Dealer",
    "phones": [
      "+49 (0)641 2010137219"
    ],
    "languages": [
      "Deutsch",
      "Pусский",
      "English"
    ],
    "country": "DE",
    "address": "Am Kaiserberg 11, DE-35396 Gießen",
    "location": {
      "latitude": 50.6156427,
      "longitude": 8.7035345
    },
    "activeSince": "2010-10-25T00:00:00.000Z",
    "homepageUrl": "https://home.mobile.de/home/redirect.html?customerId=4885766",
    "iconUrl": null,
    "reviewPageUrl": "https://www.mobile.de/bewertungen/DEM-AUTOMOBILE?lang=en",
    "score": {
      "total": 4.3,
      "responseTime": 4.3,
      "friendliness": 4.4,
      "advice": 4.2
    },
    "activeRatingCount": 13,
    "vehicleAsDescribedPercentage": 91,
    "recommendPercentage": 91,
    "soldVehicleCount": null,
    "reviews": []
  },
  "attributes": {
    "Vehicle condition": "Used vehicle",
    "Category": "Estate car",
    "Model range": "11GB",
    "Trim line": "xDrive Competition",
    "Vehicle Number": "V-BMWM3-3",
    "Availability": "Now",
    "Origin": "German edition",
    "Mileage": "12,000 km",
    "Cubic Capacity": "2,993 ccm",
    "Power": "375 kW (510 hp)",
    "Drive type": "Internal combustion engine",
    "Fuel": "Petrol, E10-enabled",
    "CO₂ class": "Based on CO₂ emissions (combined)",
    "Fuel consumption": [
      "10.4 l/100km (combined)",
      "15.5 l/100km (city)",
      "10.3 l/100km (suburban)",
      "9.0 l/100km (country road)",
      "9.8 l/100km (motorway)"
    ],
    "Energy costs for 15,000 km annual mileage": "€2,799/Year",
    "Fuel price": "€1.79/l (annual average 2024)",
    "Possible CO₂ costs over the next 10 years (15,000 km/year)": [
      "€4,054 (assuming an average CO₂ price of €115/t)",
      "€1,762 (assuming a low average CO₂ price of €50/t)",
      "€6,698 (assuming a high average CO₂ price of €190/t)"
    ],
    "Vehicle tax": "€480/Year",
    "Number of Seats": "5",
    "Door Count": "4/5",
    "Transmission": "Automatic",
    "Emission Class": "Euro6",
    "Emissions Sticker": "4 (Green)",
    "First Registration": "04/2024",
    "Number of Vehicle Owners": "1",
    "HU": "04/2027",
    "Climatisation": "Automatic climatisation, 4 zones",
    "Parking sensors": "360° camera, Self-steering systems, Front, Rear",
    "Airbags": "Driver Airbag",
    "Colour (Manufacturer)": "SKYSCRAPER GRAU METALLIC",
    "Colour": "Grey Metallic",
    "Interior Design": "Full leather, Black",
    "Weight": "1,940 kg",
    "Cylinders": "6",
    "Energy consumption (comb.)": "10.4 l/100km",
    "CO₂ emissions (comb.)": "235 g/km"
  },
  "features": [
    "ABS",
    "Adaptive Cruise Control",
    "Adaptive lighting",
    "Alarm system",
    "Alloy wheels",
    "Ambient lighting",
    "Apple CarPlay",
    "Autom. dimming interior mirror",
    "Blind spot assist",
    "Bluetooth",
    "Central locking",
    "DAB radio",
    "Digital cockpit",
    "Distance warning system",
    "Electric seat adjustment",
    "Electric side mirror",
    "Electric tailgate",
    "Electric windows",
    "Eletric seat adjustment with memory function",
    "Emergency brake assist",
    "Emergency call system",
    "ESP",
    "Fatigue warning system",
    "Four-wheel drive",
    "Full Service History",
    "Glare-free high beam headlights",
    "Hands-free kit",
    "Headlight washer system",
    "Head-up display",
    "Heated rear seats",
    "Heated seats",
    "Heated steering wheel",
    "High beam assist",
    "Hill-start assist",
    "Immobilizer",
    "Induction charging for smartphones",
    "Isofix",
    "Keyless central locking",
    "Lane change assist",
    "Leather steering wheel",
    "LED headlights",
    "LED running lights",
    "Light sensor",
    "Multifunction steering wheel",
    "Navigation system",
    "Non-smoker vehicle",
    "On-board computer",
    "Paddle shifters",
    "Power Steering",
    "Rain sensor",
    "Roof rack",
    "Seat ventilation",
    "Sound system",
    "Speed limit control system",
    "Sport seats",
    "Sports package",
    "Sports suspension",
    "Start-stop system",
    "Summer tyres",
    "Tinted windows",
    "Touchscreen",
    "Traction control",
    "Traffic sign recognition",
    "Tuner/radio",
    "Tyre pressure monitoring",
    "USB port",
    "Voice control",
    "Warranty"
  ]
},
{
  "title": "BMW M3 Touring xDrive Competition * FULL CARBON *",
  "previewImage": "https://img.classistatic.de/api/v1/mo-prod/images/c7/c74dc54e-cdb9-475b-a8d4-2316666571e5?rule=mo-1600.jpg",
  "category": "EstateCar",
  "brand": "BMW",
  "model": "M3",
  "url": "https://suchen.mobile.de/fahrzeuge/details.html?id=432690178",
  "price.total.amount": 83900,
  "priceRating": {
    "rating": "Good price",
    "priceRanges": {
      "Very good price": {
        "start": 63601,
        "end": 82700
      },
      "Good price": {
        "start": 82701,
        "end": 89100
      },
      "Fair price": {
        "start": 89101,
        "end": 99100
      },
      "Increased price": {
        "start": 99101,
        "end": 106400
      },
      "High price": {
        "start": 106401,
        "end": 118200
      }
    }
  },
  "description": "BMW M3 xDrive Competition\nSehr gepflegtes Fahrzeug aus 1.Hand\n\nDeutsches Fahrzeug\nDeutsche Erstauslieferung\nMwSt. ausweisbar\nTop-Ausstattung M Performance & Individual Details\nBMW Individual: Dravit-Grau Metallic\nExterieur-Paket M Carbon\nInterieur-Paker M Carbon\nM Compound-Bremssystem (schwarz)\nM Driver’s Package\nAktives M Differential\nLM-Felgen 826 M (vorn 19\", hinten 20\", Bicolor, schwarz)\nVolllederausstattung Merino\nInterieurleisten Carbon & galvanisierte Bedienelemente\nParkassistent-Paket & Rückfahrkamera\nLenkrad heizbar | M Sportsitze | Memory-Funktion\nDachhimmel Anthrazit (BMW Individual)\nSicherheit & Fahrerassistenz\n\nInnovationspaket\nActive Guard & Active Protection\nAufmerksamkeitsassistent\nPDC vorn & hinten + Rückfahrkamera\nLED- & Akustik-Komfortverglasung (abgedunkelt)\nReifendruckkontrolle, Notlaufeigenschaften\nLED-Scheinwerfer & -Heckleuchten\nInfotainment & Komfort\n\nHarman/Kardon Surround System\nBMW Live Cockpit Plus mit Widescreen-Display\nWireless Charging\nConnected Package Professional (inkl. Teleservices & Notruf)\n3-Zonen-Klimaautomatik\nFußmatten Velours, Ablagepaket, Getränkehalter\nKomfortzugang & automatische Heckklappe\nAntrieb & Umwelt\n\nMotor: 3.0 Liter TwinTurbo S58 – 375 kW (510 PS)\n8-Gang M-Steptronic mit Drivelogic\nM Drive & M Drive Professional (Fahrmodi, Track-Tools)\nStart/Stopp-System & Otto-Partikelfilter (OPF)\nEuro 6d | Schadstoffarm\nWeitere Highlights\n\nEntfall Modellschriftzug (Clean Look)\nSportsitze (M-Technic) elektrisch + Memory\nDachreling & Shadow Line Hochglanz (erweiterter Umfang)\nAmbientebeleuchtung & galvanisierte Bedienelemente\nEinstiegsleisten mit \"M\"-Schriftzug\nAutomatisch abblendender Innenspiegel\nISOFIX hinten, Knieairbag Fahrerseite\nWarndreieck, Verbandkasten \nInzahlungnahme oder Tausch möglich !!! \nFinanzierung bis zu 96 Monate ohne Anzahlung möglich !!!",
  "dealerDetails": {
    "id": 35005405,
    "name": "Autohaus Gebr. Sefa GmbH",
    "sellerType": "Dealer",
    "phones": [
      "+49 (0)175 2656414",
      "+49 (0)171 2001972"
    ],
    "messengers": {
      "WHATS_APP": "+49 (0)171 2001972"
    },
    "languages": [
      "Deutsch",
      "English"
    ],
    "country": "DE",
    "address": "Am Forstgraben 5, DE-49751 Sögel",
    "location": {
      "latitude": 52.82846199999999,
      "longitude": 7.5043513
    },
    "activeSince": "2024-03-14T00:00:00.000Z",
    "homepageUrl": "https://home.mobile.de/home/redirect.html?customerId=35005405",
    "iconUrl": null,
    "reviewPageUrl": "https://www.mobile.de/bewertungen/AutohausGebrSefaGmbH?lang=en",
    "score": {
      "total": 4.7,
      "responseTime": 4.7,
      "friendliness": 4.8,
      "advice": 4.6
    },
    "activeRatingCount": 28,
    "vehicleAsDescribedPercentage": 92,
    "recommendPercentage": 92,
    "soldVehicleCount": null,
    "reviews": []
  },
  "attributes": {
    "Vehicle condition": "Used vehicle, Accident-free",
    "Category": "Estate car",
    "Model range": "Baureihe M3 Touring (G81)(2022->)",
    "Trim line": "xDrive Competition",
    "Mileage": "9,800 km",
    "Cubic Capacity": "2,993 ccm",
    "Power": "375 kW (510 hp)",
    "Drive type": "Internal combustion engine",
    "Fuel": "Petrol",
    "Number of Seats": "5",
    "Door Count": "4/5",
    "Transmission": "Automatic",
    "First Registration": "10/2023",
    "Number of Vehicle Owners": "1",
    "HU": "10/2026",
    "Climatisation": "Automatic climatisation, 3 zones",
    "Parking sensors": "Camera, Rear, Front",
    "Airbags": "Front and Side and More Airbags",
    "Colour (Manufacturer)": " DRAVITGRAU METALLIC (C36)",
    "Colour": "Grey Metallic",
    "Interior Design": "Full leather, Black",
    "Weight": "1,940 kg",
    "Date of last service (date)": "12/2023",
    "Last service (mileage)": "2,075 km",
    "Cylinders": "6",
    "Tank capacity": "59 l"
  },
  "features": [
    "ABS",
    "Adaptive cornering lights",
    "Adaptive Cruise Control",
    "Alarm system",
    "Alloy wheels",
    "Ambient lighting",
    "Android Auto",
    "Apple CarPlay",
    "Autom. dimming interior mirror",
    "Blind spot assist",
    "Bluetooth",
    "Cargo barrier",
    "Central locking",
    "DAB radio",
    "Distance warning system",
    "Dynamic chassis control",
    "Electric seat adjustment",
    "Electric side mirror",
    "Electric tailgate",
    "Electric windows",
    "Eletric seat adjustment with memory function",
    "Emergency brake assist",
    "Emergency call system",
    "Emergency tyre repair kit",
    "ESP",
    "Folding exterior mirrors",
    "Four-wheel drive",
    "Full Service History",
    "Glare-free high beam headlights",
    "Hands-free kit",
    "Head-up display",
    "Heated rear seats",
    "Heated steering wheel",
    "High beam assist",
    "Hill-start assist",
    "Immobilizer",
    "Induction charging for smartphones",
    "Integrated music streaming",
    "Isofix",
    "Lane change assist",
    "Leather steering wheel",
    "LED headlights",
    "LED running lights",
    "Light sensor",
    "Lumbar support",
    "Multifunction steering wheel",
    "Navigation preparation",
    "Navigation system",
    "Non-smoker vehicle",
    "On-board computer",
    "Paddle shifters",
    "Panoramic roof",
    "Power Steering",
    "Rain sensor",
    "Rear traffic alert",
    "Roof rack",
    "Sound system",
    "Speed limit control system",
    "Sport seats",
    "Sports package",
    "Sports suspension",
    "Start-stop system",
    "Tinted windows",
    "Touchscreen",
    "Traction control",
    "Traffic sign recognition",
    "Tuner/radio",
    "Tyre pressure monitoring",
    "USB port",
    "Voice control",
    "Warranty",
    "Winter package"
  ]
},
{
  "title": "BMW M3 Competition MxDrive Laser h&k DA-Pro PA-Plus",
  "previewImage": "https://img.classistatic.de/api/v1/mo-prod/images/bf/bf58de85-744d-4617-8024-ad76bc958179?rule=mo-1600.jpg",
  "category": "Limousine",
  "brand": "BMW",
  "model": "M3",
  "url": "https://suchen.mobile.de/fahrzeuge/details.html?id=432986578",
  "price.total.amount": 82479,
  "priceRating": {
    "rating": "Fair price",
    "priceRanges": {
      "Very good price": {
        "start": 58301,
        "end": 75800
      },
      "Good price": {
        "start": 75801,
        "end": 81600
      },
      "Fair price": {
        "start": 81601,
        "end": 90800
      },
      "Increased price": {
        "start": 90801,
        "end": 97500
      },
      "High price": {
        "start": 97501,
        "end": 108300
      }
    }
  },
  "description": "Antrieb, Fahrwerk\nAdaptives M Fahrwerk\nAllrad\nM Drive Professional\nM Sportdifferenzial\nSportfahrwerk\n\nAußenausstattung\nLM-Felgen vorn/hinten: 9,5x19 / 10,5x20 (Doppelspeiche 826 M, Schwarz)\nWärme-/Sonnenschutzverglasung\n\nEditionen und Pakete\nAblagenpaket\nConnected Package Professional (laufzeitgebundener Dienst)\nConnectedDrive Services (laufzeitgebundener Dienst)\nInnovations-Paket\n\nFahrerassistenz\nBMW Drive Recorder (Dashcam)\nFahrassistenz-System: Driving Assistant Professional\nGesetzlicher Notruf\nPark Distance Control (PDC)\nParkassistent-Paket Plus\nRückfahrkamera\nSpurverlassenswarnung\nSpurwechselwarnung\nTeleservices\n\nIndividualumfänge\nM Hochglanz Shadow Line\nM Hochglanz Shadow Line mit erweiterten Umfängen\nScheinwerfer BMW Individual Shadow-Line\n\nKomfort, Innenausstattung\nAbstandsregeltempomat\nAmbiente-Beleuchtung\nAußenspiegel elektr. anklappbar\nAußenspiegel elektr. verstell- und heizbar\nBordcomputer\nDAB-Tuner (Radioempfang digital)\nDurchladeeinrichtung (Mittelarmlehne hinten)\nDurchladesystem\nEinparkhilfe Sensoren vorne\nFensterheber elektrisch\nFensterheber, elektrisch\nFondkopfstützen klappbar\nFreisprecheinrichtung Bluetooth mit USB-/Audio-Schnittstelle\nFunkfernbedienung\nGalvanikapplikation für Bedienelemente\nHeckklappenbetätigung automatisch\nInduktionsladeschale für Smartphone (Wireless Charging)\nInnen- und Außenspiegelpaket\nInnenspiegel mit Abblendautomatik\nInstrumententafel Sensatec\nKeyless Entry\nKlimaautomatik\nKomfortzugang (Öffnungs- und Schließsystem)\nLeder\nLederlenkrad\nLenkrad heizbar\nLordose\nLordosenstütze für Fahrer und Beifahrer\nM Sportsitze\nMultifunktionslenkrad\nSitzheizung\nSitzheizung für Fahrer und Beifahrer\nSitzverstellung elektrisch mit Memory für Fahrersitz\nSonnenschutzverglasung (hinten abgedunkelt)\nSportsitze\nSpurhalteassistent\nVerglasung Akustikglas\nZentralverriegelung\n\nMultimedia\nBluetooth\nBMW Live Cockpit Professional\nBordcomputer\nDAB Tuner\nFreisprecheinrichtung\nSound-System Harman-Kardon\nTelefon\nUSB Schnittstelle\n\nRäder\n19\"/20\" M Schmieder. Doppelsp. 826 M Schwarz /MB, Track Reifen\nRadschraubensicherung\n\nSitzbezug\nBMW Individual erweiterte Lederausstattung 'Merino' Elfenbeinweiß\n\nSonstiges\nAblage für Wireless Charging\nActive Guard\nActive Protection\nAkustikverglasung\nAutomatische Heckklappenbetätigung\nBlow by-Heizer\nBMW Curved Display\nBMW Drive Recorder\nBMW Individual-Sonderlackierung Aventurin-Rot II Metallic\nBMW Laserlicht\nBMW Live Cockpit Professional (laufzeitgebundener Dienst)\nControl-Display mit Farbmonitor (14,9 Zoll)\nDekodierung Zusatzfunktionen\nDeutsch / Bordliteratur\nDeutschland-Ausfuehrung\nDriving Assistant Professional\nElektrisch verstellbare Spiegel\nEU-spezifische Zusatzumfaenge\nFahrassistenz-System: aktiver Spurhalteassistent\nFahrassistenz-System: Ampel-Erkennung\nFahrassistenz-System: Ausweich-Assistent\nFahrassistenz-System: Driving Assistant\nFahrassistenz-System: Falschfahrwarnung\nFahrassistenz-System: Frontkollisionswarnung\nFahrassistenz-System: Heckaufprall-Vermeidung (Prävention Heckkollision)\nFahrassistenz-System: Kreuzungs-Assistent\nFahrassistenz-System: Querverkehrs-Assistent\nFahrassistenz-System: Rückfahr-Assistent\nFahrassistenz-System: Spurwechselassistent\nFahrassistenz-System: Spurwechsel-Warnsystem\nFernlichtassistent\nGeschwindigkeits-Regelanlage, Aktiv mit Stop&Go-Funktion\nHarman Kardon Surround Sound System\nInnenausstattung: Interieurleisten Alu Rhombicle mit Akzentleiste\nInnovationspaket\nInstrumententafel in Sensatec\nKaeltemittel\nKilometertacho\nKomfortzugang\nLenkradheizung\nM Interieurleisten Aluminium Rhombicle Anthrazit\nM Leuchten Shadow Line\nMetallic-Lackierung\nMüdigkeitswarnsystem\nNotrufsystem\nÖlwartungsintervall 24 Monate/30.000 km\nParking Assistant Plus\nReifendruckkontrollsystem\nRückfahrkamera (Top View)\nSonnenschutzverglasung\nSteuerung EfficientDynamics\nSteuerung Infotainment\nSteuerung Karosserie\nSurround-Kamerasystem (Surround View)\n\nUmwelt, Sicherheit\nAbgasnorm EU6 RDE II\nABS\nAktiver Fussgängerschutz\nAlarmanlage mit Fernbedienung\nAuto Start/Stop Funktion \nBeifahrerairbag\nBeifahrerairbag-Deaktivierung\nDiebstahlwarnanlage\nESP\nFahrassistenz-System: Fernlichtassistent\nFahrerairbag\nInnenspiegel automatisch abblendend\nKindersitzbefestigung ISOFIX\nKopfairbag\nLED-Scheinwerfer\nNotbremsassistent\nPASM\nRegensensor\nReifendruck-Kontrolle\nScheinwerfer Laserlicht\nSeitenairbag\nSicherheitssystem Active Protection\nTraction Control\nWarndreieck\nWegfahrsperre\n\nUPE: 113.150,-Eurro\nKEIN MIETWAGEN Irrtümer und Zwischenverkauf vorbehalten.",
  "dealerDetails": {
    "id": 457011,
    "name": "Philipp Automobile GmbH",
    "sellerType": "Dealer",
    "phones": [
      "+49 (0)208 3067564531"
    ],
    "languages": [
      "Deutsch",
      "Pусский",
      "English",
      "Polski",
      "Español",
      "Türkçe"
    ],
    "country": "DE",
    "address": "Ruhrorter Str. 53, DE-45478 Mülheim an der Ruhr",
    "location": {
      "latitude": 51.4340428,
      "longitude": 6.8374415
    },
    "activeSince": "2000-09-19T00:00:00.000Z",
    "homepageUrl": "https://home.mobile.de/home/redirect.html?customerId=457011",
    "iconUrl": "https://img.classistatic.de/api/v1/mo-prod/images/c5/c59d5157-0bab-4e88-9236-a47d75af3c90?rule=mo-640.jpg",
    "reviewPageUrl": "https://www.mobile.de/bewertungen/PHILIPP-AUTOMOBILE?lang=en",
    "score": {
      "total": 4.8,
      "responseTime": 4.8,
      "friendliness": 4.8,
      "advice": 4.6
    },
    "activeRatingCount": 93,
    "vehicleAsDescribedPercentage": 95,
    "recommendPercentage": 96,
    "soldVehicleCount": null,
    "reviews": []
  },
  "attributes": {
    "Vehicle condition": "Used vehicle, Accident-free",
    "Category": "Saloon",
    "Model range": "G80",
    "Trim line": "MxDrive Laser h&k DA-Pro PA-Plus",
    "Vehicle Number": "047269",
    "Availability": "Now",
    "Origin": "German edition",
    "Mileage": "28,000 km",
    "Cubic Capacity": "2,993 ccm",
    "Power": "375 kW (510 hp)",
    "Drive type": "Internal combustion engine",
    "Fuel": "Petrol, E10-enabled",
    "Number of Seats": "5",
    "Door Count": "4/5",
    "Transmission": "Automatic",
    "Emission Class": "Euro6d",
    "Emissions Sticker": "4 (Green)",
    "First Registration": "12/2023",
    "Construction Year": "2023",
    "Number of Vehicle Owners": "2",
    "HU": "New",
    "Climatisation": "Automatic climatisation, 3 zones",
    "Parking sensors": "Front, 360° camera, Rear, Self-steering systems",
    "Airbags": "Front and Side and More Airbags",
    "Colour (Manufacturer)": "Aventurinrot",
    "Colour": "Red Metallic",
    "Interior Design": "Full leather, Other",
    "Weight": "1,805 kg",
    "Cylinders": "6",
    "Tank capacity": "59 l"
  },
  "features": [
    "ABS",
    "Adaptive cornering lights",
    "Adaptive Cruise Control",
    "Alarm system",
    "Alloy wheels",
    "Ambient lighting",
    "Android Auto",
    "Apple CarPlay",
    "Arm rest",
    "Autom. dimming interior mirror",
    "Blind spot assist",
    "Bluetooth",
    "Cargo barrier",
    "Central locking",
    "DAB radio",
    "Digital cockpit",
    "Distance warning system",
    "Dynamic chassis control",
    "Electric seat adjustment",
    "Electric side mirror",
    "Electric tailgate",
    "Electric windows",
    "Eletric seat adjustment with memory function",
    "Emergency brake assist",
    "Emergency call system",
    "Emergency tyre repair kit",
    "ESP",
    "Fatigue warning system",
    "Four-wheel drive",
    "Full Service History",
    "Glare-free high beam headlights",
    "Hands-free kit",
    "Head-up display",
    "Heated seats",
    "Heated steering wheel",
    "High beam assist",
    "Hill-start assist",
    "Immobilizer",
    "Induction charging for smartphones",
    "Integrated music streaming",
    "Isofix",
    "Keyless central locking",
    "Lane change assist",
    "Laser headlights",
    "Leather steering wheel",
    "LED running lights",
    "Light sensor",
    "Lumbar support",
    "Multifunction steering wheel",
    "Navigation system",
    "Non-smoker vehicle",
    "On-board computer",
    "Paddle shifters",
    "Particulate filter",
    "Power Steering",
    "Rain sensor",
    "Rear traffic alert",
    "Sound system",
    "Speed limit control system",
    "Sport seats",
    "Sports package",
    "Sports suspension",
    "Start-stop system",
    "Summer tyres",
    "Tinted windows",
    "Touchscreen",
    "Traction control",
    "Traffic sign recognition",
    "Tuner/radio",
    "Tyre pressure monitoring",
    "USB port",
    "Voice control",
    "Warranty"
  ]
},
{
  "title": "BMW M3 Competion M xDrive Touring*BMW GARANTIE*",
  "previewImage": "https://img.classistatic.de/api/v1/mo-prod/images/12/1261ab00-508c-4db0-a4ee-1bee34a7e38e?rule=mo-1600.jpg",
  "category": "EstateCar",
  "brand": "BMW",
  "model": "M3",
  "url": "https://suchen.mobile.de/fahrzeuge/details.html?id=433137093",
  "price.total.amount": 79999,
  "priceRating": {
    "rating": "Good price",
    "priceRanges": {
      "Very good price": {
        "start": 58301,
        "end": 75800
      },
      "Good price": {
        "start": 75801,
        "end": 81600
      },
      "Fair price": {
        "start": 81601,
        "end": 90800
      },
      "Increased price": {
        "start": 90801,
        "end": 97500
      },
      "High price": {
        "start": 97501,
        "end": 108300
      }
    }
  },
  "description": "Fahrzeugbeschreibung:\nBlitzschnell und bequem zu Top-Konditionen. Mit oder ohne Anzahlung.Die Möglichkeit von Sondertilgung und Ablösung ist jederzeit möglich.Wir arbeiten in Kooperation mit mehreren Banken zusammen und bieten Ihnen gern einen maßgeschneiderten Lösungsvorschlag für Ihr Traumauto, schon ab 3,99%∗\nBMW GARANTIE BIS 09/2026 ODER 100 000 KM∗\n5 JAHRE SERVICE INKLUSIVE BMW∗\nDEUTSCHES AUTO∗\n1 HAND∗\nAblage-Paket, Adaptives Fahrwerk M-Technic, Airbag Beifahrerseite abschaltbar, Aktives M Differential, Alarmanlage, Ambiente-Beleuchtung,\nABS,Allradantrieb,xDrive,Shadow-Line Hochglanz,Außenspiegel elektr. verstell- und heizbar,Connected Professional (Service-System: Remote Services,Concierge Services,Real Time Traffic Information (RTTI),Remote 3D View),\nBedienelemente galvanisiert, Bordcomputer, Competition, DAB-Tuner,Dachhimmel Anthrazit (BMW Individual),Dachreling Hochglanz Shadow-Line,Durchladeeinrichtung (Mittelarmlehne hinten), DynamischeStabilitäts-Control (DSC),Einstiegsleisten mit Einleger in Aluminium mit Schriftzug M, Active Guard Bremsassistent,Aufmerksamkeits-Assistent, Fensterheber elektrisch,Freisprecheinrichtung Bluetooth mit USB-/Audio-Schnittstelle, Fußmatten Velours, Gepäckraumbeleuchtung,Speed Limit Device,Geschwindigkeits-Regelanlage mit Bremsfunktion, Getränkehalter, Getriebe Automatik - mit Steptronic und Drivelogic (8-Stufen), Heckklappenbetätigung automatisch, Heckleuchten LED, Induktionsladeschale für Smartphone (Wireless Charging), Innenspiegel mitAbblendautomatik, Instrumentenkombination (erweiterter Umfang), Isofix-Aufnahmen für Kindersitz an Rücksitz, Karosserie: 5-türig,Kennzeichenbeleuchtung LED, Klimaautomatik 3-Zonen mit autom. Umluft-Control, Knieairbag Fahrerseite, Kopf-Airbag-System hinten, Kopf-Airbag-System vorn, Kopfstützen hinten klappbar, Lenkrad (Leder) mit Multifunktion M-Technic, Lenksäule (Lenkrad) elektr. verstellbar,Leuchtweitenregelung, M Drive (Fahrprofilauswahl), M Drive Professional (Fahrprofilauswahl), Motor 3,0 Ltr. - 375 kW 24V TwinTurbo KAT (S58)(Motor 3,0 Ltr. - 375 kW 24V), Nebelschlussleuchte(n),Parkbremse elektrisch, Park-Distance-Control (PDC) vorn undhinten, Reifendruck-Kontrollsystem, Reifenpannen-Anzeige,Euro 6d, Schaltpunktanzeige, Scheibenwischer mitRegensensor, Seitenairbag vorn, Service-System: ConnectedDrive Services, Service-System: Gesetzlicher Notruf, Service-System: IntelligenterNotruf inkl. TeleServices, Sitzbezug / Polsterung: Leder Merino (erweiterter Umfang), Sitze vorn elektr. verstellbar (mit Memory)(Lendenwirbelstütze Sitz vorn links und rechts, elektr. verstellbar), Sitzheizung vorn + hinten, Spiegel-Paket (Außenspiegel elektr. anklappbar,Außenspiegel mit Abblendautomatik, links, Außenspiegel mit Bordsteinautomatik, rechts), Sportdifferential, Sportsitze vorn (M-Technic), Start/Stop-Anlage (Funktion), Start-Stop-Knopf, Steckdose (12V-Anschluß) in Mittelkonsole vorn, Wärme-/Sonnenschutzverglasung, Wärme-/Sonnenschutzverglasung kombiniert (hinten abgedunkelt),Wegfahrsperre, Widescreen Display, Zentralverriegelung mitFernbedienungSonder-AusstattungAktive Sitzbelüftung vorn, BMW Live Cockpit Professional (BMW Curved Display, Control-Display mit Farbmonitor (14,9 Zoll)), Bremsanlage:Compound - M Bremssystem (Bremssättel Rot), Innenausstattung: Interieurleisten Carbon, Innovations-Paket (Scheinwerfer Laserlicht,Fahrassistenz-System: Fernlichtassistent, Komfortzugang (Öffnungs- und Schließsystem), Fahrassistenz-System: Driving Assistant,Fahrassistenz-System: Spurwechselassistent, Fahrassistenz-System: Frontkollisionswarnung, Fahrassistenz-System: Heckaufprall-Vermeidung(Prävention Heckkollision), Fahrassistenz-System: Querverkehrs-Assistent, Fahrassistenz-System: Spurwechsel-Warnsystem), LM-Felgen, MDriver´s Package, Metallic-Lackierung, Parkassistent-Paket (Rückfahrkamera, Fahrassistenz-System: Rückfahr-Assistent), Reifen-Reparaturset(Mobility-Pack), Scheinwerfer BMW Individual Shadow-Line, Sicherheitsgurte M, Sonnenschutzrollo an Türscheiben hinten,Sonnenschutzverglasung (hinten abgedunkelt), Sound-System Harman-Kardon∗\nGerne bieten wir Ihnen Finanzierung an (auch ohne Anzahlung möglich)∗\nHaben Sie noch ein Fahrzeug zur Inzahlungnahme? Gerne bewerten wir es für Sie\nÖffnungszeiten: \"Montag bis Freitag von 10:00 Uhr bis 18:00 Uhr\"\nSamstag 10:00 Uhr bis 13:00 UHR.\nDie im Internet gemachten Angaben sind unverbindliche Beschreibungen. Eingabefehler und Irrtümer vorbehalten Die gemachten Angaben gelten nicht als zugesicherte Eigenschaft im Sinne des BGB § 434 Abs. 1 Satz 3∗\nTrotz größter Mühe und Sorgfalt, sind Fehler in dieser spezifischen Fahrzeugbeschreibung nicht ausgeschlossen. Die Fahrzeugbeschreibung dient lediglich der allgemeinen Identifizierung des Fahrzeuges und stellt keinen Vertragsbestandteil im rechtlichen Sinne dar. Ausschlaggebend sind einzig und allein die Vereinbarung im Kaufvertrag. Den genauen Ausstattungsumfang und Beschreibung erhalten Sie von Ihrem Verkaufsberater vor Ort. Zwischenverkauf vorbehalten",
  "dealerDetails": {
    "id": 26802167,
    "name": "LL AUTOMOBILE",
    "sellerType": "Dealer",
    "phones": [
      "+49 (0)911 4777947719"
    ],
    "languages": [
      "Deutsch",
      "English"
    ],
    "country": "DE",
    "address": "Eltersdorferstrasse 23, DE-90425 NÜRNBERG",
    "location": {
      "latitude": 49.4820437,
      "longitude": 11.0594589
    },
    "activeSince": "2021-07-19T00:00:00.000Z",
    "homepageUrl": "https://home.mobile.de/home/redirect.html?customerId=26802167",
    "iconUrl": "https://img.classistatic.de/api/v1/mo-prod/images/bf/bf748a61-aedb-48c8-bea6-e2231a03d045?rule=mo-640.jpg",
    "reviewPageUrl": "https://www.mobile.de/bewertungen/LLAUTOMOBILE?lang=en",
    "score": {
      "total": 4.9,
      "responseTime": 5,
      "friendliness": 4.9,
      "advice": 4.9
    },
    "activeRatingCount": 34,
    "vehicleAsDescribedPercentage": 97,
    "recommendPercentage": 100,
    "soldVehicleCount": null,
    "reviews": []
  },
  "attributes": {
    "Vehicle condition": "Used vehicle, Accident-free",
    "Category": "Estate car",
    "Model range": "G81",
    "Trim line": "M3 Competion",
    "Origin": "German edition",
    "Mileage": "41,000 km",
    "Cubic Capacity": "2,993 ccm",
    "Power": "375 kW (510 hp)",
    "Drive type": "Internal combustion engine",
    "Fuel": "Petrol, E10-enabled",
    "Fuel consumption": [
      "10.3 l/100km (combined)"
    ],
    "Number of Seats": "5",
    "Door Count": "4/5",
    "Transmission": "Automatic",
    "Emission Class": "Euro6d",
    "Emissions Sticker": "4 (Green)",
    "First Registration": "09/2023",
    "Number of Vehicle Owners": "1",
    "HU": "New",
    "Climatisation": "Automatic climatisation, 3 zones",
    "Parking sensors": "Front, Camera",
    "Airbags": "Front and Side and More Airbags",
    "Colour (Manufacturer)": "SKYSCRAPER GRAU",
    "Colour": "Grey Metallic",
    "Interior Design": "Full leather, Beige",
    "Date of last service (date)": "04/2024",
    "Last service (mileage)": "23,476 km",
    "Cylinders": "6",
    "Energy consumption (comb.)": "10.3 l/100km",
    "CO₂ emissions (comb.)": "232 g/km"
  },
  "features": [
    "ABS",
    "Adaptive cornering lights",
    "Adaptive Cruise Control",
    "Alloy wheels",
    "Ambient lighting",
    "Android Auto",
    "Apple CarPlay",
    "Arm rest",
    "Autom. dimming interior mirror",
    "Blind spot assist",
    "Bluetooth",
    "Cargo barrier",
    "CD player",
    "Central locking",
    "DAB radio",
    "Digital cockpit",
    "Distance warning system",
    "Dynamic chassis control",
    "Electric seat adjustment",
    "Electric side mirror",
    "Electric tailgate",
    "Electric windows",
    "Eletric seat adjustment with memory function",
    "Emergency brake assist",
    "Emergency call system",
    "Emergency tyre repair kit",
    "ESP",
    "Fatigue warning system",
    "Fog lamp",
    "Folding exterior mirrors",
    "Four-wheel drive",
    "Full Service History",
    "Glare-free high beam headlights",
    "Hands-free kit",
    "Headlight washer system",
    "Head-up display",
    "Heated seats",
    "Heated windshield",
    "High beam assist",
    "Hill-start assist",
    "Immobilizer",
    "Induction charging for smartphones",
    "Integrated music streaming",
    "Isofix",
    "Keyless central locking",
    "Lane change assist",
    "Leather steering wheel",
    "LED headlights",
    "LED running lights",
    "Light sensor",
    "Lumbar support",
    "Multifunction steering wheel",
    "Navigation system",
    "Non-smoker vehicle",
    "On-board computer",
    "Paddle shifters",
    "Particulate filter",
    "Passenger seat Isofix point",
    "Power Steering",
    "Rain sensor",
    "Roof rack",
    "Seat ventilation",
    "Sound system",
    "Speed limit control system",
    "Sport seats",
    "Sports package",
    "Sports suspension",
    "Start-stop system",
    "Summer tyres",
    "Tinted windows",
    "Touchscreen",
    "Traction control",
    "Traffic sign recognition",
    "Tuner/radio",
    "Tyre pressure monitoring",
    "USB port",
    "Voice control",
    "Warranty"
  ]
},
{
  "title": "BMW M3 Touring Competition M xDrive- DAProf,360°,H",
  "previewImage": "https://img.classistatic.de/api/v1/mo-prod/images/cb/cb2584e6-c1fc-47e1-bf6c-5320cc08efd7?rule=mo-1600.jpg",
  "category": "EstateCar",
  "brand": "BMW",
  "model": "M3",
  "url": "https://suchen.mobile.de/fahrzeuge/details.html?id=425189240",
  "price.total.amount": 83900,
  "priceRating": {
    "rating": "Very good price",
    "priceRanges": {
      "Very good price": {
        "start": 66301,
        "end": 86200
      },
      "Good price": {
        "start": 86201,
        "end": 92800
      },
      "Fair price": {
        "start": 92801,
        "end": 103200
      },
      "Increased price": {
        "start": 103201,
        "end": 110800
      },
      "High price": {
        "start": 110801,
        "end": 123100
      }
    }
  },
  "description": "Verbrauch und Emission (WLTP)\nPrimärer Antrieb Verbrauch innerorts: 12,40 l/100 km\nPrimärer Antrieb Verbrauch Stadtrand: 11,40 l/100 km\nPrimärer Antrieb Verbrauch Landstraße: 8,40 l/100 km\nPrimärer Antrieb Verbrauch Autobahn: 9,40 l/100 km\nPrimärer Antrieb Verbrauch kombiniert: 10,40 l/100 km\nCO2 Emission kombiniert: 235 g/km\n\nBereifung\nAktuelle Bereifung: Sommerreifen\n\nGetriebe\nAutomatikgetriebe DriveLogic, 8 Gänge\n\nAusstattungslinie\nAusstattungslinie Exterieur: Competition\n\nAusstattungspakete\nAusstattungspaket: Connected Package Professional, Connected Professional (laufzeitgebundener Dienst)\nOptikpaket: M Hochglanz Shadow Line\nAblagepaket\nSpiegelpaket: Innen- und Außenspiegelpaket\n\nAssistenzsysteme\nHead-up-Display HUD\nFernlichtassistent\nBMW ParkAssistent\nRückfahrkamera\nSurround View\nAktive Geschwindigkeitsregelung mit Stop & Go\nSpurwechselassistent\nSpurhalteassistent\nBremsassistent\nFahrerassistenzpaket: Driving Assistant Professional, Heckaufprall-Vermeidung, Parkassistent-Paket Plus, Rückfahr-Assistent\nActive Guard Auffahrwarnung\nGespannstabilisierung\n\nLicht und Sicht\nAdaptiver LED-Scheinwerfer\nAdaptives Kurvenlicht\nRegensensor\nAutomatisch abblendende Innen- und Außenspiegel\nSonnenschutzverglasung\nDynamische Leuchtweitenregulierung\nAmbientebeleuchtung\nLichtsensor\n\nAudio & Kommunikation\nBMW Live Cockpit Professional: Augmented Reality\nRadio\nMulti-Funktions-Display\nDigitaler Radioempfang DAB\nHarman/Kardon Soundsystem\nBMW ConnectedDrive Services: ConnectedDrive Services (laufzeitgebundener Dienst), Connected Package Professional (laufzeitgebundener Dienst)\nHandyvorbereitung Bluetooth\nKabelloses Laden für Handys\nWLAN Hotspot: Personal eSIM\n\nKomfort\nBMW Live Cockpit Professional: Professional, BMW Curved Display\nKlimaautomatik, 3 Zonen\nFahrer-/Beifahrersitz elektrisch\nMemoryfunktion Fahrersitz\nLordosenstütze Fahrer/Beifahrer elektrisch\nSitzheizung Fahrer/Beifahrer\nSportsitze: M\nArmauflage hinten\nLenksäule verstellbar\nKomfortzugang\nAuto Start Stop Funktion\nZentralver. mit Fernbedienung: mit Diebstahlsicherung und Crashsensor, BMW Digital Key\nFensterheber elektrisch 4-fach\nKopfstützen vorn und hinten\nAutomatisch öffnende Heckklappe\nM Drive\nGetränkehalter\n\nInterieur\nSitze Leder Merino schwarz\nMultifunktions-Lederlenkrad\nDurchladesystem\nDekoreinlagen Aluminium: M Interieurleisten Aluminium Rhombicle A, Rhombicle mit Akzentleiste, Rhombicle anthrazit\n\nExterieur\nAdaptives Fahrwerk\nAntrieb: Allrad\nM Sportfahrwerk\nTouchscreen Bedienung\nDifferentialsperre: Aktives M Differential\nM Leichtmetallräder 20 Zoll: Doppelspeiche 826 M\nAußenspiegel elekt. anklappbar\nDachreling: BMW Individual, hochglanz Shadow Line, Hochglanz Shadow-Line\nReifenpannenset\nInnovationspaket\nNotrufsystem: Intelligenter Notruf inkl. TeleServices (laufzeitgebundener Dienst)\nGeschwindigkeitsbegrenzer\nFahrzeugpersonalisierung: BMW ID\n\nSicherheit\nISOFIX Kindersitzbefestigung\nFußgängerschutzsystem: aktiv\nFahrer- /Beifahrerairbag\nKopfairbag vorn\nSeitenairbag vorn und hinten\nKnieairbag Fahrer\nDynamische Traktions Control DTC\nDynamische Stabilitäts Control DSC\nReifen Pannen Anzeige RPA\nDiebstahlwarnanlage\nAntiblockiersystem ABS\nProaktives Insassenschutzsystem: Active Protection\nQuerverkehrswarnung\n\nWeitere Ausstattung\nM Sicherheitsgurte\nGalvanikapplikation für Bedienelemente\nACTIVE PROTECTION\nTeleServices (laufzeitgebundener Dienst)\nConnectedPackage Professional\nM Dachhimmel Anthrazit\nM Hochglanz Shadow Line mit erweiterten\nDach und Spiegelkappen schwarz\nGepÃckraum-Paket\nBMW Individual Dachhimmel anthrazit\nDachhimmel Anthrazit (BMW Individual)\nFalschfahrwarnung\nAusweich-Assistent\nAmpel-Erkennung\nGepäckraum-Paket\nRemote 3D View (laufzeitgebundener Dienst)\nGebrauchtwagensiegel: BMW Premium Selection\nehemalige unverbindliche Preisempfehlung des Herstellers: 112349 EUR\n\nFahrdaten\nvMax: 280 km/h\nBeschleunigung: 4 Sek. 0-100 km/h\n\nSonstige Maße und Gewichte\nNutzlast: 430 kg\nzulässiges Gesamtgewicht: 2.370 kg\n\nDie im Inserat aufgeführten Ausstattungsmerkmale sind unverbindlich. Maßgeblich für den Kauf ist allein der schriftliche Kaufvertrag. Angaben im Inserat begründen keine Beschaffenheitsvereinbarung. Verbindliche Ausstattungsangaben werden ausschließlich im Kaufvertrag festgelegt.",
  "dealerDetails": {
    "id": 456317,
    "name": "WELLER Premium GmbH - BMW & MINI Vertragshändler",
    "sellerType": "Dealer",
    "phones": [
      "+49 (0)5251 709975832"
    ],
    "languages": [
      "Deutsch",
      "English"
    ],
    "country": "DE",
    "address": "Stedener Feld 2, DE-33104 Paderborn",
    "location": {
      "latitude": 51.7298609,
      "longitude": 8.721392
    },
    "activeSince": "2006-08-01T00:00:00.000Z",
    "homepageUrl": "https://home.mobile.de/home/redirect.html?customerId=456317",
    "iconUrl": "https://img.classistatic.de/api/v1/mo-prod/images/de/de90a10f-bcc9-4011-b234-2bbe21c44ead?rule=mo-640.jpg",
    "reviewPageUrl": "https://www.mobile.de/bewertungen/BKALLESKLARGMBHCOKG?lang=en",
    "score": {
      "total": 4.5,
      "responseTime": 4.6,
      "friendliness": 4.7,
      "advice": 4.3
    },
    "activeRatingCount": 72,
    "vehicleAsDescribedPercentage": 92,
    "recommendPercentage": 88,
    "soldVehicleCount": null,
    "reviews": []
  },
  "attributes": {
    "Vehicle condition": "Used vehicle",
    "Category": "Estate car, Employee's Car",
    "Trim line": "Competition",
    "Vehicle Number": "1617101",
    "Availability": "Now",
    "Mileage": "27,138 km",
    "Cubic Capacity": "2,993 ccm",
    "Power": "390 kW (530 hp)",
    "Drive type": "Internal combustion engine",
    "Fuel": "Petrol, E10-enabled",
    "CO₂ class": "Based on CO₂ emissions (combined)",
    "Fuel consumption": [
      "10.4 l/100km (combined)",
      "12.4 l/100km (city)",
      "11.4 l/100km (suburban)",
      "8.4 l/100km (country road)",
      "9.4 l/100km (motorway)"
    ],
    "Energy costs for 15,000 km annual mileage": "€2,802/Year",
    "Fuel price": "€1.80/l (annual average 2024)",
    "Possible CO₂ costs over the next 10 years (15,000 km/year)": [
      "€4,054 (assuming an average CO₂ price of €115/t)",
      "€1,762 (assuming a low average CO₂ price of €50/t)",
      "€6,698 (assuming a high average CO₂ price of €190/t)"
    ],
    "Vehicle tax": "€480/Year",
    "Number of Seats": "5",
    "Door Count": "4/5",
    "Transmission": "Automatic",
    "Emission Class": "Euro6d",
    "Emissions Sticker": "4 (Green)",
    "First Registration": "10/2024",
    "Number of Vehicle Owners": "1",
    "HU": "New",
    "Climatisation": "Automatic climatisation, 3 zones",
    "Parking sensors": "360° camera, Front, Self-steering systems, Rear",
    "Airbags": "Front and Side and More Airbags",
    "Colour (Manufacturer)": "Isle of Man Grün",
    "Colour": "Green Metallic",
    "Interior Design": "Full leather, Black",
    "Cylinders": "6",
    "Energy consumption (comb.)": "10.4 l/100km",
    "CO₂ emissions (comb.)": "235 g/km"
  },
  "features": [
    "ABS",
    "Adaptive cornering lights",
    "Adaptive Cruise Control",
    "Alarm system",
    "Alloy wheels",
    "Ambient lighting",
    "Arm rest",
    "Autom. dimming interior mirror",
    "Blind spot assist",
    "Bluetooth",
    "Central locking",
    "DAB radio",
    "Digital cockpit",
    "Distance warning system",
    "Dynamic chassis control",
    "Electric seat adjustment",
    "Electric side mirror",
    "Electric tailgate",
    "Electric windows",
    "Eletric seat adjustment with memory function",
    "Emergency call system",
    "Emergency tyre repair kit",
    "ESP",
    "Folding exterior mirrors",
    "Four-wheel drive",
    "Full Service History",
    "Hands-free kit",
    "Head-up display",
    "Heated seats",
    "High beam assist",
    "Induction charging for smartphones",
    "Isofix",
    "Keyless central locking",
    "Lane change assist",
    "Leather steering wheel",
    "LED headlights",
    "Light sensor",
    "Lumbar support",
    "Multifunction steering wheel",
    "Navigation system",
    "Non-smoker vehicle",
    "Rain sensor",
    "Roof rack",
    "Sound system",
    "Speed limit control system",
    "Sport seats",
    "Sports suspension",
    "Start-stop system",
    "Summer tyres",
    "Touchscreen",
    "Traction control",
    "Tuner/radio",
    "Tyre pressure monitoring",
    "Warranty",
    "WLAN / Wi-Fi hotspot"
  ]
},
{
  "title": "BMW M3 Competition xDrive Touring (HUD, La...",
  "previewImage": "https://img.classistatic.de/api/v1/mo-prod/images/fe/fe4a57a6-c679-4ecb-becf-deb8a3dd63ad?rule=mo-1600.jpg",
  "category": "EstateCar",
  "brand": "BMW",
  "model": "M3",
  "url": "https://suchen.mobile.de/fahrzeuge/details.html?id=434542318",
  "price.total.amount": 82500,
  "priceRating": {
    "rating": "Fair price",
    "priceRanges": {
      "Very good price": {
        "start": 57301,
        "end": 74500
      },
      "Good price": {
        "start": 74501,
        "end": 80300
      },
      "Fair price": {
        "start": 80301,
        "end": 89300
      },
      "Increased price": {
        "start": 89301,
        "end": 95800
      },
      "High price": {
        "start": 95801,
        "end": 106500
      }
    }
  },
  "description": "Angeboten wird ein M3 Touring aus gepflegtem Erstbesitz in Premium Versiegelung (SWISSWAX Utopia).\nKeine Lackschäden, Felgenschäden o.ä.\n\nNeben der umfangreichen Serienausstattung besitzt das Fahrzeug folgende Sonderausstattung:\n\nKW Gewindefedern mit Spurverbreiterungen H+R\nM Performance Frontlippe in schwarz Hochglanz\nM Sao Paulo Gelb uni\nM Interieurleisten 'Carbon Fibre'\nLeder Merino Schwarz/Schwarz\nLenkradheizung\nReifenreparatur Set\nModellschriftzug Entfall\nAkustikverglasung\nM Compound-Bremse, schwarz hochglänzend\nM Leuchten Shadow Line\nBMW M 50 Jahre Embleme\nSonnenschutzverglasung\nInstrumententafel in Sensatec\nM Sicherheitsgurte\nParking Assistant\nHarman Kardon Surround Sound System\nBMW Live Cockpit Professional\nInnovationspaket\nKomfortzugang\nFernlichtassistent\nDriving Assistant Professional\nBMW Laserlicht\nDekodierung Zusatzfunktionen\nSteuerung D\n\nDas Fahrzeug wird verkauft aufgrund familiärer Umstände, bei Interesse bitte einfach anschreiben.\nDer Preis ist Verhandlungsbasis, ich freue mich auf eure Anfragen",
  "dealerDetails": {
    "sellerType": "Private Seller",
    "country": "DE",
    "address": "DE-51570 Windeck",
    "location": {
      "latitude": 50.78558,
      "longitude": 7.56822
    },
    "iconUrl": null,
    "reviewPageUrl": null,
    "score": null,
    "activeRatingCount": null,
    "vehicleAsDescribedPercentage": null,
    "recommendPercentage": null,
    "soldVehicleCount": null,
    "reviews": []
  },
  "attributes": {
    "Vehicle condition": "Used vehicle",
    "Category": "Estate car",
    "Mileage": "38,765 km",
    "Power": "375 kW (510 hp)",
    "Drive type": "Internal combustion engine",
    "Fuel": "Petrol",
    "Transmission": "Automatic",
    "Emissions Sticker": "4 (Green)",
    "First Registration": "02/2023",
    "HU": "02/2026",
    "Colour (Manufacturer)": "YELLOW"
  },
  "features": []
},
{
  "title": "BMW M3 Competition M xDrive Touring M Compound Brems",
  "previewImage": "https://img.classistatic.de/api/v1/mo-prod/images/7a/7a1b2ee6-c44b-47ce-a5fc-335261171394?rule=mo-1600.jpg",
  "category": "EstateCar",
  "brand": "BMW",
  "model": "M3",
  "url": "https://suchen.mobile.de/fahrzeuge/details.html?id=419248456",
  "price.total.amount": 82990,
  "priceRating": {
    "rating": "Good price",
    "priceRanges": {
      "Very good price": {
        "start": 62101,
        "end": 80700
      },
      "Good price": {
        "start": 80701,
        "end": 86900
      },
      "Fair price": {
        "start": 86901,
        "end": 96700
      },
      "Increased price": {
        "start": 96701,
        "end": 103800
      },
      "High price": {
        "start": 103801,
        "end": 115300
      }
    }
  },
  "description": "Sonstiges\nAblage für Wireless Charging\nActive Guard\nBlow by-Heizer\nBMW Apps\nKaeltemittel\nMWSt ausweisbar\nSteuerung EfficientDynamics\nSteuerung Karosserie\nUnfallfrei\n\nAntrieb, Fahrwerk\nAdaptives M Fahrwerk\nAllrad\nM Compound-Bremse, schwarz hochglänzend\nM Drive Professional\nM Sportdifferenzial\nSportfahrwerk\n\nEditionen und Pakete\nAblagenpaket\nConnected Package Professional (laufzeitgebundener Dienst)\nConnectedDrive Services (laufzeitgebundener Dienst)\nInnovationspaket\n\nExterieur\nDach und Spiegelkappen schwarz\nDachreling\n\nFahrerassistenz\nGeschwindigkeitsregelung mit Bremsfunktion\nGesetzlicher Notruf\nParking Assistant\nTeleservices\n\nIndividualumfänge\nIndividual\nM Dachreling Hochglanz Shadow Line\nM Hochglanz Shadow Line\nM Hochglanz Shadow Line mit erweiterten Umfängen\nM Leuchten Shadow Line\n\nKomfort, Innenausstattung\nFondkopfstützen klappbar\nGalvanikapplikation für Bedienelemente\nInnen- und Außenspiegelpaket\nInterieurleisten schwarz hochglänzend\nKlimaautomatik\nKomfortzugang\nLeder\nLenkradheizung\nLordose\nLordosenstütze für Fahrer und Beifahrer\nM Sicherheitsgurte\nM Sportsitze\nSitzheizung für Fahrer und Beifahrer\nSitzverstellung elektrisch mit Memory für Fahrersitz\nSonnenschutzverglasung\n\nMultimedia\nBMW Live Cockpit Plus (laufzeitgebundener Dienst)\nDAB Tuner\nHarman Kardon Surround Sound System\nWidescreen Display\n\nRäder\n19\"/20\" M Schmiederäder Doppelspeiche 826 M Schwarz / MB\nRadschraubensicherung\nReifenreparatur Set\n\nSitzbezug\nBMW Individual erweiterte Lederausstattung 'Merino' Tartufo (SW)\n\nUmwelt, Sicherheit\nAbgasnorm EU6 RDE II\nABS\nActive Protection\nAktiver Fussgängerschutz\nAlarmanlage mit Fernbedienung\nBeifahrerairbag-Deaktivierung\nBMW Laserlicht\nDriving Assistant\nFernlichtassistent\nInnenspiegel automatisch abblendend\nReifendruck-Kontrolle\nIrrtümer und Zwischenverkauf vorbehalten.",
  "dealerDetails": {
    "id": 457359,
    "name": "AUTOHAUS UNTERBERGER GmbH (BMW Vertragshändler)",
    "sellerType": "Dealer",
    "phones": [
      "+49 (0)8051 640994673"
    ],
    "languages": [
      "Deutsch",
      "English",
      "Türkçe"
    ],
    "country": "DE",
    "address": "Am Reitbach 2, DE-83209 Prien am Chiemsee",
    "location": {
      "latitude": 47.8441159,
      "longitude": 12.3462083
    },
    "activeSince": "2003-01-28T00:00:00.000Z",
    "homepageUrl": "https://home.mobile.de/home/redirect.html?customerId=457359",
    "iconUrl": "https://img.classistatic.de/api/v1/mo-prod/images/4f/4faad3e0-2155-4f52-937b-634649de0acd?rule=mo-640.jpg",
    "reviewPageUrl": "https://www.mobile.de/bewertungen/UNTERBERGER-GMBH-AH?lang=en",
    "score": {
      "total": 4.3,
      "responseTime": 4.3,
      "friendliness": 4.5,
      "advice": 4.2
    },
    "activeRatingCount": 15,
    "vehicleAsDescribedPercentage": 91,
    "recommendPercentage": 86,
    "soldVehicleCount": null,
    "reviews": []
  },
  "attributes": {
    "Vehicle condition": "Used vehicle, Accident-free",
    "Category": "Estate car",
    "Model range": "G81",
    "Trim line": "M xDrive Touring M Compound Bremse-Driving Assistant-H…",
    "Availability": "Now",
    "Mileage": "12,750 km",
    "Cubic Capacity": "2,993 ccm",
    "Power": "375 kW (510 hp)",
    "Drive type": "Internal combustion engine",
    "Fuel": "Petrol, E10-enabled",
    "Number of Seats": "5",
    "Door Count": "4/5",
    "Transmission": "Automatic",
    "Emission Class": "Euro6",
    "First Registration": "04/2024",
    "Number of Vehicle Owners": "1",
    "HU": "New",
    "Climatisation": "Automatic climatisation, 2 zones",
    "Parking sensors": "Front, Camera, Rear, Self-steering systems",
    "Airbags": "Front and Side and More Airbags",
    "Colour (Manufacturer)": "Saphirschwarz",
    "Colour": "Black Metallic",
    "Interior Design": "Full leather, Brown",
    "Cylinders": "6"
  },
  "features": [
    "ABS",
    "Adaptive cornering lights",
    "Alarm system",
    "Alloy wheels",
    "Ambient lighting",
    "Android Auto",
    "Apple CarPlay",
    "Arm rest",
    "Autom. dimming interior mirror",
    "Blind spot assist",
    "Bluetooth",
    "Cargo barrier",
    "Central locking",
    "Cruise control",
    "DAB radio",
    "Digital cockpit",
    "Distance warning system",
    "Electric seat adjustment",
    "Electric side mirror",
    "Electric windows",
    "Eletric seat adjustment with memory function",
    "Emergency brake assist",
    "Emergency call system",
    "ESP",
    "Fatigue warning system",
    "Folding exterior mirrors",
    "Four-wheel drive",
    "Full Service History",
    "Glare-free high beam headlights",
    "Hands-free kit",
    "Head-up display",
    "Heated seats",
    "Heated steering wheel",
    "High beam assist",
    "Hill-start assist",
    "Immobilizer",
    "Induction charging for smartphones",
    "Isofix",
    "Keyless central locking",
    "Lane change assist",
    "Laser headlights",
    "Leather steering wheel",
    "LED running lights",
    "Light sensor",
    "Lumbar support",
    "Multifunction steering wheel",
    "Navigation system",
    "On-board computer",
    "Paddle shifters",
    "Power Steering",
    "Rain sensor",
    "Rear traffic alert",
    "Roof rack",
    "Sound system",
    "Speed limit control system",
    "Sport seats",
    "Sports package",
    "Sports suspension",
    "Start-stop system",
    "Summer tyres",
    "Tinted windows",
    "Touchscreen",
    "Traction control",
    "Traffic sign recognition",
    "Tuner/radio",
    "Tyre pressure monitoring",
    "USB port",
    "Voice control",
    "Warranty",
    "WLAN / Wi-Fi hotspot"
  ]
},
{
  "title": "BMW M3 Competition M xDrive Touring Laserlicht-M Com",
  "previewImage": "https://img.classistatic.de/api/v1/mo-prod/images/78/7804c2d6-e2dc-4b9a-94f8-15fbfef95ec3?rule=mo-1600.jpg",
  "category": "EstateCar",
  "brand": "BMW",
  "model": "M3",
  "url": "https://suchen.mobile.de/fahrzeuge/details.html?id=414811670",
  "price.total.amount": 82950,
  "priceRating": {
    "rating": "Good price",
    "priceRanges": {
      "Very good price": {
        "start": 59901,
        "end": 77900
      },
      "Good price": {
        "start": 77901,
        "end": 83900
      },
      "Fair price": {
        "start": 83901,
        "end": 93300
      },
      "Increased price": {
        "start": 93301,
        "end": 100200
      },
      "High price": {
        "start": 100201,
        "end": 111300
      }
    }
  },
  "description": "Sonstiges\nAblage für Wireless Charging\nActive Guard\nBlow by-Heizer\nBMW Apps\nDekodierung Zusatzfunktionen\nKaeltemittel\nMWSt ausweisbar\nPersonal eSIM\nSteuerung EfficientDynamics\nSteuerung Karosserie\nUnfallfrei\n\nAntrieb, Fahrwerk\nAdaptives M Fahrwerk\nAllrad\nM Compound-Bremse, rot hochglänzend\nM Drive Professional\nM Sportdifferenzial\nSportfahrwerk\n\nEditionen und Pakete\nAblagenpaket\nConnected Package Professional (laufzeitgebundener Dienst)\nConnectedDrive Services (laufzeitgebundener Dienst)\nGepäckraumpaket\nInnovationspaket\nM Carbon Exterieurpaket\n\nExterieur\nDach und Spiegelkappen schwarz\nDachreling\n\nFahrerassistenz\nBMW Drive Recorder\nDriving Assistant Professional\nGesetzlicher Notruf\nParking Assistant Plus\nTeleservices\n\nIndividualumfänge\nIndividual\nM Dachreling Hochglanz Shadow Line\nM Hochglanz Shadow Line\nM Hochglanz Shadow Line mit erweiterten Umfängen\n\nKomfort, Innenausstattung\nAktive Sitzbelüftung vorn\nFondkopfstützen klappbar\nGalvanikapplikation für Bedienelemente\nInnen- und Außenspiegelpaket\nKlimaautomatik\nKomfortzugang\nLeder\nLenkradheizung\nLordose\nLordosenstütze für Fahrer und Beifahrer\nM Interieurleisten 'Carbon Fibre'\nM Sportsitze\nSitzheizung für Fahrer und Beifahrer\nSitzverstellung elektrisch mit Memory für Fahrersitz\nSonnenschutzverglasung\n\nMultimedia\nBMW Live Cockpit Professional (laufzeitgebundener Dienst)\nDAB Tuner\nHarman Kardon Surround Sound System\n\nRäder\n19\"/20\" M Schmiederäder Doppelspeiche 825 M Orbitgrau matt / MB\nRadschraubensicherung\nReifenreparatur Set\n\nSitzbezug\nBMW Individual Volllederausstattung 'Merino' Fjordblau/Schwarz (SW)\n\nUmwelt, Sicherheit\nAbgasnorm EU6 RDE II\nABS\nActive Protection\nAktiver Fussgängerschutz\nAlarmanlage mit Fernbedienung\nBeifahrerairbag-Deaktivierung\nBMW Laserlicht\nFernlichtassistent\nInnenspiegel automatisch abblendend\nReifendruck-Kontrolle\nIrrtümer und Zwischenverkauf vorbehalten.",
  "dealerDetails": {
    "id": 457359,
    "name": "AUTOHAUS UNTERBERGER GmbH (BMW Vertragshändler)",
    "sellerType": "Dealer",
    "phones": [
      "+49 (0)8051 640994181"
    ],
    "languages": [
      "Deutsch",
      "English",
      "Türkçe"
    ],
    "country": "DE",
    "address": "Am Reitbach 2, DE-83209 Prien am Chiemsee",
    "location": {
      "latitude": 47.8441159,
      "longitude": 12.3462083
    },
    "activeSince": "2003-01-28T00:00:00.000Z",
    "homepageUrl": "https://home.mobile.de/home/redirect.html?customerId=457359",
    "iconUrl": "https://img.classistatic.de/api/v1/mo-prod/images/4f/4faad3e0-2155-4f52-937b-634649de0acd?rule=mo-640.jpg",
    "reviewPageUrl": "https://www.mobile.de/bewertungen/UNTERBERGER-GMBH-AH?lang=en",
    "score": {
      "total": 4.3,
      "responseTime": 4.3,
      "friendliness": 4.5,
      "advice": 4.2
    },
    "activeRatingCount": 15,
    "vehicleAsDescribedPercentage": 91,
    "recommendPercentage": 86,
    "soldVehicleCount": null,
    "reviews": []
  },
  "attributes": {
    "Vehicle condition": "Used vehicle, Accident-free",
    "Category": "Estate car",
    "Model range": "G81",
    "Trim line": "M xDrive Touring Laserlicht-M Compound Bremse-M Carbon…",
    "Availability": "Now",
    "Mileage": "18,450 km",
    "Cubic Capacity": "2,993 ccm",
    "Power": "375 kW (510 hp)",
    "Drive type": "Internal combustion engine",
    "Fuel": "Petrol, E10-enabled",
    "Number of Seats": "5",
    "Door Count": "4/5",
    "Transmission": "Automatic",
    "Emission Class": "Euro6",
    "First Registration": "01/2024",
    "Number of Vehicle Owners": "1",
    "HU": "12/2027",
    "Climatisation": "Automatic climatisation, 3 zones",
    "Parking sensors": "Self-steering systems, Rear, 360° camera, Front",
    "Airbags": "Front and Side and More Airbags",
    "Colour (Manufacturer)": "BMW Individual Tansanitblau",
    "Colour": "Blue Metallic",
    "Interior Design": "Full leather, Black",
    "Cylinders": "6"
  },
  "features": [
    "ABS",
    "Adaptive cornering lights",
    "Adaptive Cruise Control",
    "Alarm system",
    "Alloy wheels",
    "Ambient lighting",
    "Android Auto",
    "Apple CarPlay",
    "Arm rest",
    "Autom. dimming interior mirror",
    "Blind spot assist",
    "Bluetooth",
    "Cargo barrier",
    "Central locking",
    "DAB radio",
    "Digital cockpit",
    "Distance warning system",
    "Electric seat adjustment",
    "Electric side mirror",
    "Electric windows",
    "Eletric seat adjustment with memory function",
    "Emergency brake assist",
    "Emergency call system",
    "ESP",
    "Fatigue warning system",
    "Folding exterior mirrors",
    "Four-wheel drive",
    "Full Service History",
    "Glare-free high beam headlights",
    "Hands-free kit",
    "Head-up display",
    "Heated seats",
    "Heated steering wheel",
    "High beam assist",
    "Hill-start assist",
    "Immobilizer",
    "Induction charging for smartphones",
    "Isofix",
    "Keyless central locking",
    "Lane change assist",
    "Laser headlights",
    "Leather steering wheel",
    "LED running lights",
    "Light sensor",
    "Lumbar support",
    "Multifunction steering wheel",
    "Navigation system",
    "On-board computer",
    "Paddle shifters",
    "Power Steering",
    "Rain sensor",
    "Rear traffic alert",
    "Roof rack",
    "Seat ventilation",
    "Sound system",
    "Speed limit control system",
    "Sport seats",
    "Sports package",
    "Sports suspension",
    "Start-stop system",
    "Summer tyres",
    "Tinted windows",
    "Touchscreen",
    "Traction control",
    "Traffic sign recognition",
    "Tuner/radio",
    "Tyre pressure monitoring",
    "USB port",
    "Voice control",
    "Warranty",
    "WLAN / Wi-Fi hotspot"
  ]
},
{
  "title": "BMW M3 Competition xDrive Touring Laserlicht Harman",
  "previewImage": "https://img.classistatic.de/api/v1/mo-prod/images/cf/cf9922f8-70b3-4b31-a3f2-05a1ca44b7a7?rule=mo-1600.jpg",
  "category": "EstateCar",
  "brand": "BMW",
  "model": "M3",
  "url": "https://suchen.mobile.de/fahrzeuge/details.html?id=431969241",
  "price.total.amount": 83500,
  "priceRating": {
    "rating": "Fair price",
    "priceRanges": {
      "Very good price": {
        "start": 58701,
        "end": 76300
      },
      "Good price": {
        "start": 76301,
        "end": 82100
      },
      "Fair price": {
        "start": 82101,
        "end": 91300
      },
      "Increased price": {
        "start": 91301,
        "end": 98000
      },
      "High price": {
        "start": 98001,
        "end": 108900
      }
    }
  },
  "description": "Ausstattungspakete:\nAusstattungs-Paket: Connected Professional: Service-System: Real Time Traffic Information (RTTI)\nBMW Live Cockpit Professional: BMW Curved Display, Control-Display mit Farbmonitor (14,9 Zoll)\nFahrassistenz-System: Driving Assistant Professional: Fahrassistenz-System: Spurwechselassistent, Fahrassistenz-System: Spurwechsel-Warnsystem, Fahrassistenz-System: Heckaufprall-Vermeidung (Prävention Heckkollision), Fahrassistenz-System: Querverkehrs-Assistent, Fahrassistenz-System: aktiver Spurhalteassistent, Fahrassistenz-System: Ausweich-Assistent, Fahrassistenz-System: Falschfahrwarnung, Geschwindigkeits-Regelanlage, Aktiv mit Stop&Go-Funktion, Fahrassistenz-System: Frontkollisionswarnung, Fahrassistenz-System: Kreuzungs-Assistent, Geschwindigkeits-Begrenzeranlage (Speed Limit Device), Fahrassistenz-System: Ampel-Erkennung\nInnovations-Paket: Fahrassistenz-System: Spurwechselassistent, Fahrassistenz-System: Spurwechsel-Warnsystem, Fahrassistenz-System: Fernlichtassistent, Fahrassistenz-System: Driving Assistant, Fahrassistenz-System: Heckaufprall-Vermeidung (Prävention Heckkollision), Fahrassistenz-System: Querverkehrs-Assistent, Scheinwerfer Laserlicht, Fahrassistenz-System: Frontkollisionswarnung, Komfortzugang (Öffnungs- und Schließsystem)\nMotor 3,0 Ltr. - 375 kW 24V TwinTurbo KAT (S58): Motor 3,0 Ltr. - 375 kW 24V\nParkassistent-Paket: Rückfahrkamera, Fahrassistenz-System: Rückfahr-Assistent\nSitze vorn elektr. verstellbar (mit Memory): Lendenwirbelstütze Sitz vorn links und rechts, elektr. verstellbar\nSpiegel-Paket: Außenspiegel elektr. anklappbar, Außenspiegel mit Abblendautomatik, links, Außenspiegel mit Bordsteinautomatik, rechts\nWeitere Ausstattungen:\nGetriebe: Automatik\nTechnik: Allrad, Bordcomputer, Sperrdifferential, Adaptives Daempfungssystem, Partikelfilter, Start-Stop-Automatik, Sportabgasanlage, Schaltwippen, Volldigitales Kombiinstrument\nAssistenten: Totwinkel-Assistent, Müdigkeitserkennung, Verkehrszeichenerkennung, Regensensor, Fernlichtassistent, Lichtsensor, Notbremsassistent, Spurhalteassistent, Spurwechselassistent, Abstandsregeltempomat, Ausparkassistent, Abstands-/Kollisionswarner\nKomfort: Klimaautomatik, Servolenkung, Zentralverriegelung, Elektrischer Fensterheber, Lederausstattung, Sitzheizung, Elektrische Aussenspiegel, Teilbare Ruecksitzlehne, Tempomat, Multifunktionslenkrad, Keyless Go Startfunktion, Elektrische Sitze, Innenspiegel autom. abblendbar, Mittelarmlehne, Innenraumfilter, Lenksaeule einstellbar, Sportsitze, ParkDistanceControl vorne und hinten, Elektrische Heckklappe, Keyless Entry, Memory Sitze, Ambientebeleuchtung, Lordosenstütze, Lederlenkrad, Sitzheizung hinten, Geschwindigkeitsbegrenzungsanlage, Klimaautomatik-3-Zonen, Funkfernbedienung\nSicht: Laserlicht, adaptives Kurvenlicht, Blendfreies Fernlicht, LED-Tagfahrlicht, HEAD-UP-Display, LED-Rueckleuchten, Scheinwerferregulierung, Colorverglasung, Aussenspiegel beheizbar, Rückfahrkamera, Privacyverglasung\nSicherheit: ABS, Airbag, Beifahrer-Airbag, Wegfahrsperre, Seitenairbags, Alarmanlage, ESP, Antriebsschlupfregelung, Reifendruckkontrolle, Traktionskontrolle, Kopfairbag, Knieairbag, Kindersitzbefestigung, Notrufsystem, Pannenkit\nEntertainment: Navigationssystem, Soundsystem, Radio, Telefonvorbereitung, USB-Anschluss, MP3, Harman-Kardon, Bluetooth, Freisprecheinrichtung, Apple CarPlay, Android Auto, Sprachsteuerung, DAB, WLAN, Touchscreen, Induktionsladen für Smartphones, Musikstreaming\nUmwelt: Abgasnorm Euro 6D, Grüne Umweltplakette\nQualität: Scheckheftgepflegt, Nichtraucherfahrzeug\nSonstiges: Katalysator, Sportausstattung, Alufelgen, Winterreifen, Dachreling, Gepaeckraumabdeckung, Sportpaket, Sportfahrwerk, Elektrische Parkbremse, Lenkradheizung, Fahrerprofilauswahl, Sommerreifen, Im Kundenauftrag\nWeiteres: Allradantrieb,Scheibenwischer mit Regensensor,Isofix-Aufnahmen für Kindersitz an Rücksitz,Knieairbag Fahrerseite,Heckleuchten LED,Ambiente-Beleuchtung,Leuchtweitenregelung,Reifendruck-Kontrollsystem,Wärme-/Sonnenschutzverglasung kombiniert (hinten abgedunkelt),Alarmanlage,Park-Distance-Control (PDC) vorn und hinten,Klimaautomatik 3-Zonen mit autom. Umluft-Control,Sitzbezug/Polsterung:Leder Merino,Sportdifferential,Dachreling Hochglanz Shadow-Line,Schadstoffarm nach Abgasnorm Euro 6d,Aktives M Differential,Adaptives Fahrwerk M-Technic,Einstiegsleisten mit Einleger in Aluminium mit Schriftzug M,Sitze vorn elektr. verstellbar (mit Memory),Spiegel-Paket,Rückfahrkamera,Sonnenschutzverglasung(hinten abgedunkelt),Geschwindigkeits-Regelanlage,Aktiv mit Stop&Go-Funktion,Scheinwerfer Laserlicht,Reifen-Reparaturset,Komfortzugang (Öffnungs- und Schließsystem),Control-Display mit Farbmonitor (14,9 Zoll),LM-Felgen,ABS,Seitenairbag vorn,Start-Stop-Knopf,Außenspiegel elektr. verstell- und heizbar,Fensterheber elektrisch,Kopf-Airbag-System hinten,Kopf-Airbag-System vorn,Wegfahrsperre,Intelligenter Notruf,Reifenpannen-Anzeige,Dynamische Stabilitäts-Control (DSC),Freisprecheinrichtung Bluetooth mit USB-/Audio-Schnittstelle,BMW Live Cockpit Professional,12V-Steckdose,Ablage-Paket,Bremsassistent,aktiver Spurhalteassistent,Ampel-Erkennung,xDrive (Allrad),Aufmerksamkeits-Assistent,Außenspiegel elektr. anklappbar,Außenspiegel mit Abblendautomatik,Außenspiege* Int.KnNr: FP92887\nÄnderungen, Zwischenverkauf und Irrtümer vorbehalten. Im Kundenauftrag\nquality by do",
  "dealerDetails": {
    "id": 453875,
    "name": "Autohaus Robert Köhler GmbH",
    "sellerType": "Dealer",
    "phones": [
      "+49 (0)2734 589997223"
    ],
    "languages": [
      "Deutsch",
      "English"
    ],
    "country": "DE",
    "address": "Industriestraße 11, DE-57572 Niederfischbach",
    "location": {
      "latitude": 50.8461463,
      "longitude": 7.8588837
    },
    "activeSince": "2003-12-05T00:00:00.000Z",
    "homepageUrl": "https://home.mobile.de/home/redirect.html?customerId=453875",
    "iconUrl": null,
    "reviewPageUrl": "https://www.mobile.de/bewertungen/AH-KOEHLER?lang=en",
    "score": {
      "total": 5,
      "responseTime": 5,
      "friendliness": 5,
      "advice": 5
    },
    "activeRatingCount": 8,
    "vehicleAsDescribedPercentage": 100,
    "recommendPercentage": 100,
    "soldVehicleCount": null,
    "reviews": []
  },
  "attributes": {
    "Vehicle condition": "Used vehicle, Accident-free",
    "Category": "Estate car",
    "Model range": "G80",
    "Trim line": "m3 competition",
    "Vehicle Number": "FP92887",
    "Availability": "Now",
    "Origin": "German edition",
    "Mileage": "38,600 km",
    "Cubic Capacity": "2,993 ccm",
    "Power": "375 kW (510 hp)",
    "Drive type": "Internal combustion engine",
    "Fuel": "Petrol",
    "CO₂ class": "Based on CO₂ emissions (combined)",
    "Fuel consumption": [
      "10.4 l/100km (combined)",
      "15.5 l/100km (city)",
      "10.3 l/100km (suburban)",
      "9.0 l/100km (country road)",
      "9.8 l/100km (motorway)"
    ],
    "Energy costs for 15,000 km annual mileage": "€2,802/Year",
    "Fuel price": "€1.80/l (annual average 2024)",
    "Possible CO₂ costs over the next 10 years (15,000 km/year)": [
      "€4,477 (assuming an average CO₂ price of €127/t)",
      "€2,115 (assuming a low average CO₂ price of €60/t)",
      "€7,050 (assuming a high average CO₂ price of €200/t)"
    ],
    "Vehicle tax": "€480/Year",
    "Number of Seats": "5",
    "Door Count": "4/5",
    "Transmission": "Automatic",
    "Emission Class": "Euro6d",
    "Emissions Sticker": "4 (Green)",
    "First Registration": "04/2023",
    "Construction Year": "2023",
    "Number of Vehicle Owners": "1",
    "HU": "04/2026",
    "Climatisation": "Automatic climatisation, 3 zones",
    "Parking sensors": "Rear, Front, Camera",
    "Airbags": "Front and Side and More Airbags",
    "Colour (Manufacturer)": "SAO PAULO GELB",
    "Colour": "Yellow",
    "Interior Design": "Full leather, Black",
    "Cylinders": "6",
    "Energy consumption (comb.)": "10.4 l/100km",
    "CO₂ emissions (comb.)": "235 g/km"
  },
  "features": [
    "ABS",
    "Adaptive cornering lights",
    "Adaptive Cruise Control",
    "Alarm system",
    "Alloy wheels",
    "Ambient lighting",
    "Android Auto",
    "Apple CarPlay",
    "Arm rest",
    "Autom. dimming interior mirror",
    "Blind spot assist",
    "Bluetooth",
    "Central locking",
    "DAB radio",
    "Digital cockpit",
    "Distance warning system",
    "Dynamic chassis control",
    "Electric seat adjustment",
    "Electric side mirror",
    "Electric tailgate",
    "Electric windows",
    "Eletric seat adjustment with memory function",
    "Emergency brake assist",
    "Emergency call system",
    "Emergency tyre repair kit",
    "ESP",
    "Fatigue warning system",
    "Folding exterior mirrors",
    "Four-wheel drive",
    "Full Service History",
    "Glare-free high beam headlights",
    "Hands-free kit",
    "Head-up display",
    "Heated rear seats",
    "Heated seats",
    "Heated steering wheel",
    "High beam assist",
    "Immobilizer",
    "Induction charging for smartphones",
    "Integrated music streaming",
    "Isofix",
    "Keyless central locking",
    "Lane change assist",
    "Laser headlights",
    "Leather steering wheel",
    "LED running lights",
    "Light sensor",
    "Lumbar support",
    "Multifunction steering wheel",
    "Navigation system",
    "Non-smoker vehicle",
    "On-board computer",
    "Paddle shifters",
    "Particulate filter",
    "Power Steering",
    "Rain sensor",
    "Rear traffic alert",
    "Roof rack",
    "Sound system",
    "Speed limit control system",
    "Sport seats",
    "Sports package",
    "Sports suspension",
    "Start-stop system",
    "Summer tyres",
    "Tinted windows",
    "Touchscreen",
    "Traction control",
    "Traffic sign recognition",
    "Tuner/radio",
    "Tyre pressure monitoring",
    "USB port",
    "Voice control",
    "Winter tyres",
    "WLAN / Wi-Fi hotspot"
  ]
},
{
  "title": "BMW M3 G81 Touring Performance",
  "previewImage": "https://img.classistatic.de/api/v1/mo-prod/images/ed/ede997a3-4399-41ca-9206-2cc8c8604e73?rule=mo-1600.jpg",
  "category": "EstateCar",
  "brand": "BMW",
  "model": "M3",
  "url": "https://suchen.mobile.de/fahrzeuge/details.html?id=433965907",
  "price.total.amount": 81450,
  "priceRating": {
    "rating": "Increased price",
    "priceRanges": {
      "Very good price": {
        "start": 52201,
        "end": 67900
      },
      "Good price": {
        "start": 67901,
        "end": 73100
      },
      "Fair price": {
        "start": 73101,
        "end": 81300
      },
      "Increased price": {
        "start": 81301,
        "end": 87300
      },
      "High price": {
        "start": 87301,
        "end": 97000
      }
    }
  },
  "description": "verkaufe meinen BMW M3 wegen Neuanschaffung.\nCSL Grill, CSL Lufteinlässe, CSL Carbonlippe vorne (original BMW).\nBereifung hinten 11.5x21 Schmidtfelgen\nBereifung vorne 10.5x21 Schmidtfelgen eingetragen.\n40mm H&R Federn eingetragen original vorhanden.\nLeistung Auspuff Serie. Carbon Interieur inkl Carbonschalensitze.\nTÜV auf Wunsch neu.\n9.5x19 & 10.5x20 originalfelgen schwarz glänzend inkl Winterreifen.\nDas Auto wurde vor ca 1nem Jahr foliert.\nEs befinden sich darunter keinerlei Kratzer oder Beschädigungen.\nOriginallack Saphire schwarz metallic.\nfarbcode: 475\ngroßer Kundendienst wurde Ende Juli neu bei BMW gemacht.\nBei Interesse einfach melden.\nhabe keinerlei Interesse an einem Tausch.\nEs handelt sich um keinen notverkauf.",
  "dealerDetails": {
    "sellerType": "Private Seller",
    "country": "DE",
    "address": "DE-92260 Ammerthal",
    "location": {
      "latitude": 49.43694,
      "longitude": 11.77625
    },
    "iconUrl": null,
    "reviewPageUrl": null,
    "score": null,
    "activeRatingCount": null,
    "vehicleAsDescribedPercentage": null,
    "recommendPercentage": null,
    "soldVehicleCount": null,
    "reviews": []
  },
  "attributes": {
    "Vehicle condition": "Used vehicle",
    "Category": "Estate car",
    "Mileage": "52,000 km",
    "Power": "375 kW (510 hp)",
    "Drive type": "Internal combustion engine",
    "Fuel": "Petrol",
    "Transmission": "Automatic",
    "Emissions Sticker": "4 (Green)",
    "First Registration": "10/2022",
    "HU": "10/2025",
    "Climatisation": "A/C (man.)",
    "Parking sensors": "Rear",
    "Colour (Manufacturer)": "BLACK"
  },
  "features": [
    "ABS",
    "Alloy wheels",
    "Bluetooth",
    "Cruise control",
    "Full Service History",
    "Hands-free kit",
    "Heated seats",
    "Navigation system",
    "Tuner/radio"
  ]
},
{
  "title": "BMW M3 Touring xDrive Competition*Driving Ass+*uvm.",
  "previewImage": "https://img.classistatic.de/api/v1/mo-prod/images/7e/7e87a077-21b6-4c20-8873-595fe3738641?rule=mo-1600.jpg",
  "category": "EstateCar",
  "brand": "BMW",
  "model": "M3",
  "url": "https://suchen.mobile.de/fahrzeuge/details.html?id=431082062",
  "price.total.amount": 83000,
  "priceRating": {
    "rating": "Fair price",
    "priceRanges": {
      "Very good price": {
        "start": 58701,
        "end": 76300
      },
      "Good price": {
        "start": 76301,
        "end": 82100
      },
      "Fair price": {
        "start": 82101,
        "end": 91300
      },
      "Increased price": {
        "start": 91301,
        "end": 98000
      },
      "High price": {
        "start": 98001,
        "end": 108900
      }
    }
  },
  "description": "Sonderausstattung:\nAktive Sitzbelüftung vorn\nBMW Individual-Sonderlackierung Frozen GREEN Metallic\nBMW Live Cockpit Professional BMW Curved Display, Control-Display mit Farbmonitor (14,9 Zoll)\nBremsanlage: Compound - M Bremssystem (Bremssättel Rot)\nFahrassistenz-System: Driving Assistant Professional Fahrassistenz-System: Spurwechselassistent, FahrassistenzSystem: Falschfahrwarnung, GeschwindigkeitsBegrenzeranlage (Speed Limit Device), GeschwindigkeitsRegelanlage, Aktiv mit Stop&Go-Funktion, FahrassistenzSystem: Frontkollisionswarnung, Fahrassistenz-System: Heckaufprall-Vermeidung (Prävention Heckkollision), Fahrassistenz-System: Kreuzungs-Assistent, FahrassistenzSystem: Querverkehrs-Assistent, Fahrassistenz-System: Ausweich-Assistent, Fahrassistenz-System: Ampel-Erkennung, Fahrassistenz-System: Spurwechsel-Warnsystem, Fahrassistenz-System: aktiver Spurhalteassistent\nFzg. ohne Modell-Schriftzug\nInnenausstattung: Interieurleisten Alu Rhombicle mit Akzentleiste\nInnovations-Paket Scheinwerfer Laserlicht, Fahrassistenz-System: Fernlichtassistent, Komfortzugang (Öffnungs- und Schließsystem), Fahrassistenz-System: Driving Assistant, Fahrassistenz-System: Spurwechselassistent, FahrassistenzSystem: Frontkollisionswarnung, Fahrassistenz-System: Heckaufprall-Vermeidung (Prävention Heckkollision), Fahrassistenz-System: Querverkehrs-Assistent, FahrassistenzSystem: Spurwechsel-Warnsystem\nLenkrad heizbar\nLM-Felgen vorn/hinten: 9,5x19 / 10,5x20 (Doppelspeichen 825 M, Bicolor, Schwarz)\nM Driver´s Package\nParkassistent-Paket Plus Service-System: Remote 3D View, Rückfahrkamera (Top View), Surround-Kamerasystem (Surround View), FahrassistenzSystem: Rückfahr-Assistent\nPersonalisierungssystem (Personal eSIM)\nScheinwerfer BMW Individual Shadow-Line\nSicherheitsgurte M\nSicherheitssystem Active Protection\nSonnenschutzverglasung (hinten abgedunkelt)\nSound-System Harman-Kardon\nVerglasung Akustikglas\nletzte Inspektion 28.06.24 bei km 20.369\nGarantie bis 05.2026\nWartungspaket bis 60.000 km\n\nSerienausstattung:\nAblage-Paket, Adaptives Fahrwerk M-Technic, Airbag Beifahrerseite abschaltbar, Aktives M Differential, Ambiente-Beleuchtung, Ausstattungs-Paket: Connected Professional, Außenausstattung: Shadow-Line Hochglanz, Außenausstattung: Shadow-Line Hochglanz (erweiterter Umfang), Außenspiegel elektr. verstell- und heizbar, Bedienelemente galvanisiert, Bordcomputer, Competition, DAB-Tuner (Radioempfang digital), Dachhimmel Anthrazit (BMW Individual), Dachreling Hochglanz Shadow-Line, Diebstahlsicherung für Räder (Felgenschlösser), Durchladeeinrichtung (Mittelarmlehne hinten), Dynamische Stabilitäts-Control (DSC) mit erweiterter Umfang, Einstiegsleisten mit Einleger in Aluminium mit Schriftzug M, Erste Hilfe-Kasten / Verbandkasten, Fahrassistenz-System: Active Guard (Bremsassistent), Fahrassistenz-System: Aufmerksamkeits-Assistent, Freisprecheinrichtung Bluetooth mit USB-/Audio-Schnittstelle, Fußmatten Velours, Gepäckraumbeleuchtung, Getriebe Automatik - mit Steptronic und Drivelogic (8-Stufen), Getränkehalter, Heckklappenbetätigung automatisch, Heckleuchten LED, Induktionsladeschale für Smartphone (Wireless Charging), Innenausstattung: Interieurleisten, schwarz hochglänzend, Innenspiegel mit Abblendautomatik, Instrumentenkombination (erweiterter Umfang), Isofix-Aufnahmen für Kindersitz an Rücksitz, Karosserie: 5-türig, Kennzeichenbeleuchtung LED, Klimaautomatik 3-Zonen mit autom. Umluft-Control, Knieairbag Fahrerseite, Kopf-Airbag-System hinten, Kopf-Airbag-System vorn, Kopfstützen hinten klappbar, Lenksäule (Lenkrad) elektr. verstellbar, Leuchtweitenregelung, M Drive (Fahrprofilauswahl), M Drive Professional (Fahrprofilauswahl), Motor 3,0 Ltr. - 375 kW 24V TwinTurbo KAT (S58), Nebelschlussleuchte(n), Otto-Partikelfilter (OPF), Park-Distance-Control (PDC) vorn und hinten, Parkbremse elektrisch, Reifendruck-Kontrollsystem, Reifenpannen-Anzeige, Schadstoffarm nach Abgasnorm Euro 6d, Schaltpunktanzeige, Seitenairbag vorn, Service-System: ConnectedDrive Services, Service-System: Gesetzlicher Notruf, Service-System: Intelligenter Notruf inkl. TeleServices, Sitzbezug / Polsterung: Leder Merino (erweiterter Umfang), Sitze vorn elektr. verstellbar (mit Memory), Spiegel-Paket, Sportdifferential, Sportsitze vorn (M-Technic), Start-Stop-Knopf, Start/Stop-Anlage (Funktion), Steckdose (12V-Anschluß) in Mittelkonsole vorn, Warndreieck, Widescreen Display, Wärme-/Sonnenschutzverglasung, Wärme-/Sonnenschutzverglasung kombiniert (hinten abgedunkelt)\n\nBesichtigung nur nach vorheriger Terminabsprache\nKommissionsfahrzeug, Verkauf erfolgt im Auftrag des Eigentümers!\n\nWeitere Oldtimer, Youngtimer, Sportwagen & Exoten finden Sie auf unserer Homepage www.gillig-cars.de\n\nWir haben ständig ca. 40 Fahrzeuge auf Lager.\n\nIm Internet gemachte Angaben sind unverbindliche Beschreibungen und stellen keine zugesicherten Eigenschaften dar. Der Verkäufer haftet nicht für Irrtümer, Eingabefehler und Datenübermittlungsfehler.\n\nÄnderungen sowie Zwischenverkauf vorbehalten",
  "dealerDetails": {
    "id": 465355,
    "name": "GilliG Automobile e.K. - Inh. Guido Illig",
    "sellerType": "Dealer",
    "phones": [
      "+49 (0)211 5426825859"
    ],
    "messengers": {
      "WHATS_APP": "+49 (0)172 2525454"
    },
    "languages": [
      "Deutsch",
      "English"
    ],
    "country": "DE",
    "address": "Karl-Geusen-Strasse 173, DE-40231 Düsseldorf",
    "location": {
      "latitude": 51.20627690000001,
      "longitude": 6.8235553
    },
    "activeSince": "2003-03-03T00:00:00.000Z",
    "homepageUrl": "https://home.mobile.de/home/redirect.html?customerId=465355",
    "iconUrl": null,
    "reviewPageUrl": "https://www.mobile.de/bewertungen/GILLIG?lang=en",
    "score": {
      "total": 5,
      "responseTime": 5,
      "friendliness": 5,
      "advice": 5
    },
    "activeRatingCount": 5,
    "vehicleAsDescribedPercentage": 100,
    "recommendPercentage": 100,
    "soldVehicleCount": null,
    "reviews": []
  },
  "attributes": {
    "Vehicle condition": "Used vehicle",
    "Category": "Estate car",
    "Model range": "Baureihe M3 Touring (G81)(2022->)",
    "Trim line": "xDrive Competition",
    "Vehicle Number": "04541",
    "Origin": "German edition",
    "Mileage": "33,913 km",
    "Cubic Capacity": "2,993 ccm",
    "Power": "375 kW (510 hp)",
    "Drive type": "Internal combustion engine",
    "Fuel": "Petrol",
    "Number of Seats": "5",
    "Door Count": "4/5",
    "Transmission": "Automatic",
    "Emission Class": "Euro6",
    "Emissions Sticker": "4 (Green)",
    "First Registration": "05/2023",
    "Number of Vehicle Owners": "1",
    "HU": "05/2026",
    "Climatisation": "Automatic climatisation, 3 zones",
    "Parking sensors": "360° camera, Front, Rear",
    "Airbags": "Front and Side and More Airbags",
    "Colour (Manufacturer)": "Oxford Green metallic ",
    "Colour": "Green Metallic",
    "Interior Design": "Full leather, Beige",
    "Weight": "1,940 kg",
    "Date of last service (date)": "06/2024",
    "Last service (mileage)": "20,369 km",
    "Cylinders": "6",
    "Tank capacity": "59 l"
  },
  "features": [
    "ABS",
    "Adaptive cornering lights",
    "Alarm system",
    "Alloy wheels",
    "Ambient lighting",
    "Apple CarPlay",
    "Arm rest",
    "Blind spot assist",
    "Bluetooth",
    "Cargo barrier",
    "Central locking",
    "Cruise control",
    "DAB radio",
    "Distance warning system",
    "Dynamic chassis control",
    "Electric seat adjustment",
    "Electric side mirror",
    "Electric tailgate",
    "Electric windows",
    "Emergency brake assist",
    "Emergency call system",
    "Emergency tyre repair kit",
    "ESP",
    "Fog lamp",
    "Folding exterior mirrors",
    "Four-wheel drive",
    "Full Service History",
    "Glare-free high beam headlights",
    "Hands-free kit",
    "Headlight washer system",
    "Heated rear seats",
    "Heated seats",
    "Heated steering wheel",
    "High beam assist",
    "Immobilizer",
    "Isofix",
    "Lane change assist",
    "Laser headlights",
    "Leather steering wheel",
    "LED running lights",
    "Light sensor",
    "Lumbar support",
    "Multifunction steering wheel",
    "Navigation preparation",
    "Navigation system",
    "Non-smoker vehicle",
    "On-board computer",
    "Paddle shifters",
    "Passenger seat Isofix point",
    "Power Steering",
    "Rain sensor",
    "Roof rack",
    "Seat ventilation",
    "Smoker's package",
    "Sound system",
    "Speed limit control system",
    "Sport seats",
    "Sports package",
    "Sports suspension",
    "Start-stop system",
    "Summer tyres",
    "Tinted windows",
    "Touchscreen",
    "Traction control",
    "Traffic sign recognition",
    "Tuner/radio",
    "Tyre pressure monitoring",
    "USB port",
    "Voice control"
  ]
},
{
  "title": "BMW M3 Touring xDr Competition H&K LHZ HuD LHZ SBL",
  "previewImage": "https://img.classistatic.de/api/v1/mo-prod/images/b6/b686669f-9260-40ad-a064-a4b97bd0475d?rule=mo-1600.jpg",
  "category": "EstateCar",
  "brand": "BMW",
  "model": "M3",
  "url": "https://suchen.mobile.de/fahrzeuge/details.html?id=430704000",
  "price.total.amount": 82990,
  "priceRating": {
    "rating": "Good price",
    "priceRanges": {
      "Very good price": {
        "start": 59401,
        "end": 77200
      },
      "Good price": {
        "start": 77201,
        "end": 83100
      },
      "Fair price": {
        "start": 83101,
        "end": 92400
      },
      "Increased price": {
        "start": 92401,
        "end": 99200
      },
      "High price": {
        "start": 99201,
        "end": 110200
      }
    }
  },
  "description": "Der BMW M3 Touring xDrive Competition beeindruckt durch seine perfekte Kombination aus Leistung und Alltagstauglichkeit. Das Widescreen Display bietet eine hervorragende Übersicht und modernste Technologie, während die Ambiente-Beleuchtung für eine angenehme Atmosphäre im Innenraum sorgt. Die Sportsitze vorn in M-Technic Ausführung garantieren maximalen Komfort und Halt, selbst bei sportlicher Fahrweise. Dank des xDrive Allradantriebs und der dynamischen Fahreigenschaften meistert das Fahrzeug jede Herausforderung souverän. Der geräumige Kofferraum bietet ausreichend Platz für Gepäck und Einkäufe, ohne dabei auf sportliche Eleganz zu verzichten. Mit seinem kraftvollen Motor und dem markanten Design verkörpert der BMW M3 Touring xDrive Competition pure Fahrfreude und Exklusivität.\nHerstellergarantie bis 02/2027\nFunktions- und Sicherheitscheck einer unabhängigen Fachwerkstatt\nBVfK Tachogarantie\nMaßgeschneiderte Autofinanzierungen auch ohne Anzahlung zu besten Konditionen über unsere Hausbanken\nInzahlungnahme jeglicher Fahrzeuge\nBesichtigung und Probefahrt nach Wunschtermin\nDeutsche Fahrzeuge\nBundesweite Lieferung auf Nachfrage möglich\n(Video)-Beratung über WhatsApp (+49) 0170 3597262\nMotor & Getriebe & Fahrwerk & Lenkung\nAdaptives Fahrwerk M-Technic\nBremsanlage: Compound - M Bremssystem (Bremssättel Schwarz)\nCompetition\nGetriebe Automatik - mit Steptronic und Drivelogic (8-Stufen)\nMotor 3,0 Ltr. - 375 kW 24V TwinTurbo KAT (S58)\nOtto-Partikelfilter (OPF)\nSchadstoffarm nach Abgasnorm Euro 6d\nStart/Stop-Anlage (Funktion)\nPakete\nAblage-Paket\nAusstattungs-Paket: Connected Professional\nM Drive (Fahrprofilauswahl)\nM Drive Professional (Fahrprofilauswahl)\nParkassistent-Paket\nSpiegel-Paket\nSicherheit\nAirbag Beifahrerseite abschaltbar\nDiebstahlsicherung für Räder (Felgenschlösser)\nDynamische Stabilitäts-Control (DSC) mit erweiterter Umfang\nFahrassistenz-System: Aufmerksamkeits-Assistent\nHeckklappenbetätigung automatisch\nIsofix-Aufnahmen für Kindersitz an Rücksitz\nKnieairbag Fahrerseite\nKopf-Airbag-System hinten\nKopf-Airbag-System vorn\nParkbremse elektrisch\nReifendruck-Kontrollsystem\nReifenpannen-Anzeige\nSeitenairbag vorn\nService-System: Gesetzlicher Notruf\nAudio & Kommunikation\nDAB-Tuner (Radioempfang digital)\nFreisprecheinrichtung Bluetooth mit USB-/Audio-Schnittstelle\nService-System: ConnectedDrive Services\nService-System: Intelligenter Notruf inkl. TeleServices\nSound-System Harman-Kardon\nKomfort\nAktive Sitzbelüftung vorn\nFahrassistenz-System: Fernlichtassistent\nInduktionsladeschale für Smartphone (Wireless Charging)\nKlimaautomatik 3-Zonen mit autom. Umluft-Control\nLenkrad heizbar\nPark-Distance-Control (PDC) vorn und hinten\nSitze vorn elektr. verstellbar (mit Memory)\nInterieur\nAktives M Differential\nAmbiente-Beleuchtung\nBedienelemente galvanisiert\nBMW Live Cockpit Professional\nDachhimmel Anthrazit (BMW Individual)\nDurchladeeinrichtung (Mittelarmlehne hinten)\nEinstiegsleisten mit Einleger in Aluminium mit Schriftzug M\nFußmatten Velours\nGetränkehalter\nInnenausstattung: Interieurleisten\nInnenausstattung: Interieurleisten Alu Rhombicle mit Akzentleiste\nInstrumentenkombination (erweiterter Umfang)\nInstrumententafel Sensatec\nKopfstützen hinten klappbar\nLenksäule (Lenkrad) elektr. verstellbar\nSchaltpunktanzeige\nSitzbezug / Polsterung: Leder Merino (erweiterter Umfang)\nSportdifferential\nSportsitze vorn (M-Technic)\nStart-Stop-Knopf\nSteckdose (12V-Anschluß) in Mittelkonsole vorn\nWidescreen Display\nWärme-/Sonnenschutzverglasung kombiniert (hinten abgedunkelt)\nExterieur\nAußenausstattung: Shadow-Line Hochglanz\nAußenausstattung: Shadow-Line Hochglanz (erweiterter Umfang)\nAußenspiegel elektr. verstell- und heizbar\nDachreling Hochglanz Shadow-Line\nHeckleuchten LED\nInnenspiegel mit Abblendautomatik\nKennzeichenbeleuchtung LED\nLeuchtweitenregelung\nLM-Felgen\nMetallic-Lackierung\nNebelschlussleuchte(n)\nScheinwerfer BMW Individual Shadow-Line\nSonnenschutzverglasung (hinten abgedunkelt)\nWärme-/Sonnenschutzverglasung\nWeiteres\nBordcomputer\nErste Hilfe-Kasten / Verbandkasten\nKarosserie: 5-türig\nWarndreieck\nSonstiges\nFür Fragen und Informationen zu unseren Fahrzeugen stehen wir ihnen gerne von Montag bis Freitag von 10 -18 Uhr und Samstag von 10 - 13 Uhr zur Verfügung.\nZwischenverkauf und Irrtümer für dieses Angebot sind ausdrücklich vorbehalten. Die Fahrzeugbeschreibung dient lediglich der allgemeinen Identifizierung des Fahrzeuges und stellt keine Zusicherung im kaufrechtlichen Sinne dar. Ausschlaggebend sind einzig und allein die Vereinbarungen im Kaufvertrag.",
  "dealerDetails": {
    "id": 30123061,
    "name": "Autohalle Müller & Wäcker GbR",
    "sellerType": "Dealer",
    "phones": [
      "+49 (0)7472 277217658"
    ],
    "messengers": {
      "WHATS_APP": "+49 (0)170 3597731"
    },
    "languages": [
      "Deutsch",
      "English"
    ],
    "country": "DE",
    "address": "Siebenlindenstr. 39, DE-72108 Rottenburg am Neckar",
    "location": {
      "latitude": 48.4745176,
      "longitude": 8.9524285
    },
    "activeSince": "2022-10-24T00:00:00.000Z",
    "homepageUrl": "https://home.mobile.de/home/redirect.html?customerId=30123061",
    "iconUrl": "https://img.classistatic.de/api/v1/mo-prod/images/06/06d8ccb7-523f-4205-9125-795c5b07e8dc?rule=mo-640.jpg",
    "reviewPageUrl": "https://www.mobile.de/bewertungen/AUTOHALLEMUELLERWAECKERGBR?lang=en",
    "score": {
      "total": 4.9,
      "responseTime": 4.9,
      "friendliness": 4.9,
      "advice": 4.8
    },
    "activeRatingCount": 73,
    "vehicleAsDescribedPercentage": 98,
    "recommendPercentage": 97,
    "soldVehicleCount": null,
    "reviews": []
  },
  "attributes": {
    "Vehicle condition": "Used vehicle, Accident-free",
    "Category": "Estate car",
    "Model range": "G81",
    "Trim line": "Competition",
    "Vehicle Number": "1516",
    "Origin": "German edition",
    "Mileage": "34,990 km",
    "Cubic Capacity": "2,993 ccm",
    "Power": "375 kW (510 hp)",
    "Drive type": "Internal combustion engine",
    "Fuel": "Petrol, E10-enabled",
    "Fuel consumption": [
      "10.3 l/100km (combined)",
      "15.4 l/100km (city)",
      "10.2 l/100km (suburban)",
      "8.8 l/100km (country road)",
      "9.7 l/100km (motorway)"
    ],
    "Vehicle tax": "€468/Year",
    "Number of Seats": "5",
    "Door Count": "4/5",
    "Transmission": "Automatic",
    "Emission Class": "Euro6d",
    "Emissions Sticker": "4 (Green)",
    "First Registration": "02/2024",
    "HU": "02/2027",
    "Climatisation": "Automatic climatisation, 3 zones",
    "Parking sensors": "Camera, Rear, Front, Self-steering systems",
    "Airbags": "Front and Side and More Airbags",
    "Colour (Manufacturer)": "SAPHIRSCHWARZ",
    "Colour": "Black Metallic",
    "Interior Design": "Full leather, Black",
    "Weight": "1,940 kg",
    "Date of last service (date)": "08/2024",
    "Last service (mileage)": "14,732 km",
    "Cylinders": "6",
    "Tank capacity": "59 l",
    "Energy consumption (comb.)": "10.3 l/100km",
    "CO₂ emissions (comb.)": "232 g/km"
  },
  "features": [
    "ABS",
    "Alarm system",
    "Alloy wheels",
    "Ambient lighting",
    "Android Auto",
    "Apple CarPlay",
    "Arm rest",
    "Autom. dimming interior mirror",
    "Bluetooth",
    "Cargo barrier",
    "Central locking",
    "Cruise control",
    "DAB radio",
    "Digital cockpit",
    "Distance warning system",
    "Dynamic chassis control",
    "Electric seat adjustment",
    "Electric side mirror",
    "Electric tailgate",
    "Electric windows",
    "Eletric seat adjustment with memory function",
    "Emergency brake assist",
    "Emergency call system",
    "ESP",
    "Fatigue warning system",
    "Folding exterior mirrors",
    "Four-wheel drive",
    "Full Service History",
    "Hands-free kit",
    "Head-up display",
    "Heated seats",
    "Heated steering wheel",
    "High beam assist",
    "Hill-start assist",
    "Immobilizer",
    "Induction charging for smartphones",
    "Integrated music streaming",
    "Isofix",
    "Keyless central locking",
    "Leather steering wheel",
    "LED headlights",
    "LED running lights",
    "Light sensor",
    "Lumbar support",
    "Multifunction steering wheel",
    "Navigation preparation",
    "Navigation system",
    "Night vision assist",
    "On-board computer",
    "Paddle shifters",
    "Particulate filter",
    "Power Steering",
    "Rain sensor",
    "Rear traffic alert",
    "Roof rack",
    "Seat ventilation",
    "Sound system",
    "Speed limit control system",
    "Sport seats",
    "Sports package",
    "Sports suspension",
    "Start-stop system",
    "Summer tyres",
    "Tinted windows",
    "Touchscreen",
    "Traction control",
    "Traffic sign recognition",
    "Tuner/radio",
    "TV",
    "Tyre pressure monitoring",
    "USB port",
    "Voice control",
    "Warranty",
    "Winter package",
    "WLAN / Wi-Fi hotspot"
  ]
},
{
  "title": "BMW M3 Touring xDrive Competition,FrozenGrey,Kamera",
  "previewImage": "https://img.classistatic.de/api/v1/mo-prod/images/24/248bf8e5-61ac-4e19-abf1-960d57f4d83e?rule=mo-1600.jpg",
  "category": "EstateCar",
  "brand": "BMW",
  "model": "M3",
  "url": "https://suchen.mobile.de/fahrzeuge/details.html?id=434513629",
  "price.total.amount": 83900,
  "priceRating": {
    "rating": "Good price",
    "priceRanges": {
      "Very good price": {
        "start": 61601,
        "end": 80100
      },
      "Good price": {
        "start": 80101,
        "end": 86200
      },
      "Fair price": {
        "start": 86201,
        "end": 95900
      },
      "Increased price": {
        "start": 95901,
        "end": 103000
      },
      "High price": {
        "start": 103001,
        "end": 114400
      }
    }
  },
  "description": "Sonderausstattung:\nAktive Sitzbelüftung vorn, BMW Live Cockpit Professional, Bremsanlage: Compound - M Bremssystem (Bremssättel Rot), Fahrassistenz-System: Fernlichtassistent, Gepäckraum-Paket, Innenausstattung: Interieurleisten Alu Rhombicle mit Akzentleiste, LM-Felgen, Metallic-Lackierung, Parkassistent-Paket, Reifen-Reparaturset (Mobility-Pack), Scheinwerfer BMW Individual Shadow-Line, Scheinwerfer Laserlicht, Sicherheitsgurte M, Sonnenschutzverglasung (hinten abgedunkelt), Sound-System Harman-Kardon, Verglasung Akustikglas\n\nWeitere Ausstattung:\nAblage-Paket, Adaptives Fahrwerk M-Technic, Airbag Beifahrerseite abschaltbar, Aktives M Differential, Ambiente-Beleuchtung, Ausstattungs-Paket: Connected Professional, Außenausstattung: Shadow-Line Hochglanz, Außenausstattung: Shadow-Line Hochglanz (erweiterter Umfang), Außenspiegel elektr. verstell- und heizbar, Bedienelemente galvanisiert, Bordcomputer, Competition, DAB-Tuner (Radioempfang digital), Dachhimmel Anthrazit (BMW Individual), Dachreling Hochglanz Shadow-Line, Diebstahlsicherung für Räder (Felgenschlösser), Durchladeeinrichtung (Mittelarmlehne hinten), Dynamische Stabilitäts-Control (DSC) mit erweiterter Umfang, Einstiegsleisten mit Einleger in Aluminium mit Schriftzug M, Erste Hilfe-Kasten / Verbandkasten, Fahrassistenz-System: Active Guard (Bremsassistent), Fahrassistenz-System: Aufmerksamkeits-Assistent, Freisprecheinrichtung Bluetooth mit USB-/Audio-Schnittstelle, Fußmatten Velours, Gepäckraumbeleuchtung, Getriebe Automatik - mit Steptronic und Drivelogic (8-Stufen), Getränkehalter, Heckklappenbetätigung automatisch, Heckleuchten LED, Induktionsladeschale für Smartphone (Wireless Charging), Innenausstattung: Interieurleisten, schwarz hochglänzend, Innenspiegel mit Abblendautomatik, Instrumentenkombination (erweiterter Umfang), Isofix-Aufnahmen für Kindersitz an Rücksitz, Karosserie: 5-türig, Kennzeichenbeleuchtung LED, Klimaautomatik 3-Zonen mit autom. Umluft-Control, Knieairbag Fahrerseite, Kopf-Airbag-System hinten, Kopf-Airbag-System vorn, Kopfstützen hinten klappbar, Lenksäule (Lenkrad) elektr. verstellbar, Leuchtweitenregelung, M Drive (Fahrprofilauswahl), M Drive Professional (Fahrprofilauswahl), Motor 3,0 Ltr. - 375 kW 24V TwinTurbo KAT (S58), Nebelschlussleuchte(n), Otto-Partikelfilter (OPF), Park-Distance-Control (PDC) vorn und hinten, Parkbremse elektrisch, Reifendruck-Kontrollsystem, Reifenpannen-Anzeige, Schadstoffarm nach Abgasnorm Euro 6d, Schaltpunktanzeige, Seitenairbag vorn, Service-System: ConnectedDrive Services, Service-System: Gesetzlicher Notruf, Service-System: Intelligenter Notruf inkl. TeleServices, Sitzbezug / Polsterung: Leder Merino (erweiterter Umfang), Sitze vorn elektr. verstellbar (mit Memory), Spiegel-Paket, Sportdifferential, Sportsitze vorn (M-Technic), Start-Stop-Knopf, Start/Stop-Anlage (Funktion), Steckdose (12V-Anschluß) in Mittelkonsole vorn, Warndreieck, Widescreen Display, Wärme-/Sonnenschutzverglasung, Wärme-/Sonnenschutzverglasung kombiniert (hinten abgedunkelt)\nFinanzierung auch ohne Anzahlung bis zu 84 Monate zu günstigen Konditionen möglich\nTüv bis 07 / 2027\nUnfallfrei\nNachlackierungsfrei \nBMW Garantie bis 07/2027\nDeutsches Fahrzeug\nDie oben aufgeführte Ausstattungsliste dient lediglich der allgemeinen Identifizierung des Fahrzeugs und stellt keine zugesicherte Eigenschaft im kaufrechtlichen Sinne da.\nJedes Fahrzeug wird vor Auslieferung in unserer hauseigenen Werkstatt technisch geprüft\nUnser Betrieb verfügt über 60 Jahre Erfahrung im KFZ Bereich\nweiter Angebote unter autohaus-loegering.de\nTrotz sorgfältiger Prüfung der Austattung/Verbrauchs/CO2 Werte können Abweichungen sein. Bitte bei Probefahrt/Besichtigung Prüfen und den Verkäufer fragen. Später festgestellte Abweichungen können nicht reklamiert werden.\nInformation zu Verbrauchswerten: Sofern Verbrauchs- und Emissionswerten angegeben sind, handelt es sich um Werte, die bei der Typengenehmigung der Fahrzeuge, durch den Hersteller ermittelt wurden. Möglicherweise sind diese Werte unzutreffend. Sofern das Fahrzeug betroffen ist, bemüht sich der Hersteller, den Vorgang schnellstmöglich aufzuklären und die Werte -falls erforderlich- in Abstimmung mit den zuständigen Behörden zu korrigieren",
  "dealerDetails": {
    "id": 1143790,
    "name": "Autohaus Lögering GmbH & Co KG",
    "sellerType": "Dealer",
    "phones": [
      "+49 (0)5906 407984718"
    ],
    "languages": [
      "Deutsch"
    ],
    "country": "DE",
    "address": "Lingener Str 4, DE-48480 Lünne ( Plantlünne )",
    "location": {
      "latitude": 52.4300702,
      "longitude": 7.423679
    },
    "activeSince": "2008-02-26T00:00:00.000Z",
    "homepageUrl": "https://home.mobile.de/home/redirect.html?customerId=1143790",
    "iconUrl": null,
    "reviewPageUrl": "https://www.mobile.de/bewertungen/AUTOHAUSLOEGERINGGMBHCOKG?lang=en",
    "score": {
      "total": 4.9,
      "responseTime": 4.9,
      "friendliness": 5,
      "advice": 4.9
    },
    "activeRatingCount": 369,
    "vehicleAsDescribedPercentage": 99,
    "recommendPercentage": 99,
    "soldVehicleCount": null,
    "reviews": []
  },
  "attributes": {
    "Vehicle condition": "Used vehicle, Accident-free",
    "Category": "Estate car",
    "Model range": "Baureihe M3 Touring (G81)(2022->)",
    "Trim line": "xDrive Competition",
    "Origin": "German edition",
    "Mileage": "12,400 km",
    "Cubic Capacity": "2,993 ccm",
    "Power": "375 kW (510 hp)",
    "Drive type": "Internal combustion engine",
    "Fuel": "Petrol",
    "Number of Seats": "5",
    "Door Count": "4/5",
    "Transmission": "Automatic",
    "Emission Class": "Euro6d-TEMP",
    "Emissions Sticker": "4 (Green)",
    "First Registration": "07/2024",
    "Number of Vehicle Owners": "1",
    "HU": "07/2027",
    "Climatisation": "Automatic climatisation, 3 zones",
    "Parking sensors": "Rear, Front, Camera",
    "Airbags": "Front and Side and More Airbags",
    "Colour": "Grey Matte",
    "Interior Design": "Full leather, Black",
    "Weight": "1,940 kg",
    "Cylinders": "6",
    "Tank capacity": "59 l"
  },
  "features": [
    "ABS",
    "Adaptive cornering lights",
    "Alarm system",
    "Alloy wheels",
    "Ambient lighting",
    "Android Auto",
    "Apple CarPlay",
    "Arm rest",
    "Autom. dimming interior mirror",
    "Bluetooth",
    "Cargo barrier",
    "Central locking",
    "Cruise control",
    "DAB radio",
    "Digital cockpit",
    "Distance warning system",
    "Dynamic chassis control",
    "Electric seat adjustment",
    "Electric side mirror",
    "Electric tailgate",
    "Electric windows",
    "Eletric seat adjustment with memory function",
    "Emergency brake assist",
    "Emergency call system",
    "ESP",
    "Fatigue warning system",
    "Folding exterior mirrors",
    "Four-wheel drive",
    "Full Service History",
    "Glare-free high beam headlights",
    "Hands-free kit",
    "Head-up display",
    "Heated seats",
    "High beam assist",
    "Hill-start assist",
    "Immobilizer",
    "Induction charging for smartphones",
    "Integrated music streaming",
    "Isofix",
    "Keyless central locking",
    "Laser headlights",
    "Leather steering wheel",
    "LED running lights",
    "Light sensor",
    "Lumbar support",
    "Multifunction steering wheel",
    "Navigation system",
    "Non-smoker vehicle",
    "On-board computer",
    "Paddle shifters",
    "Particulate filter",
    "Power Steering",
    "Rain sensor",
    "Roof rack",
    "Seat ventilation",
    "Sound system",
    "Sport seats",
    "Sports package",
    "Sports suspension",
    "Start-stop system",
    "Summer tyres",
    "Tinted windows",
    "Touchscreen",
    "Traction control",
    "Traffic sign recognition",
    "Tuner/radio",
    "Tyre pressure monitoring",
    "USB port",
    "Voice control",
    "Warranty",
    "Winter package"
  ]
},
{
  "title": "BMW M3 Competition Touring*Schale*Carbon*H&K*Laser*",
  "previewImage": "https://img.classistatic.de/api/v1/mo-prod/images/95/953f1ddc-34df-4afe-b052-173aa329a82e?rule=mo-1600.jpg",
  "category": "EstateCar",
  "brand": "BMW",
  "model": "M3",
  "url": "https://suchen.mobile.de/fahrzeuge/details.html?id=431370389",
  "price.total.amount": 83990,
  "priceRating": {
    "rating": "Good price",
    "priceRanges": {
      "Very good price": {
        "start": 62001,
        "end": 80600
      },
      "Good price": {
        "start": 80601,
        "end": 86800
      },
      "Fair price": {
        "start": 86801,
        "end": 96600
      },
      "Increased price": {
        "start": 96601,
        "end": 103700
      },
      "High price": {
        "start": 103701,
        "end": 115200
      }
    }
  },
  "description": "Wir bieten Ihnen einen gepflegten BMW M3 xDrive Touring Competition an.\nGepflegter Zustand\nDeutsches Fahrzeug\nDeutsche Erstauslieferung\nTier- und Nikotinfrei\nGaragenfahrzeug\nInnenausstattung: M Schalensitze Carbon\nAußenfarbe : SAO PAULO GELB\n\nSonderausstattung:\nBremsanlage: Compound - M Bremssystem (Bremssättel Schwarz)\nFahrassistenz-System: Driving Assistant Professional\nFahrassistenz-System: Spurwechselassistent\nFahrassistenz-System: Falschfahrwarnung\nGeschwindigkeits-Begrenzeranlage (Speed Limit Device)\nGeschwindigkeits-Regelanlage, Aktiv mit Stop&Go-Funktion\nFahrassistenz-System: Frontkollisionswarnung\nFahrassistenz-System: Heckaufprall-Vermeidung (Prävention Heckkollision)\nFahrassistenz-System: Kreuzungs-Assistent\nFahrassistenz-System: Querverkehrs-Assistent\nFahrassistenz-System: Ausweich-Assistent\nFahrassistenz-System: Ampel-Erkennung\nFahrassistenz-System: Spurwechsel-Warnsystem\nFahrassistenz-System: aktiver Spurhalteassistent\nInnenausstattung: Interieurleisten Carbon\nInnovations-Paket\nScheinwerfer Laserlicht\nFahrassistenz-System: Fernlichtassistent\nKomfortzugang (Öffnungs- und Schließsystem)\nFahrassistenz-System: Driving Assistant\nFahrassistenz-System: Spurwechselassistent\nFahrassistenz-System: Frontkollisionswarnung\nFahrassistenz-System: Heckaufprall-Vermeidung (Prävention Heckkollision)\nFahrassistenz-System: Querverkehrs-Assistent\nFahrassistenz-System: Spurwechsel-Warnsystem\nLenkrad heizbar\nLM-Felgen\nM Schalensitze Carbon\nScheinwerfer BMW Individual Shadow-Line\nSonnenschutzverglasung (hinten abgedunkelt)\nSound-System Harman-Kardon\n\nSerien-Ausstattung:\nAblage-Paket\nAdaptives Fahrwerk M-Technic\nAirbag Beifahrerseite abschaltbar\nAktives M Differential\nAlarmanlage\nAlpinweiß-Lackierung (Uni)\nAmbiente-Beleuchtung\nAnti-Blockier-System (ABS)\nAntriebsart: Allradantrieb\nAntriebsart: xDrive (Allrad)\nAusstattungs-Paket: Connected Professional\nService-System: Remote Services\nService-System: Concierge Services\nService-System: Real Time Traffic Information (RTTI)\nService-System: Remote 3D View\nAußenausstattung: Shadow-Line Hochglanz\nAußenausstattung: Shadow-Line Hochglanz (erweiterter Umfang)\nAußenspiegel elektr. verstell- und heizbar\nBedienelemente galvanisiert\nBMW Live Cockpit Plus\nBordcomputer\nCompetition\nDAB-Tuner (Radioempfang digital)\nDachhimmel Anthrazit (BMW Individual)\nDachreling Hochglanz Shadow-Line\nDiebstahlsicherung für Räder (Felgenschlösser)\nDurchladeeinrichtung (Mittelarmlehne hinten)\nDynamische Stabilitäts-Control (DSC) mit erweiterter Umfang\nEinstiegsleisten mit Einleger in Aluminium mit Schriftzug M\nErste Hilfe-Kasten / Verbandkasten\nFahrassistenz-System: Active Guard (Bremsassistent)\nFahrassistenz-System: Aufmerksamkeits-Assistent\nFensterheber elektrisch\nFreisprecheinrichtung Bluetooth mit USB-/Audio-Schnittstelle\nFußmatten Velours\nGepäckraumbeleuchtung\nGeschwindigkeits-Begrenzeranlage (Speed Limit Device)\nGetriebe Automatik - mit Steptronic und Drivelogic (8-Stufen)\nGetränkehalter\nHeckklappenbetätigung automatisch\nHeckleuchten LED\nInduktionsladeschale für Smartphone (Wireless Charging)\nInnenspiegel mit Abblendautomatik\nInstrumentenkombination (erweiterter Umfang)\nIsofix-Aufnahmen für Kindersitz an Rücksitz\nKarosserie: 5-türig\nKennzeichenbeleuchtung LED\nKlimaautomatik 3-Zonen mit autom. Umluft-Control\nKnieairbag Fahrerseite\nKopf-Airbag-System hinten\nKopf-Airbag-System vorn\nKopfstützen hinten klappbar\nLenkrad (Leder) mit Multifunktion M-Technic\nLenksäule (Lenkrad) elektr. verstellbar\nLeuchtweitenregelung\nM Drive (Fahrprofilauswahl)\nM Drive Professional (Fahrprofilauswahl)\nMotor 3,0 Ltr. - 375 kW 24V TwinTurbo KAT (S58)\nNebelschlussleuchte(n)\nOtto-Partikelfilter (OPF)\nPark-Distance-Control (PDC) vorn und hinten\nParkbremse elektrisch\nReifendruck-Kontrollsystem\nReifenpannen-Anzeige\nSchadstoffarm nach Abgasnorm Euro 6d\nSchaltpunktanzeige\nScheibenwischer mit Regensensor\nSeitenairbag vorn\nService-System: ConnectedDrive Services\nService-System: Gesetzlicher Notruf\nService-System: Intelligenter Notruf inkl. TeleServices\nSitzbezug / Polsterung: Leder Merino (erweiterter Umfang)\nSitze vorn elektr. verstellbar (mit Memory)\nSitzheizung vorn + hinten\nSpiegel-Paket\nAußenspiegel elektr. anklappbar\nAußenspiegel mit Abblendautomatik, links\nAußenspiegel mit Bordsteinautomatik, rechts\nSportdifferential\nStart-Stop-Knopf\nStart/Stop-Anlage (Funktion)\nSteckdose (12V-Anschluß) in Mittelkonsole vorn\nWarndreieck\nWegfahrsperre\nWidescreen Display\nWärme-/Sonnenschutzverglasung\nWärme-/Sonnenschutzverglasung kombiniert (hinten abgedunkelt)\nZentralverriegelung mit Fernbedienung",
  "dealerDetails": {
    "id": 512389,
    "name": "Auto Nord Remscheid",
    "sellerType": "Dealer",
    "phones": [
      "+49 (0)2191 793180781"
    ],
    "languages": [
      "Deutsch",
      "English"
    ],
    "country": "DE",
    "address": "Borner Str. 9-19, DE-42897 Remscheid",
    "location": {
      "latitude": 51.1803056,
      "longitude": 7.253823
    },
    "activeSince": "2006-03-24T00:00:00.000Z",
    "homepageUrl": "https://home.mobile.de/home/redirect.html?customerId=512389",
    "iconUrl": "https://img.classistatic.de/api/v1/mo-prod/images/59/597b8ebd-0e2b-4f07-a14c-f74e8694be80?rule=mo-640.jpg",
    "reviewPageUrl": "https://www.mobile.de/bewertungen/AUTONORD-REMSCHEID?lang=en",
    "score": {
      "total": 4.5,
      "responseTime": 4.5,
      "friendliness": 4.6,
      "advice": 4.3
    },
    "activeRatingCount": 106,
    "vehicleAsDescribedPercentage": 90,
    "recommendPercentage": 85,
    "soldVehicleCount": null,
    "reviews": []
  },
  "attributes": {
    "Vehicle condition": "Used vehicle, Accident-free",
    "Category": "Estate car",
    "Model range": "Baureihe M3 Touring (G81)(2022->)",
    "Trim line": "xDrive Competition",
    "Vehicle Number": "25237",
    "Availability": "Now",
    "Origin": "German edition",
    "Mileage": "7,544 km",
    "Cubic Capacity": "2,993 ccm",
    "Power": "375 kW (510 hp)",
    "Drive type": "Internal combustion engine",
    "Fuel": "Petrol, E10-enabled",
    "CO₂ class": "Based on CO₂ emissions (combined)",
    "Fuel consumption": [
      "10.1 l/100km (combined)",
      "15.3 l/100km (city)",
      "10.1 l/100km (suburban)",
      "8.6 l/100km (country road)",
      "9.5 l/100km (motorway)"
    ],
    "Energy costs for 15,000 km annual mileage": "€2,908/Year",
    "Fuel price": "€1.92/l (annual average 2024)",
    "Possible CO₂ costs over the next 10 years (15,000 km/year)": [
      "€3,950 (assuming an average CO₂ price of €115/t)",
      "€1,718 (assuming a low average CO₂ price of €50/t)",
      "€6,526 (assuming a high average CO₂ price of €190/t)"
    ],
    "Number of Seats": "5",
    "Door Count": "4/5",
    "Transmission": "Automatic",
    "Emission Class": "Euro6d",
    "Emissions Sticker": "4 (Green)",
    "First Registration": "01/2024",
    "Number of Vehicle Owners": "1",
    "HU": "01/2027",
    "Climatisation": "Automatic climatisation, 3 zones",
    "Parking sensors": "Rear, Front",
    "Colour (Manufacturer)": "SAO PAULO GELB",
    "Colour": "Yellow",
    "Interior Design": "Full leather, Other",
    "Weight": "1,940 kg",
    "Cylinders": "6",
    "Energy consumption (comb.)": "10.1 l/100km",
    "CO₂ emissions (comb.)": "229 g/km"
  },
  "features": [
    "ABS",
    "Adaptive cornering lights",
    "Adaptive Cruise Control",
    "Alarm system",
    "Alloy wheels",
    "Ambient lighting",
    "Android Auto",
    "Apple CarPlay",
    "Arm rest",
    "Autom. dimming interior mirror",
    "Bluetooth",
    "Cargo barrier",
    "CD Multichanger",
    "CD player",
    "Central locking",
    "DAB radio",
    "Digital cockpit",
    "Distance warning system",
    "Dynamic chassis control",
    "Electric seat adjustment",
    "Electric side mirror",
    "Electric tailgate",
    "Electric windows",
    "Eletric seat adjustment with memory function",
    "Emergency brake assist",
    "Emergency call system",
    "Emergency tyre repair kit",
    "ESP",
    "Fatigue warning system",
    "Fog lamp",
    "Folding exterior mirrors",
    "Four-wheel drive",
    "Full Service History",
    "Glare-free high beam headlights",
    "Hands-free kit",
    "Heated rear seats",
    "Heated seats",
    "Heated steering wheel",
    "High beam assist",
    "Hill-start assist",
    "Immobilizer",
    "Induction charging for smartphones",
    "Integrated music streaming",
    "Isofix",
    "Keyless central locking",
    "Lane change assist",
    "Laser headlights",
    "Leather steering wheel",
    "LED running lights",
    "Light sensor",
    "Lumbar support",
    "Multifunction steering wheel",
    "Navigation system",
    "Non-smoker vehicle",
    "On-board computer",
    "Paddle shifters",
    "Power Steering",
    "Rain sensor",
    "Rear traffic alert",
    "Roof rack",
    "Ski bag",
    "Smoker's package",
    "Sound system",
    "Speed limit control system",
    "Sport seats",
    "Sports package",
    "Sports suspension",
    "Start-stop system",
    "Summer tyres",
    "Tinted windows",
    "Touchscreen",
    "Traction control",
    "Traffic sign recognition",
    "Tuner/radio",
    "Tyre pressure monitoring",
    "USB port",
    "Voice control",
    "Warranty",
    "WLAN / Wi-Fi hotspot"
  ]
},
{
  "title": "BMW M3 Competition Touring M xDrive",
  "previewImage": "https://img.classistatic.de/api/v1/mo-prod/images/85/85926561-6ff2-4f27-b4e5-1c8fcaec57b3?rule=mo-1600.jpg",
  "category": "EstateCar",
  "brand": "BMW",
  "model": "M3",
  "url": "https://suchen.mobile.de/fahrzeuge/details.html?id=433873961",
  "price.total.amount": 84440,
  "priceRating": {
    "rating": "Fair price",
    "priceRanges": {
      "Very good price": {
        "start": 58201,
        "end": 75600
      },
      "Good price": {
        "start": 75601,
        "end": 81400
      },
      "Fair price": {
        "start": 81401,
        "end": 90600
      },
      "Increased price": {
        "start": 90601,
        "end": 97200
      },
      "High price": {
        "start": 97201,
        "end": 108000
      }
    }
  },
  "description": "Standort: Am Schänzel 6 - 76829 Landau \nBitte fragen Sie den aktuellen Standort des Fahrzeuges vor einer Besichtigung telefonisch an. \n\nAngebotsnummer: 103040949 / SF318031 \nGarantie: bis: \n\n\n\nDas Fahrzeug wurde für den deutschen Markt produziert - Kein Reimport!\nAlle Angaben ohne Gewähr, Irrtümer, Druckfehler und Zwischenverkauf vorbehalten. Wir bieten Ihnen laufend attraktive Finanzierungsmöglichkeiten und günstige Sonderkonditionen. Bei Interesse erstellen wir Ihnen sehr gern ein individuelles Angebot. \n\nHinweis zur Produktsicherheitsverordnung:\nEs sind keine sicherheitsrelevanten Mängel am Fahrzeug bekannt! Lackierung:\nLackierung: Metallic\nSaphirschwarz Metallic\nInnenausstattung:\nInterieurleisten: M Interieurleisten Carbon Fibre mit Akzentleiste Perlglanz Chrom\nLenkrad: Lenkradheizung\nAudio:\nBMW Live Cockpit Professional\nRadiozubehör: Harman/Kardon Surround Sound System\nRäder:\nRäderzubehör: Reifenpannenset\nSicherheit:\nBMW Laserlicht\nDriving Assistant Professional\nPaket: Innovationspaket\nParking Assistant Plus\nSicht:\nVerglasung: Sonnenschutzverglasung\nVerriegelung:\nKomfortzugang mit Digital Key\nKomfort:\nFernlichtassistent\nVerglasung: Akustikverglasung\nSitze:\nSitze: Aktive Sitzbelüftung vorn\nKarosserie:\nM Leuchten Shadow Line\nsonstiges:**\nM Compound-Bremse, rot hochglänzend\nPaket: M Driver's Package\n\nIhr Fahrzeug: BMW M3 Basis Competition Touring M xDrive",
  "dealerDetails": {
    "id": 33977830,
    "name": "Emil Frey Vogel Automobile GmbH",
    "sellerType": "Dealer",
    "phones": [
      "+49 (0)6341 681424669"
    ],
    "languages": [
      "Deutsch",
      "English"
    ],
    "country": "DE",
    "address": "Am Schänzel 6, DE-76829 Landau",
    "location": {
      "latitude": 49.2092155,
      "longitude": 8.1182057
    },
    "activeSince": "2023-11-28T00:00:00.000Z",
    "homepageUrl": "https://home.mobile.de/home/redirect.html?customerId=33977830",
    "iconUrl": "https://img.classistatic.de/api/v1/mo-prod/images/53/53371180-aa09-42d8-b3a4-64aba8decd6a?rule=mo-640.jpg",
    "reviewPageUrl": "https://www.mobile.de/bewertungen/EmilFreyVogelAutomobileGmbH?lang=en",
    "score": {
      "total": 4,
      "responseTime": 4.1,
      "friendliness": 4,
      "advice": 3.8
    },
    "activeRatingCount": 8,
    "vehicleAsDescribedPercentage": 71,
    "recommendPercentage": 83,
    "soldVehicleCount": null,
    "reviews": []
  },
  "attributes": {
    "Vehicle condition": "Used vehicle",
    "Category": "Estate car",
    "Vehicle Number": "103040949",
    "Availability": "Now",
    "Origin": "German edition",
    "Mileage": "42,721 km",
    "Cubic Capacity": "2,993 ccm",
    "Power": "375 kW (510 hp)",
    "Drive type": "Internal combustion engine",
    "Fuel": "Petrol, E10-enabled",
    "Number of Seats": "5",
    "Door Count": "4/5",
    "Transmission": "Automatic",
    "Emission Class": "Euro6d",
    "Emissions Sticker": "4 (Green)",
    "First Registration": "10/2023",
    "Number of Vehicle Owners": "1",
    "HU": "New",
    "Climatisation": "Automatic climatisation, 3 zones",
    "Parking sensors": "360° camera, Front, Self-steering systems, Rear",
    "Airbags": "Front and Side and More Airbags",
    "Colour (Manufacturer)": "Saphirschwarz Metallic",
    "Colour": "Black Metallic",
    "Interior Design": "Full leather, Black"
  },
  "features": [
    "ABS",
    "Adaptive Cruise Control",
    "Adaptive lighting",
    "Alarm system",
    "Alloy wheels",
    "Ambient lighting",
    "Android Auto",
    "Apple CarPlay",
    "Arm rest",
    "Autom. dimming interior mirror",
    "Blind spot assist",
    "Bluetooth",
    "Cargo barrier",
    "Central locking",
    "DAB radio",
    "Digital cockpit",
    "Distance warning system",
    "Electric seat adjustment",
    "Electric side mirror",
    "Electric tailgate",
    "Electric windows",
    "Eletric seat adjustment with memory function",
    "Emergency brake assist",
    "Emergency call system",
    "Emergency tyre repair kit",
    "ESP",
    "Folding exterior mirrors",
    "Four-wheel drive",
    "Full Service History",
    "Hands-free kit",
    "Head-up display",
    "Heated seats",
    "Heated steering wheel",
    "High beam assist",
    "Hill-start assist",
    "Immobilizer",
    "Induction charging for smartphones",
    "Isofix",
    "Keyless central locking",
    "Lane change assist",
    "Laser headlights",
    "Leather steering wheel",
    "LED running lights",
    "Light sensor",
    "Lumbar support",
    "Multifunction steering wheel",
    "Navigation system",
    "Non-smoker vehicle",
    "On-board computer",
    "Paddle shifters",
    "Particulate filter",
    "Power Steering",
    "Rain sensor",
    "Roof rack",
    "Seat ventilation",
    "Ski bag",
    "Sound system",
    "Speed limit control system",
    "Sport seats",
    "Start-stop system",
    "Tinted windows",
    "Touchscreen",
    "Traction control",
    "Traffic sign recognition",
    "Tuner/radio",
    "Tyre pressure monitoring",
    "USB port",
    "Voice control",
    "Warranty",
    "WLAN / Wi-Fi hotspot"
  ]
},
{
  "title": "BMW M3 Competition Touring xDrive - Garant...",
  "previewImage": "https://img.classistatic.de/api/v1/mo-prod/images/dc/dc89570b-a5be-4cd3-b6f1-5599a23fcdf2?rule=mo-1600.jpg",
  "category": "EstateCar",
  "brand": "BMW",
  "model": "M3",
  "url": "https://suchen.mobile.de/fahrzeuge/details.html?id=434163432",
  "price.total.amount": 84499,
  "priceRating": {
    "rating": "Good price",
    "priceRanges": {
      "Very good price": {
        "start": 60801,
        "end": 79100
      },
      "Good price": {
        "start": 79101,
        "end": 85200
      },
      "Fair price": {
        "start": 85201,
        "end": 94700
      },
      "Increased price": {
        "start": 94701,
        "end": 101700
      },
      "High price": {
        "start": 101701,
        "end": 113000
      }
    }
  },
  "description": "Sofort Verfügbar\nBMW Werksgarantie bis 01/2027\nUnfallfrei\nAbsoluter Traumzustand (Aufbereitet + Versiegelt)\nTierfrei + Nichtraucherfahrzeug\nScheckheftgepflegt bei BMW\nNeupreis: 116.800 EUR\n\nZum Verkauf steht ein penibel gepflegter BMW M3 Competition Touring xDrive in der wunderschönen Farbe Skyscraper Grey Metallic. Es handelt sich um ein Liebhaberfahrzeug. Nur Handwäsche (2-Eimer Methode).\nWie man am Zustand erkennen, nutze ich den M3 nicht als Familienkombi. Es ist ein reines Hobby Auto mit dem ich ab und zu mal zur Arbeit fahre.\n\nDie absolute Top Ausstattung lässt kaum einen Wunsch offen:\n\n|M-spezifische Ausstattung|\n- M Sportsitze\n- M Sport Leder Lenkrad mit Carbon Spange + M1 & M2 Schalter (Ziernähte Exklusivakzent in M Farben)\n- M Interieur Leisten \"Carbon Fibre\"\n- M Schmiederäder Doppelspeiche 826M Schwarz\n- Adaptives M Fahrwerk mit Dämpferregelung\n- Aktives M Sportdifferenzial\n- M Automatik Getriebe mit Steptronic und Drivelogic (8-Stufen)\n- M Hochglanz Shadow Line mit erweiterten Umfängen\n- M Mode Setup (4WD und 2WD)\n- M Tür Projektoren (M3 Schriftzug)\n- M Akzentflächen\n- M Leuchten Shadow Line\n- M Compound-Bremsanlage, Exklusivakzent Blau hochglänzend\n- M Einstiegsleisten mit M Schriftzug\n- Beleuchtete M3 Logos in den Sitzen\n\n|Technik|\n- Integrierte BMW Dashcam Drive Recorder\n- Innovationspaket\n- Head Up Display\n- Tempomat mit Bremsfunktion + Speed Limit Funktion\n- BMW Live Cockpit Professional\n- Navigationssystem Professional\n- Kamerabasierte Verkehrszeichenerkennung\n- Sitzverstellung, elektrisch mit Memory Funktion\n- Adaptiver LED-Scheinwerfer (Shadow Line) mit Laser Light\n- Adaptives Kurvenlicht + Fernlichtassistent\n- Automatische Heckklappe\n- Aktive Reifendruckanzeige\n- Reifentemperaturanzeige\n- Alarmanlage\n- Connected Package Professional\n- Real Time Traffic Information\n- Smartphone Connected Paket\n- Apple CarPlay & Android Auto\n- Induktionsladeschale für Smartphone (Wireless Charging)\n- Innenspiegel mit Abblendautomatik\n-Connected Drive Services\n\n|Interieur|\n- Interieurleisten Carbon Fibre\n- Harman & Kardon Surround Sound System\n- DAB-Tuner (Radioempfang digital)\n- Sitzheizung Fahrer/Beifahrer\n- Aktive Sitzbelüftung Fahrer / Beifahrer\n- Klimaautomatik 3-Zonen\n- Leder 'Merino' Schwarz\n- Dachhimmel Anthrazit (BMW Individual)\n- Ambiente Beleuchtung +\n- Armaturenbrett Sensatec Lederoptik mit Ziernaht\n- Lordosenstütze für Fahrer und Beifahrer\n- Bedienelemente galvanisiert\n- Blow-by-Heizer\n- Ablagenpaket\n- Gepäckraum-Paket\n\n|Exterieur|\n- Aufpreis Lackierung \"Skyscraper Grey Metallic\"\n- Shadowline mit erweiterten umfängen (inklusive abgedunkelten Scheinwerfern + Rückleuchten)\n- Privacy Verglasung / Sonnenschutzverglasung\n- Akustigverglasung\n- Dach Individuallackierung in Schwarz Hochglanz\n- Außenspiegel elektr. verstell- und heizbar\n-Elektrische Heckklappe\n- Dachreling Hochglanz Shadow-Line\n- Hologramm Projektoren an den Vordertüren (M3 Schrifzug)\n\n|Assistenz|\n- Tempomat mit Bremsfunktion + Speed Limit Funktion\n- Aktiver Fernlichtassistent + adaptives Kurvenlicht\n- Totwinkelassistent\n-Spurhalteassistent (Lane Assist)\n- Fahrassistenz-System: Active Guard (Bremsassistent)\n-360 Kamera mit Top View\n- Park Distance Control (PDC) +\n- Parking Assistant (Autonomes Einparken)\n- Kamerabasierte Verkehrszeichenerkennung (Speed Assist)\n- Rückfahr Assistent\n- Aufmerksamkeits-Assistent\n- Halteassistent\n- Notrufassistent\n\nEs ist eine ASR Klappensteuerung (CB2) verbaut, mit denen die Klappen durch den Serienmäßigen Knopf in der Mittelkonsole oder über den Fahrmodus gesteuert werden kann (Kostenpunkt: 750).\nAußerdem sind die M3 CS Tagfahrlichter verbaut (jederzeit Rückrüstbar).\n\n\nDie im Internet gemachten Angaben sind unverbindliche Beschreibungen. Sie stellen keine zugesicherten Eigenschaften dar. Der Verkäufer haftet nicht für Tipp u. Datenübermittlungsfehler / Änderungen / Eingabefehler. Irrtümer vorbehalten. Fahrzeug wird noch bewegt - Km-Stand verändert sich somit noch",
  "dealerDetails": {
    "sellerType": "Private Seller",
    "country": "DE",
    "address": "DE-23556 Lübeck",
    "location": {
      "latitude": 53.87572,
      "longitude": 10.61742
    },
    "iconUrl": null,
    "reviewPageUrl": null,
    "score": null,
    "activeRatingCount": null,
    "vehicleAsDescribedPercentage": null,
    "recommendPercentage": null,
    "soldVehicleCount": null,
    "reviews": []
  },
  "attributes": {
    "Vehicle condition": "Used vehicle",
    "Category": "Estate car",
    "Mileage": "14,500 km",
    "Power": "375 kW (510 hp)",
    "Drive type": "Internal combustion engine",
    "Fuel": "Petrol",
    "Transmission": "Automatic",
    "Emissions Sticker": "4 (Green)",
    "First Registration": "02/2024",
    "HU": "02/2027",
    "Climatisation": "A/C (man.)",
    "Parking sensors": "Rear",
    "Colour (Manufacturer)": "GREY"
  },
  "features": [
    "ABS",
    "Alloy wheels",
    "Bluetooth",
    "Cruise control",
    "Full Service History",
    "Hands-free kit",
    "Heated seats",
    "Navigation system",
    "Tuner/radio"
  ]
},
{
  "title": "BMW M3 Competition *INDIVIDUAL*LASER*M-PERFORMANCE*C",
  "previewImage": "https://img.classistatic.de/api/v1/mo-prod/images/15/1583f249-e2ed-40e9-ab34-9410e8975857?rule=mo-1600.jpg",
  "category": "Limousine",
  "brand": "BMW",
  "model": "M3",
  "url": "https://suchen.mobile.de/fahrzeuge/details.html?id=421922831",
  "price.total.amount": 80850,
  "priceRating": {
    "rating": "Fair price",
    "priceRanges": {
      "Very good price": {
        "start": 55701,
        "end": 72300
      },
      "Good price": {
        "start": 72301,
        "end": 77900
      },
      "Fair price": {
        "start": 77901,
        "end": 86700
      },
      "Increased price": {
        "start": 86701,
        "end": 93000
      },
      "High price": {
        "start": 93001,
        "end": 103400
      }
    }
  },
  "description": "WWW.BOVENTA.DE\n\nDas Fahrzeug ist vollständig mit einer (entfernbaren) durchsichtigen Lackschutzfolie mit Matteffekt überklebt. Der Originallack ist sichtbar aber erscheint matt, statt glänzend.\n\nBESCHREIBUNG\n\nUnfallfrei\nkein Re-Import, deutsches Fahrzeug\nsehr gepflegter Zustand\nlückenlose Servicehistorie bei BMW\n\nSERVICE & WARTUNG\n\nLetzter Service: 12.02.2024\n\nReifenprofil VA: 5 mm\nReifenprofil HA: 5 mm\n\nBremsen vorne: sehr gut\nBremsen hinten: sehr gut\n\nHIGHLIGHTS\n\nM-Performance Carbon Frontspoiler\nM-Performance Carbon Seitenschweller\nPPF Folierung mit Matteffekt (Lackschutzfolie)\nH&R Distanzscheiben\nCarbon Sitzrückseite\nBMW Individuallackierung Oxid-Grau II Metallic \nExterieur-Paket M Carbon \nHeckdiffusor Carbon \nAbdeckkappen Außenspiegel M Carbon \nM Driver´s Package \nHead-up-Display \nKomfortzugang (Öffnungs- und Schließsystem) \nScheinwerfer Laserlicht \nRückfahrkamera (Top View) \nSurround-Kamerasystem (Surround View) \nSound-System Harman-Kardon \nScheinwerfer BMW Individual Shadow-Line \nAssistenzpaket:\n--- Driving Assistant Professional \n--- Spurwechselassistent \n--- Falschfahrwarnung \n--- Geschwindigkeits-Begrenzeranlage (Speed Limit Device) \n--- Geschwindigkeits-Regelanlage, Aktiv mit Stop&Go-Funktion \n--- Frontkollisionswarnung \n--- Heckaufprall-Vermeidung (Prävention Heckkollision) \n--- Kreuzungs-Assistent \n--- Querverkehrs-Assistent \n--- Ausweich-Assistent \n--- Ampel-Erkennung \n--- Spurwechsel-Warnsystem \n--- aktiver Spurhalteassistent \n--- Driving Assistant \n\nSONDERAUSSTATTUNG\n\nAktive Sitzbelüftung vorn \nBremsanlage: Compound - M Bremssystem (Bremssättel Schwarz) \nHeckklappenbetätigung automatisch \nInnenausstattung: Interieurleisten Carbon \nInnovations-Paket \nFahrassistenz-System: Fernlichtassistent \nLenkrad heizbar \nLM-Felgen vorn/hinten: 9,5x19 / 10,5x20 (Doppelspeichen 825 M, Bicolor, Schwarz) \nMetallic-Lackierung \nParkassistent-Paket Plus \nService-System: Remote 3D View \nFahrassistenz-System: Rückfahr-Assistent \nSonnenschutzverglasung (hinten abgedunkelt) \n\nFARBEN & INTERIEUR\n\nLackfarbe: Oxidgrau II Metallic\nInnenausstattung: Leder Merino Schwarz\n\nBOVENTA®\n\nEin wahr gewordener Traum für Sportwagen Fans. Als Spezialisten für Sportwagen ab 300 PS ist es unsere Mission, einen sicheren Ort zu schaffen, an dem du deinen Traum endlich erfüllen kannst. Unsere Auswahl an Autos steht für Power, Macht und Status. Alle Sportwagen werden von Hand ausgesucht und du erhältst nur das Beste vom Besten. Bei unserer seltenen Auswahl garantieren wir dir absoluten Fahrspaß, Wertstabilität und neidische Blicke.\n\nFinanzierung\nInzahlungnahme\nGarantie\nLieferung\nZulassung\n\nMehr Infos und hochauflösende Fotos unter www.boventa.de\n\nFINANZIERUNGSBEISPIEL\n\nMonatliche Rate: 830 EUR\nLaufzeit: 72 Monate\nEffektiver Jahreszins: 4,99 %\nAnzahlung: 16.770 EUR\nGesamtkreditbetrag: 67.080 EUR\nSchlussrate: 20.963 EUR\n\nAuch ohne Anzahlung möglich\n\nIrrtümer für dieses Inserat sind vorbehalten. Ausschlaggebend sind ausschließlich Vereinbarungen im Kaufvertrag.\n\n\n\nDas Fahrzeug wird nach Boventa Standards technisch und optisch geprüft und aufbereitet. Dabei werden, sofern notwendig, einzelne Bauteile ausgetauscht oder Lackierarbeiten durchgeführt. Änderungen, Zwischenverkauf und Irrtümer vorbehalten. Alle Angaben unverbindlich.",
  "dealerDetails": {
    "id": 14103330,
    "name": "Boventa GmbH",
    "sellerType": "Dealer",
    "phones": [
      "+49 (0)7428 408985536"
    ],
    "languages": [
      "Deutsch",
      "Slovenščina",
      "English",
      "Italiano",
      "Français",
      "Türkçe"
    ],
    "country": "DE",
    "address": "Robert-Bosch-Str. 32, DE-72348 Rosenfeld",
    "location": {
      "latitude": 48.2838143,
      "longitude": 8.7150462
    },
    "activeSince": "2015-12-08T00:00:00.000Z",
    "homepageUrl": "https://home.mobile.de/home/redirect.html?customerId=14103330",
    "iconUrl": "https://img.classistatic.de/api/v1/mo-prod/images/ed/ed62e426-ac83-4b36-9d5d-9a47cb7a0e85?rule=mo-640.jpg",
    "reviewPageUrl": "https://www.mobile.de/bewertungen/MAYSAUTOGALERIEGMBH?lang=en",
    "score": {
      "total": 4.7,
      "responseTime": 4.8,
      "friendliness": 4.8,
      "advice": 4.7
    },
    "activeRatingCount": 71,
    "vehicleAsDescribedPercentage": 98,
    "recommendPercentage": 94,
    "soldVehicleCount": null,
    "reviews": []
  },
  "attributes": {
    "Vehicle condition": "Used vehicle, Accident-free",
    "Category": "Saloon",
    "Model range": "G80",
    "Vehicle Number": "1386-013",
    "Availability": "Now",
    "Origin": "German edition",
    "Mileage": "12,221 km",
    "Cubic Capacity": "2,993 ccm",
    "Power": "375 kW (510 hp)",
    "Drive type": "Internal combustion engine",
    "Fuel": "Petrol, E10-enabled",
    "Number of Seats": "5",
    "Door Count": "4/5",
    "Transmission": "Automatic",
    "Emission Class": "Euro6d",
    "Emissions Sticker": "4 (Green)",
    "First Registration": "11/2021",
    "Number of Vehicle Owners": "1",
    "HU": "New",
    "Climatisation": "Automatic climatisation, 3 zones",
    "Parking sensors": "Front, Rear, 360° camera",
    "Airbags": "Front and Side and More Airbags",
    "Colour (Manufacturer)": "Oxidgrau II Metallic",
    "Colour": "Grey Metallic",
    "Interior Design": "Full leather, Black"
  },
  "features": [
    "ABS",
    "Adaptive cornering lights",
    "Alarm system",
    "Alloy wheels",
    "Ambient lighting",
    "Arm rest",
    "Autom. dimming interior mirror",
    "Bluetooth",
    "Cargo barrier",
    "CD player",
    "Central locking",
    "Cruise control",
    "DAB radio",
    "Dynamic chassis control",
    "Electric seat adjustment",
    "Electric side mirror",
    "Electric tailgate",
    "Electric windows",
    "Emergency brake assist",
    "Emergency call system",
    "ESP",
    "Fatigue warning system",
    "Folding exterior mirrors",
    "Full Service History",
    "Glare-free high beam headlights",
    "Hands-free kit",
    "Head-up display",
    "Heated seats",
    "Heated steering wheel",
    "High beam assist",
    "Hill-start assist",
    "Immobilizer",
    "Induction charging for smartphones",
    "Integrated music streaming",
    "Isofix",
    "Keyless central locking",
    "Lane change assist",
    "Laser headlights",
    "Leather steering wheel",
    "LED running lights",
    "Light sensor",
    "Lumbar support",
    "Multifunction steering wheel",
    "Navigation system",
    "Non-smoker vehicle",
    "On-board computer",
    "Paddle shifters",
    "Particulate filter",
    "Power Steering",
    "Rain sensor",
    "Rear wheel drive",
    "Seat ventilation",
    "Ski bag",
    "Sound system",
    "Speed limit control system",
    "Sport seats",
    "Sports package",
    "Sports suspension",
    "Start-stop system",
    "Summer tyres",
    "Tinted windows",
    "Touchscreen",
    "Traction control",
    "Traffic sign recognition",
    "Tuner/radio",
    "Tyre pressure monitoring",
    "USB port",
    "Voice control",
    "Warranty",
    "Winter package",
    "WLAN / Wi-Fi hotspot"
  ]
},
{
  "title": "BMW M3 Touring g81 | Schalensitze | KW | Grail",
  "previewImage": "https://img.classistatic.de/api/v1/mo-prod/images/54/54690885-410b-4391-827f-4b1212feacb3?rule=mo-1600.jpg",
  "category": "EstateCar",
  "brand": "BMW",
  "model": "M3",
  "url": "https://suchen.mobile.de/fahrzeuge/details.html?id=430127039",
  "price.total.amount": 83500,
  "priceRating": {
    "rating": "Good price",
    "priceRanges": {
      "Very good price": {
        "start": 60001,
        "end": 78000
      },
      "Good price": {
        "start": 78001,
        "end": 84000
      },
      "Fair price": {
        "start": 84001,
        "end": 93400
      },
      "Increased price": {
        "start": 93401,
        "end": 100300
      },
      "High price": {
        "start": 100301,
        "end": 111400
      }
    }
  },
  "description": "Zum Verkauf steht ein top gepflegter BMW m3 mit hochwertiger Werksausstattung und einige Extras für maximalen Fahrspaß und eine sportliche Optik.\n\nHighlights:\n✔ M Carbon-Schalensitze – Leichtbau & perfekter Seitenhalt\n✔ Grail Sportauspuffanlage – satter Sound, edles Design\n✔ KW Gewindefedern – sportlich abgestimmtes Fahrwerk\n✔ Vorsteiner Grill-Einsatz – markanter Look\n\nSonderausstattung:\n✅ M Compound-Bremse in Rot hochglänzend\n✅ M Shadow Line Leuchten\n✅ Sonnenschutzverglasung\n✅ Harman Kardon Surround Sound\n✅ BMW Live Cockpit Professional\n✅ Innovationspaket (Komfortzugang, Fernlichtassistent)\n✅ Driving Assistant Professional\n✅ BMW Laserlicht\n\n➡ Fahrzeug ist unfallfrei, gepflegt und sofort einsatzbereit.\n\nBesichtigung und Probefahrt nach Absprache möglich. Bei Interesse oder Fragen einfach melden!\n\n⸻\n\nRechtlicher Hinweis (Privatverkauf):\nDer Verkauf erfolgt unter Ausschluss jeglicher Sachmängelhaftung (Gewährleistung). Keine Garantie, keine Rücknahme. Die Fahrzeugbeschreibung wurde nach bestem Wissen und Gewissen erstellt. Irrtümer, Tippfehler und Zwischenverkauf vorbehalten.",
  "dealerDetails": {
    "id": 17005081,
    "sellerType": "Private Seller",
    "phones": [
      "+49 (0)170 1830658"
    ],
    "country": "DE",
    "address": "DE-78713 Schramberg",
    "location": {
      "latitude": 48.2341583,
      "longitude": 8.4374662
    },
    "iconUrl": null,
    "reviewPageUrl": null,
    "score": null,
    "activeRatingCount": null,
    "vehicleAsDescribedPercentage": null,
    "recommendPercentage": null,
    "soldVehicleCount": null,
    "reviews": []
  },
  "attributes": {
    "Vehicle condition": "Used vehicle, Accident-free",
    "Category": "Estate car",
    "Mileage": "19,500 km",
    "Cubic Capacity": "2,993 ccm",
    "Power": "375 kW (510 hp)",
    "Drive type": "Internal combustion engine",
    "Fuel": "Petrol",
    "Number of Seats": "5",
    "Door Count": "4/5",
    "Transmission": "Automatic",
    "First Registration": "03/2024",
    "Number of Vehicle Owners": "1",
    "Climatisation": "Automatic climatisation, 3 zones",
    "Parking sensors": "Rear, Front, Camera, Self-steering systems",
    "Colour": "Grey Metallic",
    "Interior Design": "Full leather, Red"
  },
  "features": [
    "ABS",
    "Adaptive cornering lights",
    "Adaptive Cruise Control",
    "Alarm system",
    "Alloy wheels",
    "Ambient lighting",
    "Android Auto",
    "Apple CarPlay",
    "Arm rest",
    "Autom. dimming interior mirror",
    "Blind spot assist",
    "Bluetooth",
    "Cargo barrier",
    "CD player",
    "Central locking",
    "DAB radio",
    "Digital cockpit",
    "Distance warning system",
    "Electric seat adjustment",
    "Electric side mirror",
    "Electric tailgate",
    "Electric windows",
    "Emergency brake assist",
    "Emergency call system",
    "ESP",
    "Fatigue warning system",
    "Four-wheel drive",
    "Full Service History",
    "Glare-free high beam headlights",
    "Hands-free kit",
    "Head-up display",
    "Heated seats",
    "High beam assist",
    "Hill-start assist",
    "Induction charging for smartphones",
    "Integrated music streaming",
    "Isofix",
    "Keyless central locking",
    "Lane change assist",
    "Laser headlights",
    "Leather steering wheel",
    "LED running lights",
    "Light sensor",
    "Lumbar support",
    "Multifunction steering wheel",
    "Navigation system",
    "Non-smoker vehicle",
    "On-board computer",
    "Paddle shifters",
    "Particulate filter",
    "Power Steering",
    "Rain sensor",
    "Sound system",
    "Speed limit control system",
    "Sport seats",
    "Sports package",
    "Sports suspension",
    "Start-stop system",
    "Summer tyres",
    "Touchscreen",
    "Traction control",
    "Traffic sign recognition",
    "Tuner/radio",
    "Tyre pressure monitoring",
    "USB port",
    "Voice control",
    "Warranty",
    "WLAN / Wi-Fi hotspot"
  ]
},
{
  "title": "BMW M3 Lim. Competition LASER~H&K~SCHALENSITZE~360°",
  "previewImage": "https://img.classistatic.de/api/v1/mo-prod/images/a0/a0958ae7-f204-439e-ab00-51769f68d6ac?rule=mo-1600.jpg",
  "category": "Limousine",
  "brand": "BMW",
  "model": "M3",
  "url": "https://suchen.mobile.de/fahrzeuge/details.html?id=433365861",
  "price.total.amount": 82900,
  "priceRating": {
    "rating": "Fair price",
    "priceRanges": {
      "Very good price": {
        "start": 57201,
        "end": 74300
      },
      "Good price": {
        "start": 74301,
        "end": 80100
      },
      "Fair price": {
        "start": 80101,
        "end": 89100
      },
      "Increased price": {
        "start": 89101,
        "end": 95600
      },
      "High price": {
        "start": 95601,
        "end": 106200
      }
    }
  },
  "description": "Auf Wunsch erhalten Sie bei uns eine Garantie für 12 - 24 Monate die europaweit gültig ist.\n\nWhatsApp +4917670586456\n\nWe also speak english/russian\n\nDeutsches Fahrzeug ~ Scheckheftgepflegt ~ Nichtraucherfahrzeug ~ 2-Hand\nBMW Individuallackierung Dravit-Grau Metallic\nBMW Live Cockpit Professional\nBremsanlage: Compound - M Bremssystem (Bremssättel Schwarz)\nExterieur-Paket M Carbon\nHeckklappenbetätigung automatisch\nInnenausstattung: Interieurleisten Carbon\nInnovations-Paket\nLM-Felgen vorn/hinten: 9,5x19 / 10,5x20 (Doppelspeiche 826 M, Schwarz)\nM Schalensitze Carbon\nParkassistent-Paket Plus\nScheinwerfer BMW Individual Shadow-Line\nSicherheitsgurte M\nSitzbezug / Polsterung: Voll-Leder Merino\nSonnenschutzverglasung (hinten abgedunkelt)\nSound-System Harman-Kardon\nAblage-Paket\nAdaptives Fahrwerk M-Technic\nAktives M Differential\nAmbiente-Beleuchtung\nAusstattungs-Paket: Connected Professional\nAußenausstattung: Shadow-Line\nAußenausstattung: Shadow-Line Hochglanz\nAußenausstattung: Shadow-Line Hochglanz (erweiterter Umfang)\nAußenspiegel elektr. verstell- und heizbar\nBedienelemente galvanisiert\nBlinkleuchte in Außenspiegel integriert\nBordcomputer\nCompetition\nDAB-Tuner (Radioempfang digital)\nDachhimmel Anthrazit (BMW Individual)\nDurchladeeinrichtung (Mittelarmlehne hinten\nDynamische Stabilitäts-Control (DSC) mit erweiterter Umfang\nEinstiegsleisten mit Einleger in Aluminium mit Schriftzug M\nErste Hilfe-Kasten / Verbandkasten\nFahrassistenz-System: Active Guard (Bremsassistent)\nFahrassistenz-System: Aufmerksamkeits-Assistent\nFreisprecheinrichtung Bluetooth mit USB-/Audio-Schnittstelle\nFußmatten Velours\nGepäckraumbeleuchtung\nGetriebe Automatik - mit Steptronic und Drivelogic (8-Stufen)\nGetränkehalter, Heckleuchten LED\nInduktionsladeschale für Smartphone (Wireless Charging)\nInnenspiegel mit Abblendautomatik\nInstrumentenkombination (erweiterter Umfang)\nIsofix-Aufnahmen für Kindersitz an Rücksitz\nKarosserie: 4-türig\nKennzeichenbeleuchtung LED\nKlimaautomatik 3-Zonen mit autom. Umluft-Control\nKopfstützen hinten klappbar\nLeichtbaudach (kohlefaserverstärkter Kunststoff, CFK)\nLenksäule (Lenkrad) elektr. verstellbar\nLeuchtweitenregelung\nM Drive (Fahrprofilauswahl)\nM Drive Professional (Fahrprofilauswahl)\nMotor 3,0 Ltr. - 375 kW 24V TwinTurbo KAT (S58)\nMultifunktion für Lenkrad\nNebelschlussleuchte(n)\nOtto-Partikelfilter (OPF)\nPark-Distance-Control (PDC) vorn und hinten\nParkbremse elektrisch\nReifendruck-Kontrollsystem\nReifenpannen-Anzeige\nSchadstoffarm nach Abgasnorm Euro 6d\nSchaltpunktanzeige\nService-System: Intelligenter Notruf inkl. TeleServices\nSitze vorn elektr. verstellbar (mit Memory)\nSpiegel-Paket\nSportdifferential\nStart-Stop-Knopf\nStart/Stop-Anlage (Funktion)\nSteckdose (12V-Anschluß) in Mittelkonsole vorn\nWarndreieck\nWidescreen Display\nWärme-/Sonnenschutzverglasung\nWärme-/Sonnenschutzverglasung kombiniert (hinten abgedunkelt)\nZu unseren zusätzlichen Serviceleistungen gehören:\n\n\nFahrzeuglieferung bis zum Wohnort möglich\nInzahlungnahme Ihres „alten“ Gebrauchtfahrzeugs\nFinanzierungen&Leasing zu Top – Konditionen – auch ohne Anzahlung!\nBeschaffung von Kurzzeit.- und Zollkennzeichen,\nAnmeldungen im Raum München\nVorführung zur Haupt.- und Abgasuntersuchung\n\nWir freuen uns auf Ihren Besuch zu folgenden Öffnungszeiten:\n\nMontag – Freitag von 08:30 Uhr bis 18:00 Uhr\nSamstags von 09:00 Uhr bis 16:00 Uhr\n\n\nHomepage : www.mobile.de/autoparknordgmbh\n\n\nÄnderungen, Zwischenverkauf und Irrtümer sind vorbehalten.",
  "dealerDetails": {
    "id": 5070861,
    "name": "Autopark Nord GmbH",
    "sellerType": "Dealer",
    "phones": [
      "+49 (0)89 2441622098"
    ],
    "messengers": {
      "WHATS_APP": "+49 (0)176 70586456"
    },
    "languages": [
      "Deutsch",
      "Pусский",
      "English",
      "Français",
      "Türkçe",
      "Nederlands"
    ],
    "country": "DE",
    "address": "Schatzbogen 40, DE-81829 München",
    "location": {
      "latitude": 48.1346707,
      "longitude": 11.6629892
    },
    "activeSince": "2010-12-09T00:00:00.000Z",
    "homepageUrl": "https://home.mobile.de/home/redirect.html?customerId=5070861",
    "iconUrl": "https://img.classistatic.de/api/v1/mo-prod/images/fa/faa5e7ab-1dcc-4da2-a69c-ccff515d6068?rule=mo-640.jpg",
    "reviewPageUrl": "https://www.mobile.de/bewertungen/AUTOPARKNORDGMBH?lang=en",
    "score": {
      "total": 4.7,
      "responseTime": 4.7,
      "friendliness": 4.7,
      "advice": 4.6
    },
    "activeRatingCount": 40,
    "vehicleAsDescribedPercentage": 94,
    "recommendPercentage": 94,
    "soldVehicleCount": null,
    "reviews": []
  },
  "attributes": {
    "Vehicle condition": "Used vehicle",
    "Category": "Saloon",
    "Model range": "Baureihe M3 Lim. (G80)(2020->)",
    "Trim line": "Competition",
    "Vehicle Number": "828070",
    "Mileage": "19,000 km",
    "Cubic Capacity": "2,993 ccm",
    "Power": "375 kW (510 hp)",
    "Drive type": "Internal combustion engine",
    "Fuel": "Petrol",
    "Number of Seats": "5",
    "Door Count": "4/5",
    "Transmission": "Automatic",
    "Emission Class": "Euro6d",
    "Emissions Sticker": "4 (Green)",
    "First Registration": "01/2023",
    "Number of Vehicle Owners": "2",
    "HU": "09/2026",
    "Climatisation": "Automatic climatisation, 3 zones",
    "Parking sensors": "360° camera, Front, Self-steering systems, Rear",
    "Colour (Manufacturer)": "DRAVITGRAU",
    "Colour": "Grey Metallic",
    "Interior Design": "Full leather, Black",
    "Weight": "1,805 kg",
    "Cylinders": "6",
    "Tank capacity": "59 l"
  },
  "features": [
    "ABS",
    "Adaptive cornering lights",
    "Alarm system",
    "Alloy wheels",
    "Ambient lighting",
    "Android Auto",
    "Apple CarPlay",
    "Arm rest",
    "Autom. dimming interior mirror",
    "Bluetooth",
    "Central locking",
    "Cruise control",
    "DAB radio",
    "Digital cockpit",
    "Distance warning system",
    "Electric seat adjustment",
    "Electric side mirror",
    "Electric tailgate",
    "Electric windows",
    "Eletric seat adjustment with memory function",
    "Emergency brake assist",
    "Emergency call system",
    "ESP",
    "Fatigue warning system",
    "Folding exterior mirrors",
    "Full Service History",
    "Glare-free high beam headlights",
    "Hands-free kit",
    "Head-up display",
    "Heated rear seats",
    "Heated seats",
    "High beam assist",
    "Hill-start assist",
    "Immobilizer",
    "Induction charging for smartphones",
    "Integrated music streaming",
    "Isofix",
    "Keyless central locking",
    "Lane change assist",
    "Laser headlights",
    "Leather steering wheel",
    "LED running lights",
    "Light sensor",
    "Multifunction steering wheel",
    "Navigation system",
    "Non-smoker vehicle",
    "On-board computer",
    "Paddle shifters",
    "Power Steering",
    "Rain sensor",
    "Rear wheel drive",
    "Sound system",
    "Speed limit control system",
    "Sport seats",
    "Sports package",
    "Sports suspension",
    "Start-stop system",
    "Tinted windows",
    "Touchscreen",
    "Traction control",
    "Tyre pressure monitoring",
    "USB port",
    "Voice control",
    "Warranty",
    "WLAN / Wi-Fi hotspot"
  ]
},
{
  "title": "BMW M3 Tour Competition M xDrive LCI DA-Pro,HUD,H/K",
  "previewImage": "https://img.classistatic.de/api/v1/mo-prod/images/c7/c7d6b2e6-0b09-44ce-8f4e-85a731853f1d?rule=mo-1600.jpg",
  "category": "EstateCar",
  "brand": "BMW",
  "model": "M3",
  "url": "https://suchen.mobile.de/fahrzeuge/details.html?id=422542178",
  "price.total.amount": 83530,
  "priceRating": {
    "rating": "Very good price",
    "priceRanges": {
      "Very good price": {
        "start": 68001,
        "end": 88400
      },
      "Good price": {
        "start": 88401,
        "end": 95200
      },
      "Fair price": {
        "start": 95201,
        "end": 105800
      },
      "Increased price": {
        "start": 105801,
        "end": 113600
      },
      "High price": {
        "start": 113601,
        "end": 126200
      }
    }
  },
  "description": "Verbrauch und Emission (WLTP)\nPrimärer Antrieb Verbrauch kombiniert: 10,40 l/100 km\nCO2 Emission kombiniert: 234 g/km\n\nGetriebe\nAutomatikgetriebe DriveLogic, 8 Gänge\n\nAusstattungslinie\nAusstattungslinie Exterieur: Competition\n\nAusstattungspakete\nAusstattungspaket: Connected Package Professional, Connected Professional (laufzeitgebundener Dienst)\nM Sportpaket\nOptikpaket: BMW Individual Hochglanz Shadow Line mit erweiterten Umfängen\nAblagepaket\nSpiegelpaket: Innen- und Außenspiegelpaket\n\nAssistenzsysteme\nHead-up-Display HUD\nFernlichtassistent\nBMW ParkAssistent: Parking Assistant Plus\nRückfahrkamera\nSurround View\nFahrlichtautomatik\nAktive Geschwindigkeitsregelung mit Stop & Go\nSpracheingabesystem\nMüdigkeitserkennung\nSpurwechselassistent\nSpurhalteassistent\nBremsassistent\nFahrerassistenzpaket: Driving Assistant Professional, Heckaufprall-Vermeidung, Parkassistent-Paket Plus, Rückfahr-Assistent\nActive Guard Auffahrwarnung\nVerkehrszeichenerkennung\nGespannstabilisierung\nAusparkhilfe\n\nLicht und Sicht\nAdaptiver LED-Scheinwerfer\nAdaptives Kurvenlicht\nTagfahrlicht\nRegensensor\nAutomatisch abblendende Innen- und Außenspiegel\nSonnen- und Wärmeschutzverglasung\nDynamische Leuchtweitenregulierung\nAmbientebeleuchtung\nLichtsensor\n\nAudio & Kommunikation\nMultimedia-System\nBMW Live Cockpit Professional: Augmented Reality\nRadio\nMulti-Funktions-Display\nDigitaler Radioempfang DAB\niDrive\nHarman/Kardon Soundsystem\nAudio-Schnittstelle\nBMW ConnectedDrive Services: ConnectedDrive Services (laufzeitgebundener Dienst), Connected Package Professional (laufzeitgebundener Dienst)\nHandyvorbereitung Bluetooth\nAndroid Auto u. Apple CarPlay\nKabelloses Laden für Handys: Ablage für Wireless Charging\nWLAN Hotspot: Personal eSIM\n\nKomfort\nBMW Live Cockpit Professional: BMW Curved Display\nKlimaautomatik, 3 Zonen\nFahrer-/Beifahrersitz elektrisch\nMemoryfunktion Fahrersitz\nLordosenstütze Fahrer/Beifahrer elektrisch\nSitzheizung Fahrer/Beifahrer\nSportsitze: M Sportsitze\nArmauflage vorn und hinten\nServolenkung\nLenksäule verstellbar\nKomfortzugang\nAuto Start Stop Funktion\nZentralver. mit Fernbedienung: mit Diebstahlsicherung und Crashsensor, BMW Digital Key\nFensterheber elektrisch 4-fach\nKopfstützen vorn und hinten: Fondkopfstützen klappbar\nAutomatische Heckklappenbetätigung\nM Drive: M Drive Professional\nGetränkehalter\n\nInterieur\nSitze Leder Merino Elfenbeinweiss\nInnenfarbe weiß\nMultifunktions-Sport-/Lederlenkrad: M, M Sicherheitsgurte, BMW Individual Dachhimmel anthrazit\nBordcomputer\nRücksitze klapp- und teilbar\nLaderaumabdeckung\nDurchladesystem\nDekoreinlagen: Interieurleisten Aluminium Rhombicle Anthrazit, Galvanikapplikation für Bedienelemente\nLenkrad-Schaltwippen\n\nExterieur\nAdaptives Fahrwerk\nAntrieb: Allrad\nM Sportfahrwerk: Adaptives M Fahrwerk\nTouchscreen Bedienung\nDifferentialsperre: Aktives M Differential\nCompound-Bremse: M Compound-Bremse schwarz hochglänzend, Dach und Spiegelkappen schwarz\nM Leichtmetallräder 20 Zoll: M Schmiederäder Doppelspeiche 826 M Schwarz / MB\nAußenspiegel elekt. anklappbar\nDachreling: BMW Individual Dachreling Hochglanz Shadow Line\nReifenpannenset\nInnovationspaket: II\nNotrufsystem: Intelligenter Notruf inkl. TeleServices (laufzeitgebundener Dienst)\nGeschwindigkeitsbegrenzer\nFahrzeugpersonalisierung: BMW ID\n\nSicherheit\nISOFIX Kindersitzbefestigung\nFußgängerschutzsystem: aktiv\nFahrer- /Beifahrerairbag\nKopfairbag vorn\nSeitenairbag vorn und hinten\nKnieairbag Fahrer\nDynamische Traktions Control DTC\nDynamische Stabilitäts Control DSC\nReifen Pannen Anzeige RPA\nDiebstahlwarnanlage\nWegfahrsperre\nAußentemperatur Anzeige\nAntiblockiersystem ABS\nProaktives Insassenschutzsystem: Active Protection\nNotbremsassistent\nAkustischer Umfeldschutz\nQuerverkehrswarnung\n\nWeitere Ausstattung\nAdaptives M Fahrwerk\nM Compound-Bremse schwarz hochglänzend\nM Sicherheitsgurte\nGalvanikapplikation für Bedienelemente\nTeleServices (laufzeitgebundener Dienst)\nConnectedPackage Professional\nM Dachhimmel Anthrazit\nM Hochglanz Shadow Line erweitert\nDach und Spiegelkappen schwarz\nFalschfahrwarnung\nAusweich-Assistent\nAmpel-Erkennung\nGepäckraum-Paket\nRemote 3D View (laufzeitgebundener Dienst)\nBeifahrerairbag-Deaktivierung\nGebrauchtwagensiegel: BMW Premium Selection\n\nFahrdaten\nvMax: 280 km/h\n\nDie im Inserat aufgeführten Ausstattungsmerkmale sind unverbindlich. Maßgeblich für den Kauf ist allein der schriftliche Kaufvertrag. Angaben im Inserat begründen keine Beschaffenheitsvereinbarung. Verbindliche Ausstattungsangaben werden ausschließlich im Kaufvertrag festgelegt.",
  "dealerDetails": {
    "id": 455733,
    "name": "WELLER Premium GmbH - BMW & MINI Vertragshändler",
    "sellerType": "Dealer",
    "phones": [
      "+49 (0)4171 546001859"
    ],
    "languages": [
      "Deutsch",
      "English",
      "Italiano"
    ],
    "country": "DE",
    "address": "Lüneburger Strasse 128-130, DE-21423 Winsen/Luhe",
    "location": {
      "latitude": 53.352141,
      "longitude": 10.2269953
    },
    "activeSince": "2000-10-18T00:00:00.000Z",
    "homepageUrl": "https://home.mobile.de/home/redirect.html?customerId=455733",
    "iconUrl": "https://img.classistatic.de/api/v1/mo-prod/images/f3/f369e058-47d6-48e0-b304-42745f9a7694?rule=mo-640.jpg",
    "reviewPageUrl": "https://www.mobile.de/bewertungen/B-K-WINSEN?lang=en",
    "score": {
      "total": 4.4,
      "responseTime": 4.5,
      "friendliness": 4.4,
      "advice": 4.2
    },
    "activeRatingCount": 46,
    "vehicleAsDescribedPercentage": 92,
    "recommendPercentage": 85,
    "soldVehicleCount": null,
    "reviews": []
  },
  "attributes": {
    "Vehicle condition": "Used vehicle, Accident-free",
    "Category": "Estate car, Employee's Car",
    "Trim line": "Competition",
    "Vehicle Number": "1618316",
    "Availability": "Now",
    "Origin": "German edition",
    "Mileage": "19,225 km",
    "Cubic Capacity": "3,000 ccm",
    "Power": "390 kW (530 hp)",
    "Drive type": "Internal combustion engine",
    "Fuel": "Petrol",
    "CO₂ class": "Based on CO₂ emissions (combined)",
    "Fuel consumption": [
      "10.4 l/100km (combined)"
    ],
    "Energy costs for 15,000 km annual mileage": "€2,802/Year",
    "Fuel price": "€1.80/l (annual average 2024)",
    "Possible CO₂ costs over the next 10 years (15,000 km/year)": [
      "€4,036 (assuming an average CO₂ price of €115/t)",
      "€1,755 (assuming a low average CO₂ price of €50/t)",
      "€6,669 (assuming a high average CO₂ price of €190/t)"
    ],
    "Vehicle tax": "€476/Year",
    "Number of Seats": "5",
    "Door Count": "4/5",
    "Transmission": "Automatic",
    "Emission Class": "Euro6d",
    "Emissions Sticker": "4 (Green)",
    "First Registration": "07/2024",
    "Number of Vehicle Owners": "1",
    "HU": "New",
    "Climatisation": "Automatic climatisation, 3 zones",
    "Parking sensors": "Rear, 360° camera, Front, Self-steering systems",
    "Airbags": "Front and Side and More Airbags",
    "Colour (Manufacturer)": "Isle of Man Grün",
    "Colour": "Green Metallic",
    "Interior Design": "Full leather",
    "Cylinders": "6",
    "Energy consumption (comb.)": "10.4 l/100km",
    "CO₂ emissions (comb.)": "234 g/km"
  },
  "features": [
    "ABS",
    "Adaptive cornering lights",
    "Adaptive Cruise Control",
    "Alarm system",
    "Alloy wheels",
    "Ambient lighting",
    "Android Auto",
    "Apple CarPlay",
    "Arm rest",
    "Autom. dimming interior mirror",
    "Blind spot assist",
    "Bluetooth",
    "Central locking",
    "DAB radio",
    "Daytime running lights",
    "Digital cockpit",
    "Distance warning system",
    "Dynamic chassis control",
    "Electric seat adjustment",
    "Electric side mirror",
    "Electric tailgate",
    "Electric windows",
    "Eletric seat adjustment with memory function",
    "Emergency brake assist",
    "Emergency call system",
    "Emergency tyre repair kit",
    "ESP",
    "Folding exterior mirrors",
    "Four-wheel drive",
    "Full Service History",
    "Hands-free kit",
    "Head-up display",
    "Heated seats",
    "High beam assist",
    "Immobilizer",
    "Induction charging for smartphones",
    "Isofix",
    "Keyless central locking",
    "Lane change assist",
    "Leather steering wheel",
    "LED headlights",
    "Light sensor",
    "Lumbar support",
    "Multifunction steering wheel",
    "Navigation system",
    "Non-smoker vehicle",
    "On-board computer",
    "Paddle shifters",
    "Power Steering",
    "Rain sensor",
    "Rear traffic alert",
    "Roof rack",
    "Sound system",
    "Speed limit control system",
    "Sport seats",
    "Sports package",
    "Sports suspension",
    "Start-stop system",
    "Touchscreen",
    "Traction control",
    "Traffic sign recognition",
    "Tuner/radio",
    "Tyre pressure monitoring",
    "Voice control",
    "Warranty",
    "WLAN / Wi-Fi hotspot"
  ]
},
{
  "title": "BMW M3 Competition M xDrive Touring Harman/K Laser",
  "previewImage": "https://img.classistatic.de/api/v1/mo-prod/images/d8/d830918c-dbbc-4764-8638-314ef35e2585?rule=mo-1600.jpg",
  "category": "EstateCar",
  "brand": "BMW",
  "model": "M3",
  "url": "https://suchen.mobile.de/fahrzeuge/details.html?id=431855483",
  "price.total.amount": 84400,
  "priceRating": {
    "rating": "Good price",
    "priceRanges": {
      "Very good price": {
        "start": 60601,
        "end": 78800
      },
      "Good price": {
        "start": 78801,
        "end": 84900
      },
      "Fair price": {
        "start": 84901,
        "end": 94400
      },
      "Increased price": {
        "start": 94401,
        "end": 101300
      },
      "High price": {
        "start": 101301,
        "end": 112600
      }
    }
  },
  "description": "Antrieb, Fahrwerk\nAdaptives M Fahrwerk\nAllrad\nM Sportdifferenzial\n\nEditionen und Pakete\nAblagenpaket\nConnected Package Professional (laufzeitgebundener Dienst)\nConnectedDrive Services (laufzeitgebundener Dienst)\nInnovationspaket\n\nExterieur\nDach und Spiegelkappen schwarz\nDachreling\n\nFahrerassistenz\nDriving Assistant\nGeschwindigkeitsregelung mit Bremsfunktion\nGesetzlicher Notruf\nParking Assistant\nTeleservices\n\nIndividualumfänge\nM Dachreling Hochglanz Shadow Line\nM Hochglanz Shadow Line\nM Hochglanz Shadow Line mit erweiterten Umfängen\n\nKomfort, Innenausstattung\nAkustikverglasung\nFondkopfstützen klappbar\nGalvanikapplikation für Bedienelemente\nInnen- und Außenspiegelpaket\nKlimaautomatik\nKomfortzugang\nLenkradheizung\nLordosenstütze für Fahrer und Beifahrer\nM Interieurleisten 'Carbon Fibre'\nM Sicherheitsgurte\nM Sportsitze\nSitzheizung für Fahrer und Beifahrer\nSitzverstellung elektrisch\nSitzverstellung elektrisch mit Memory für Fahrersitz\nSonnenschutzverglasung\n\nMultimedia\nBMW Live Cockpit Professional (laufzeitgebundener Dienst)\nDAB Tuner\nHarman Kardon Surround Sound System\n\nSitzbezug\nLeder Merino Silverstone/Schwarz\n\nSonstiges\nAblage für Wireless Charging\nABS\nActive Guard\nBlow by-Heizer\nBMW Apps\nCOC Zusatzumfänge\nIndividual\nKlimaanlage oder -automatik\nLeder\nLordose\nM Drive Professional\nM Leuchten Shadow Line\nReifenreparatur Set\nSitzheizung\nSportfahrwerk\nSteuerung EfficientDynamics\nSteuerung Karosserie\nTempomat\nUnfallfrei\n\nUmwelt, Sicherheit\nAbgasnorm EU6 RDE II\nActive Protection\nAktiver Fussgängerschutz\nAlarmanlage mit Fernbedienung\nBeifahrerairbag-Deaktivierung\nBMW Laserlicht\nFernlichtassistent\nInnenspiegel automatisch abblendend\n\nWeiteres\nLeichtmetallräder Irrtümer und Zwischenverkauf vorbehalten.",
  "dealerDetails": {
    "id": 452767,
    "name": "BMW AG Niederlassung Hannover",
    "sellerType": "Dealer",
    "phones": [
      "+49 (0)511 5152211055"
    ],
    "languages": [
      "Deutsch",
      "English"
    ],
    "country": "DE",
    "address": "Lissabonner Allee 3, DE-30539 Hannover",
    "location": {
      "latitude": 52.3192617,
      "longitude": 9.818079599999999
    },
    "activeSince": "2001-01-23T00:00:00.000Z",
    "homepageUrl": "https://home.mobile.de/home/redirect.html?customerId=452767",
    "iconUrl": "https://img.classistatic.de/api/v1/mo-prod/images/fa/fa3f6e8b-eb42-4850-8efd-b2b2ac8db443?rule=mo-640.jpg",
    "reviewPageUrl": "https://www.mobile.de/bewertungen/BMW-HANNOVER?lang=en",
    "score": {
      "total": 4.5,
      "responseTime": 4.7,
      "friendliness": 4.6,
      "advice": 4.3
    },
    "activeRatingCount": 56,
    "vehicleAsDescribedPercentage": 97,
    "recommendPercentage": 95,
    "soldVehicleCount": null,
    "reviews": []
  },
  "attributes": {
    "Vehicle condition": "Used vehicle",
    "Category": "Estate car, Employee's Car",
    "Model range": "M3 touring",
    "Trim line": "M xDrive Touring Harman/K Laser",
    "Vehicle Number": "10080098",
    "Availability": "Now",
    "Origin": "German edition",
    "Mileage": "20,301 km",
    "Cubic Capacity": "2,993 ccm",
    "Power": "375 kW (510 hp)",
    "Drive type": "Internal combustion engine",
    "Fuel": "Petrol, E10-enabled",
    "Number of Seats": "5",
    "Door Count": "4/5",
    "Transmission": "Manual gearbox",
    "Emission Class": "Euro6",
    "Emissions Sticker": "4 (Green)",
    "First Registration": "06/2024",
    "Construction Year": "2024",
    "Number of Vehicle Owners": "1",
    "HU": "06/2025",
    "Climatisation": "Automatic air conditioning",
    "Parking sensors": "Self-steering systems, Rear, Front",
    "Airbags": "Front Airbags",
    "Colour (Manufacturer)": "saphirschwarz",
    "Colour": "Black Metallic",
    "Interior Design": "Full leather, Black"
  },
  "features": [
    "ABS",
    "Adaptive cornering lights",
    "Alarm system",
    "Alloy wheels",
    "Autom. dimming interior mirror",
    "Bluetooth",
    "Central locking",
    "Cruise control",
    "DAB radio",
    "Digital cockpit",
    "Electric seat adjustment",
    "Electric windows",
    "Eletric seat adjustment with memory function",
    "Emergency call system",
    "ESP",
    "Four-wheel drive",
    "Full Service History",
    "Glare-free high beam headlights",
    "Hands-free kit",
    "Heated seats",
    "Heated steering wheel",
    "High beam assist",
    "Hill-start assist",
    "Immobilizer",
    "Induction charging for smartphones",
    "Isofix",
    "Keyless central locking",
    "Laser headlights",
    "Light sensor",
    "Lumbar support",
    "Multifunction steering wheel",
    "Navigation system",
    "On-board computer",
    "Power Steering",
    "Rain sensor",
    "Roof rack",
    "Sound system",
    "Sport seats",
    "Sports suspension",
    "Start-stop system",
    "Tinted windows",
    "Touchscreen",
    "Traction control",
    "Tuner/radio",
    "Voice control",
    "Warranty"
  ]
},
{
  "title": "BMW M3 xDrive Competition Touring Modelljahr 2025",
  "previewImage": "https://img.classistatic.de/api/v1/mo-prod/images/1f/1f7f3038-4f2f-45d7-b8fd-d7a462a24477?rule=mo-1600.jpg",
  "category": "EstateCar",
  "brand": "BMW",
  "model": "M3",
  "url": "https://suchen.mobile.de/fahrzeuge/details.html?id=394128878",
  "price.total.amount": 84290,
  "priceRating": {
    "rating": "Very good price",
    "priceRanges": {
      "Very good price": {
        "start": 70901,
        "end": 92200
      },
      "Good price": {
        "start": 92201,
        "end": 99300
      },
      "Fair price": {
        "start": 99301,
        "end": 110400
      },
      "Increased price": {
        "start": 110401,
        "end": 118500
      },
      "High price": {
        "start": 118501,
        "end": 131700
      }
    }
  },
  "description": "So gelangen Sie direkt zum Angebot: kopieren Sie einfach den folgenden Link in die Adresszeile: https://apmk.eu/mc/6708/1\nund stellen Sie sich mittels unseres bedienerfreundlichen Konfigurators Ihr Wunschfahrzeug zusammen.\n\nFür dieses Fahrzeug sind alle Motorisierungen und Ausstattungsvarianten verfügbar, welche der Hersteller anbietet. Des Weiteren kann es ganz nach Ihren Wünschen konfiguriert und bestellt werden.\n\nDie angegebenen Preise sind inkl. Überführung bis zu unserem Standort in 82407 Wielenbach. Eine Bezahlung erst bei Abholung bzw. Anlieferung (zum Selbstkostenpreis für maximal 650,- € innerhalb Deutschlands) ist möglich.\n\nBei dem hier angebotenen Fahrzeug handelt es sich um einen Neuwagen, der nach Ihren Wünschen produziert wird. Wenn Sie andere Sonderausstattungen, eine andere Farbe, andere Polster oder auch andere Felgen wünschen, dann besuchen Sie einfach unsere Homepage www.auto-per-mausklick.de und stellen sich Ihr Traumauto nach Belieben zusammen.\nFalls Sie noch etwaige Fragen oder Anregungen haben, melden Sie sich einfach unter der Telefonnummer 08158 / 914 89 62 oder schreiben Sie uns eine E-Mail an info@auto-per-mausklick.de. Das Team von EU-Neuwagen Knott kümmert sich schnellstmöglich um Ihre Angelegenheiten.\n\nIhre Vorteile bei einem Kauf eines Neufahrzeugs über EU-Neuwagen Knott:\nVolle Herstellergarantie\nOption der Garantieverlängerung\nUnschlagbare Einkaufspreise durch Großhandelskonditionen für alle Marken\nBezahlung erst bei Übergabe Ihres Fahrzeuges\nLieferung bis vor die Haustüre zum Selbstkostenpreis möglich innerhalb von Deutschland für maximal 650,- € auf Anfrage auch in weitere EU-Länder möglich\nMöglichkeit der Inzahlungnahme Ihres alten Autos durch unseren externen Partner\nVertrag nach deutschem Recht, keine Vermittlung\nFinanzierungs- und Leasingmöglichkeit über unsere Hausbank oder einen externen Partner (bzw. einer Leasinggesellschaft oder Finanzierungsbank Ihrer Wahl)\nVerfügbarkeit von über 15 Fahrzeugmarken\nLagerfahrzeuge auf Nachfrage, verfügbar über verschiedene Partnerhändler\nLangjährige Erfahrung (seit 2001) im EU-Neuwagenhandel und ausgezeichnet mit dem Fairnespreis 2024 \n\n\nHinweis:\nBilder dienen nur zur Illustration und können unter Umständen Sonderausstattungen aufweisen\nBei EU-Fahrzeugen kann die Serienausstattung vom deutschen Modell abweichen, die zugehörige Serienausstattung finden Sie nachfolgend oder auf unserer Homepage www.auto-per-mausklick.de\n\nHinweise zur aktuellen Corona-Krise:\nWir sind weiterhin per Mail und Telefon für Sie erreichbar!\nFahrzeugrabatte derzeit so hoch wie nie!!",
  "dealerDetails": {
    "id": 11813924,
    "name": "EU Neuwagen Knott GmbH",
    "sellerType": "Dealer",
    "phones": [
      "+49 (0)8158 925991991"
    ],
    "languages": [
      "Deutsch",
      "English",
      "Italiano",
      "Français",
      "Polski",
      "Română",
      "Magyar",
      "Español"
    ],
    "country": "DE",
    "address": "Ammerring 16, DE-82407 Wielenbach",
    "location": {
      "latitude": 47.8809958,
      "longitude": 11.1607451
    },
    "activeSince": "2014-06-25T00:00:00.000Z",
    "homepageUrl": "https://home.mobile.de/home/redirect.html?customerId=11813924",
    "iconUrl": "https://img.classistatic.de/api/v1/mo-prod/images/4e/4ef909b9-f45e-43e7-b119-214e4abf1862?rule=mo-640.jpg",
    "reviewPageUrl": "https://www.mobile.de/bewertungen/EUNEUWAGENKNOTT?lang=en",
    "score": {
      "total": 4.9,
      "responseTime": 4.9,
      "friendliness": 4.9,
      "advice": 4.9
    },
    "activeRatingCount": 138,
    "vehicleAsDescribedPercentage": 99,
    "recommendPercentage": 98,
    "soldVehicleCount": null,
    "reviews": []
  },
  "attributes": {
    "Vehicle condition": "New vehicle, Accident-free",
    "Category": "Estate car",
    "Trim line": "M3 Competition",
    "Availability": "Available in 6 months after order",
    "Origin": "EU edition",
    "Cubic Capacity": "2,993 ccm",
    "Power": "390 kW (530 hp)",
    "Drive type": "Internal combustion engine",
    "Fuel": "Petrol, E10-enabled",
    "CO₂ class": "Based on CO₂ emissions (combined)",
    "Fuel consumption": [
      "10.4 l/100km (combined)",
      "15.5 l/100km (city)",
      "10.3 l/100km (suburban)",
      "9.0 l/100km (country road)",
      "9.8 l/100km (motorway)"
    ],
    "Door Count": "4/5",
    "Transmission": "Automatic",
    "Climatisation": "Automatic climatisation, 3 zones",
    "Parking sensors": "Camera, Self-steering systems, Front, Rear",
    "Airbags": "Front and Side and More Airbags",
    "Colour (Manufacturer)": "wählbar",
    "Interior Design": "Full leather, Black",
    "Energy consumption (comb.)": "10.4 l/100km",
    "CO₂ emissions (comb.)": "235 g/km"
  },
  "features": [
    "ABS",
    "Alarm system",
    "Alloy wheels",
    "Ambient lighting",
    "Android Auto",
    "Apple CarPlay",
    "Arm rest",
    "Autom. dimming interior mirror",
    "Bluetooth",
    "Central locking",
    "Cruise control",
    "DAB radio",
    "Digital cockpit",
    "Distance warning system",
    "Electric seat adjustment",
    "Electric side mirror",
    "Electric tailgate",
    "Electric windows",
    "Emergency brake assist",
    "Emergency call system",
    "Emergency tyre repair kit",
    "ESP",
    "Fatigue warning system",
    "Four-wheel drive",
    "Glare-free high beam headlights",
    "Hands-free kit",
    "Head-up display",
    "Heated rear seats",
    "Heated seats",
    "High beam assist",
    "Hill-start assist",
    "Immobilizer",
    "Induction charging for smartphones",
    "Integrated music streaming",
    "Isofix",
    "Keyless central locking",
    "Lane change assist",
    "Leather steering wheel",
    "LED headlights",
    "LED running lights",
    "Light sensor",
    "Lumbar support",
    "Multifunction steering wheel",
    "Navigation system",
    "Non-smoker vehicle",
    "On-board computer",
    "Paddle shifters",
    "Passenger seat Isofix point",
    "Power Steering",
    "Rain sensor",
    "Roof rack",
    "Sound system",
    "Speed limit control system",
    "Sport seats",
    "Sports package",
    "Sports suspension",
    "Start-stop system",
    "Summer tyres",
    "Touchscreen",
    "Traction control",
    "Traffic sign recognition",
    "Tuner/radio",
    "Tyre pressure monitoring",
    "USB port",
    "Voice control",
    "Warranty"
  ]
},
{
  "title": "BMW M3 Touring xDrive Competition | D-Fzg | 1. Hand",
  "previewImage": "https://img.classistatic.de/api/v1/mo-prod/images/21/2160a35b-2440-45a4-a897-97a02a1e1bc0?rule=mo-1600.jpg",
  "category": "EstateCar",
  "brand": "BMW",
  "model": "M3",
  "url": "https://suchen.mobile.de/fahrzeuge/details.html?id=430196918",
  "price.total.amount": 83950,
  "priceRating": {
    "rating": "Good price",
    "priceRanges": {
      "Very good price": {
        "start": 62801,
        "end": 81600
      },
      "Good price": {
        "start": 81601,
        "end": 87900
      },
      "Fair price": {
        "start": 87901,
        "end": 97800
      },
      "Increased price": {
        "start": 97801,
        "end": 104900
      },
      "High price": {
        "start": 104901,
        "end": 116600
      }
    }
  },
  "description": "Angeboten wird ein neuwertiger BMW M3 Touring xDrive Competition in Skyscraper Grau aus 1. Hand\n\n- Sehr gepflegter Allgemeinzustand\n- 1. Hand\n- Unfallfrei\n- Deutsches Fahrzeug\n- Scheckheftgepflegt\n- BMW Herstellergarantie bis 07/2026\n- MwSt. ausweisbar\n\nSonderausstattung:\n\nAktive Sitzbelüftung vorn, Bremsanlage: Compound - M Bremssystem (Bremssättel Schwarz), Fahrassistenz-System: Driving Assistant Professional, Gepäckraum-Paket, Innenausstattung: Interieurleisten Alu Rhombicle mit Akzentleiste, Innovations-Paket, Lenkrad heizbar, LM-Felgen, M Driver´s Package, Metallic-Lackierung, Parkassistent-Paket, Reifen-Reparaturset (Mobility-Pack), Scheinwerfer BMW Individual Shadow-Line, Sonnenschutzverglasung (hinten abgedunkelt), Sound-System Harman-Kardon\n\nWeitere Ausstattung:\n\nAblage-Paket, Adaptives Fahrwerk M-Technic, Airbag Beifahrerseite abschaltbar, Aktives M Differential, Ambiente-Beleuchtung, Ausstattungs-Paket: Connected Professional, Außenausstattung: Shadow-Line Hochglanz, Außenausstattung: Shadow-Line Hochglanz (erweiterter Umfang), Außenspiegel elektr. verstell- und heizbar, Bedienelemente galvanisiert, BMW Live Cockpit Plus, Bordcomputer, Competition, DAB-Tuner (Radioempfang digital), Dachhimmel Anthrazit (BMW Individual), Dachreling Hochglanz Shadow-Line, Diebstahlsicherung für Räder (Felgenschlösser), Durchladeeinrichtung (Mittelarmlehne hinten), Dynamische Stabilitäts-Control (DSC) mit erweiterter Umfang, Einstiegsleisten mit Einleger in Aluminium mit Schriftzug M, Erste Hilfe-Kasten / Verbandkasten, Fahrassistenz-System: Active Guard (Bremsassistent), Fahrassistenz-System: Aufmerksamkeits-Assistent, Freisprecheinrichtung Bluetooth mit USB-/Audio-Schnittstelle, Fußmatten Velours, Gepäckraumbeleuchtung, Getriebe Automatik - mit Steptronic und Drivelogic (8-Stufen), Getränkehalter, Heckklappenbetätigung automatisch, Heckleuchten LED, Induktionsladeschale für Smartphone (Wireless Charging), Innenausstattung: Interieurleisten, schwarz hochglänzend, Innenspiegel mit Abblendautomatik, Instrumentenkombination (erweiterter Umfang), Isofix-Aufnahmen für Kindersitz an Rücksitz, Karosserie: 5-türig, Kennzeichenbeleuchtung LED, Klimaautomatik 3-Zonen mit autom. Umluft-Control, Knieairbag Fahrerseite, Kopf-Airbag-System hinten, Kopf-Airbag-System vorn, Kopfstützen hinten klappbar, Lenksäule (Lenkrad) elektr. verstellbar, Leuchtweitenregelung, M Drive (Fahrprofilauswahl), M Drive Professional (Fahrprofilauswahl), Motor 3,0 Ltr. - 375 kW 24V TwinTurbo KAT (S58), Nebelschlussleuchte(n), Otto-Partikelfilter (OPF), Park-Distance-Control (PDC) vorn und hinten, Parkbremse elektrisch, Reifendruck-Kontrollsystem, Reifenpannen-Anzeige, Schadstoffarm nach Abgasnorm Euro 6d, Schaltpunktanzeige, Seitenairbag vorn, Service-System: ConnectedDrive Services, Service-System: Gesetzlicher Notruf, Service-System: Intelligenter Notruf inkl. TeleServices, Sitzbezug / Polsterung: Leder Merino (erweiterter Umfang), Sitze vorn elektr. verstellbar (mit Memory), Spiegel-Paket, Sportdifferential, Sportsitze vorn (M-Technic), Start-Stop-Knopf, Start/Stop-Anlage (Funktion), Steckdose (12V-Anschluß) in Mittelkonsole vorn, Warndreieck, Widescreen Display, Wärme-/Sonnenschutzverglasung, Wärme-/Sonnenschutzverglasung kombiniert (hinten abgedunkelt)\n\n\n\nEine Besichtigung des Fahrzeugs ist nur nach vorheriger Terminvereinbarung möglich / Visits are only possible by appointment\n\nGerne lassen wir Ihnen weitere Informationen zum Fahrzeug zukommen.\n\nUnser gesamtes Angebot finden Sie unter\nwww.Automotive-Masters.de\n\n\nWir bieten Ihnen ∗:\n\n- Gebrauchtwagengarantien\n- Attraktive Finanzierungs- und Leasingangebote\n- Ankauf bzw. Vermittlung Ihres Gebrauchtwagens\n\n∗(je nach Fahrzeugtyp und vorheriger Prüfung)\n\n\nDie im Internet gemachten Angaben sind unverbindliche Beschreibungen. Sie stellen keine zugesicherten Eigenschaften dar. Der Verkäufer haftet nicht für Tipp u. Datenübermittlungsfehler / Änderungen / Eingabefehler. Irrtümer / Zwischenverkauf vorbehalten.",
  "dealerDetails": {
    "id": 9683558,
    "name": "Automotive-Masters GmbH in der Motorworld Region Stuttgart",
    "sellerType": "Dealer",
    "phones": [
      "+49 (0)7031 209724307"
    ],
    "languages": [
      "Deutsch",
      "English"
    ],
    "country": "DE",
    "address": "Graf-Zeppelin-Platz 1, DE-71034 Böblingen",
    "location": {
      "latitude": 48.69021799999999,
      "longitude": 9.003805
    },
    "activeSince": "2013-04-04T00:00:00.000Z",
    "homepageUrl": "https://home.mobile.de/home/redirect.html?customerId=9683558",
    "iconUrl": "https://img.classistatic.de/api/v1/mo-prod/images/a5/a5448f01-1398-4066-a0d1-6484729e9245?rule=mo-640.jpg",
    "reviewPageUrl": "https://www.mobile.de/bewertungen/AUTOMOTIVEMASTERS?lang=en",
    "score": {
      "total": 4.5,
      "responseTime": 4.5,
      "friendliness": 4.7,
      "advice": 4.4
    },
    "activeRatingCount": 18,
    "vehicleAsDescribedPercentage": 100,
    "recommendPercentage": 88,
    "soldVehicleCount": null,
    "reviews": []
  },
  "attributes": {
    "Vehicle condition": "Used vehicle, Accident-free",
    "Category": "Estate car",
    "Model range": "Baureihe M3 Touring (G81)(2022->)",
    "Trim line": "xDrive Competition",
    "Origin": "German edition",
    "Mileage": "7,000 km",
    "Cubic Capacity": "2,993 ccm",
    "Power": "375 kW (510 hp)",
    "Drive type": "Internal combustion engine",
    "Fuel": "Petrol",
    "Number of Seats": "5",
    "Door Count": "4/5",
    "Transmission": "Automatic",
    "Emission Class": "Euro6d",
    "Emissions Sticker": "4 (Green)",
    "First Registration": "06/2024",
    "Number of Vehicle Owners": "1",
    "HU": "06/2027",
    "Climatisation": "Automatic climatisation, 3 zones",
    "Parking sensors": "Front, 360° camera, Rear",
    "Airbags": "Front and Side and More Airbags",
    "Colour (Manufacturer)": "SKYSCRAPER GRAU",
    "Colour": "Grey Metallic",
    "Interior Design": "Full leather, Other",
    "Cylinders": "6",
    "Tank capacity": "59 l"
  },
  "features": [
    "ABS",
    "Adaptive lighting",
    "Alarm system",
    "Alloy wheels",
    "Ambient lighting",
    "Arm rest",
    "Autom. dimming interior mirror",
    "Blind spot assist",
    "Bluetooth",
    "Cargo barrier",
    "Central locking",
    "Cruise control",
    "DAB radio",
    "Digital cockpit",
    "Distance warning system",
    "Electric seat adjustment",
    "Electric side mirror",
    "Electric tailgate",
    "Electric windows",
    "Emergency brake assist",
    "Emergency call system",
    "Emergency tyre repair kit",
    "ESP",
    "Fatigue warning system",
    "Fog lamp",
    "Four-wheel drive",
    "Full Service History",
    "Hands-free kit",
    "Headlight washer system",
    "Heated rear seats",
    "Heated seats",
    "Heated steering wheel",
    "High beam assist",
    "Hill-start assist",
    "Immobilizer",
    "Induction charging for smartphones",
    "Isofix",
    "Keyless central locking",
    "Lane change assist",
    "Leather steering wheel",
    "LED headlights",
    "LED running lights",
    "Light sensor",
    "Multifunction steering wheel",
    "Navigation system",
    "Non-smoker vehicle",
    "On-board computer",
    "Paddle shifters",
    "Particulate filter",
    "Power Steering",
    "Rain sensor",
    "Roof rack",
    "Seat ventilation",
    "Sound system",
    "Sport seats",
    "Sports package",
    "Sports suspension",
    "Start-stop system",
    "Summer tyres",
    "Tinted windows",
    "Touchscreen",
    "Traction control",
    "Tuner/radio",
    "Tyre pressure monitoring",
    "USB port",
    "Voice control",
    "Warranty"
  ]
},
{
  "title": "BMW M3 Touring xDrive Competition",
  "previewImage": "https://img.classistatic.de/api/v1/mo-prod/images/35/35b79afc-ac01-49e5-aee9-18a01f654c34?rule=mo-1600.jpg",
  "category": "EstateCar",
  "brand": "BMW",
  "model": "M3",
  "url": "https://suchen.mobile.de/fahrzeuge/details.html?id=427333222",
  "price.total.amount": 84900,
  "priceRating": {
    "rating": "Good price",
    "priceRanges": {
      "Very good price": {
        "start": 61001,
        "end": 79400
      },
      "Good price": {
        "start": 79401,
        "end": 85500
      },
      "Fair price": {
        "start": 85501,
        "end": 95000
      },
      "Increased price": {
        "start": 95001,
        "end": 102000
      },
      "High price": {
        "start": 102001,
        "end": 113400
      }
    }
  },
  "description": "Aus 1. Hand\nUnfallfrei und nicht nachlackiert \nWhatsApp 01714102625\nDirekt Info.01714102625\nSonderausstattung:\n\nBMW Live Cockpit Professional, Bremsanlage: Compound - M Bremssystem (Bremssättel Rot), Fahrassistenz-System: Driving Assistant Professional, Innovations-Paket, Instrumententafel Sensatec, LM-Felgen, M Driver´s Package, Metallic-Lackierung, Parkassistent-Paket, Scheinwerfer BMW Individual Shadow-Line, Sicherheitsgurte M, Sonnenschutzverglasung (hinten abgedunkelt), Sound-System Harman-Kardon\n\nWeitere Ausstattung:\nAblage-Paket, Adaptives Fahrwerk M-Technic, Airbag Beifahrerseite abschaltbar, Aktives M Differential, Ambiente-Beleuchtung, Ausstattungs-Paket: Connected Professional, Außenausstattung: Shadow-Line Hochglanz, Außenausstattung: Shadow-Line Hochglanz (erweiterter Umfang), Außenspiegel elektr. verstell- und heizbar, Bedienelemente galvanisiert, Bordcomputer, Competition, DAB-Tuner (Radioempfang digital), Dachhimmel Anthrazit (BMW Individual), Dachreling Hochglanz Shadow-Line, Diebstahlsicherung für Räder (Felgenschlösser), Durchladeeinrichtung (Mittelarmlehne hinten), Dynamische Stabilitäts-Control (DSC) mit erweiterter Umfang, Einstiegsleisten mit Einleger in Aluminium mit Schriftzug M, Erste Hilfe-Kasten / Verbandkasten, Fahrassistenz-System: Active Guard (Bremsassistent), Fahrassistenz-System: Aufmerksamkeits-Assistent, Freisprecheinrichtung Bluetooth mit USB-/Audio-Schnittstelle, Fußmatten Velours, Gepäckraumbeleuchtung, Getriebe Automatik - mit Steptronic und Drivelogic (8-Stufen), Getränkehalter, Heckklappenbetätigung automatisch, Heckleuchten LED, Induktionsladeschale für Smartphone (Wireless Charging), Innenausstattung: Interieurleisten, schwarz hochglänzend, Innenspiegel mit Abblendautomatik, Instrumentenkombination (erweiterter Umfang), Isofix-Aufnahmen für Kindersitz an Rücksitz, Karosserie: 5-türig, Kennzeichenbeleuchtung LED, Klimaautomatik 3-Zonen mit autom. Umluft-Control, Knieairbag Fahrerseite, Kopf-Airbag-System hinten, Kopf-Airbag-System vorn, Kopfstützen hinten klappbar, Lenksäule (Lenkrad) elektr. verstellbar, Leuchtweitenregelung, M Drive (Fahrprofilauswahl), M Drive Professional (Fahrprofilauswahl), Motor 3,0 Ltr. - 375 kW 24V TwinTurbo KAT (S58), Nebelschlussleuchte(n), Otto-Partikelfilter (OPF), Park-Distance-Control (PDC) vorn und hinten, Parkbremse elektrisch, Reifendruck-Kontrollsystem, Reifenpannen-Anzeige, Schadstoffarm nach Abgasnorm Euro 6d, Schaltpunktanzeige, Seitenairbag vorn, Service-System: ConnectedDrive Services, Service-System: Gesetzlicher Notruf, Service-System: Intelligenter Notruf inkl. TeleServices, Sitzbezug / Polsterung: Leder Merino (erweiterter Umfang), Sitze vorn elektr. verstellbar (mit Memory), Spiegel-Paket, Sportdifferential, Sportsitze vorn (M-Technic), Start-Stop-Knopf, Start/Stop-Anlage (Funktion), Steckdose (12V-Anschluß) in Mittelkonsole vorn, Warndreieck, Widescreen Display, Wärme-/Sonnenschutzverglasung, Wärme-/Sonnenschutzverglasung kombiniert (hinten abgedunkelt)",
  "dealerDetails": {
    "id": 463322,
    "name": "G.Rhein Automobile e.K.",
    "sellerType": "Dealer",
    "phones": [
      "+49 (0)2631 902606450"
    ],
    "messengers": {
      "WHATS_APP": "+49 (0)179 5079019"
    },
    "languages": [
      "Deutsch",
      "Pусский",
      "English"
    ],
    "country": "DE",
    "address": "Breslauer Str. 70, DE-56566 Neuwied",
    "location": {
      "latitude": 50.4350385,
      "longitude": 7.4907967
    },
    "activeSince": "2002-05-06T00:00:00.000Z",
    "homepageUrl": "https://home.mobile.de/home/redirect.html?customerId=463322",
    "iconUrl": null,
    "reviewPageUrl": "https://www.mobile.de/bewertungen/GOJKOVIC?lang=en",
    "score": {
      "total": 4.6,
      "responseTime": 4.6,
      "friendliness": 4.6,
      "advice": 4.6
    },
    "activeRatingCount": 8,
    "vehicleAsDescribedPercentage": 85,
    "recommendPercentage": 100,
    "soldVehicleCount": null,
    "reviews": []
  },
  "attributes": {
    "Vehicle condition": "Used vehicle, Accident-free",
    "Category": "Estate car",
    "Model range": "Baureihe M3 Touring (G81)(2022->)",
    "Trim line": "xDrive Competition",
    "Mileage": "10,295 km",
    "Cubic Capacity": "2,993 ccm",
    "Power": "375 kW (510 hp)",
    "Drive type": "Internal combustion engine",
    "Fuel": "Petrol",
    "Number of Seats": "5",
    "Door Count": "4/5",
    "Transmission": "Automatic",
    "Emission Class": "Euro6d",
    "Emissions Sticker": "4 (Green)",
    "First Registration": "04/2024",
    "Number of Vehicle Owners": "1",
    "Climatisation": "Automatic climatisation, 2 zones",
    "Parking sensors": "Self-steering systems, Rear, 360° camera",
    "Airbags": "Front and Side and More Airbags",
    "Colour (Manufacturer)": "BLACK SAPPHIRE METALLIC",
    "Colour": "Black Metallic",
    "Interior Design": "Full leather, Black",
    "Weight": "1,940 kg",
    "Cylinders": "6",
    "Tank capacity": "59 l"
  },
  "features": [
    "ABS",
    "Adaptive Cruise Control",
    "Alarm system",
    "Alloy wheels",
    "Ambient lighting",
    "Android Auto",
    "Apple CarPlay",
    "Arm rest",
    "Blind spot assist",
    "Bluetooth",
    "Cargo barrier",
    "Central locking",
    "DAB radio",
    "Digital cockpit",
    "Distance warning system",
    "Dynamic chassis control",
    "Electric seat adjustment",
    "Electric side mirror",
    "Electric tailgate",
    "Electric windows",
    "Eletric seat adjustment with memory function",
    "Emergency brake assist",
    "Emergency call system",
    "Emergency tyre repair kit",
    "ESP",
    "Fatigue warning system",
    "Fog lamp",
    "Folding exterior mirrors",
    "Four-wheel drive",
    "Full Service History",
    "Hands-free kit",
    "Headlight washer system",
    "Head-up display",
    "Heated rear seats",
    "Heated steering wheel",
    "High beam assist",
    "Hill-start assist",
    "Immobilizer",
    "Induction charging for smartphones",
    "Integrated music streaming",
    "Isofix",
    "Lane change assist",
    "Leather steering wheel",
    "LED headlights",
    "LED running lights",
    "Light sensor",
    "Massage seats",
    "Multifunction steering wheel",
    "Navigation preparation",
    "Non-smoker vehicle",
    "On-board computer",
    "Paddle shifters",
    "Power Steering",
    "Rain sensor",
    "Roof rack",
    "Sound system",
    "Speed limit control system",
    "Sport seats",
    "Sports package",
    "Sports suspension",
    "Start-stop system",
    "Summer tyres",
    "Tinted windows",
    "Touchscreen",
    "Traction control",
    "Traffic sign recognition",
    "Tyre pressure monitoring",
    "USB port",
    "Virtual side mirror",
    "Voice control",
    "Warranty",
    "Winter package",
    "WLAN / Wi-Fi hotspot"
  ]
},
{
  "title": "BMW M3 Baureihe M3 Touring xDrive Competition",
  "previewImage": "https://img.classistatic.de/api/v1/mo-prod/images/20/205a59b3-bb41-48f1-a3a7-54d24630dbd8?rule=mo-1600.jpg",
  "category": "EstateCar",
  "brand": "BMW",
  "model": "M3",
  "url": "https://suchen.mobile.de/fahrzeuge/details.html?id=434380510",
  "price.total.amount": 84500,
  "priceRating": {
    "rating": "Good price",
    "priceRanges": {
      "Very good price": {
        "start": 60401,
        "end": 78500
      },
      "Good price": {
        "start": 78501,
        "end": 84600
      },
      "Fair price": {
        "start": 84601,
        "end": 94100
      },
      "Increased price": {
        "start": 94101,
        "end": 101000
      },
      "High price": {
        "start": 101001,
        "end": 112200
      }
    }
  },
  "description": "Sonderausstattung:\nLM-Felgen\n\nWeitere Ausstattung:\nAblage-Paket, Adaptives Fahrwerk M-Technic, Airbag Beifahrerseite abschaltbar, Aktives M Differential, Alpinweiß-Lackierung (Uni), Ambiente-Beleuchtung, Ausstattungs-Paket: Connected Professional, Außenausstattung: Shadow-Line Hochglanz, Außenausstattung: Shadow-Line Hochglanz (erweiterter Umfang), Außenspiegel elektr. verstell- und heizbar, Bedienelemente galvanisiert, BMW Live Cockpit Plus, Bordcomputer, Competition, DAB-Tuner (Radioempfang digital), Dachhimmel Anthrazit (BMW Individual), Dachreling Hochglanz Shadow-Line, Diebstahlsicherung für Räder (Felgenschlösser), Durchladeeinrichtung (Mittelarmlehne hinten), Dynamische Stabilitäts-Control (DSC) mit erweiterter Umfang, Einstiegsleisten mit Einleger in Aluminium mit Schriftzug M, Erste Hilfe-Kasten / Verbandkasten, Fahrassistenz-System: Active Guard (Bremsassistent), Fahrassistenz-System: Aufmerksamkeits-Assistent, Freisprecheinrichtung Bluetooth mit USB-/Audio-Schnittstelle, Fußmatten Velours, Gepäckraumbeleuchtung, Getriebe Automatik - mit Steptronic und Drivelogic (8-Stufen), Getränkehalter, Heckklappenbetätigung automatisch, Heckleuchten LED, HiFi-Lautsprechersystem, Induktionsladeschale für Smartphone (Wireless Charging), Innenausstattung: Interieurleisten, schwarz hochglänzend, Innenspiegel mit Abblendautomatik, Instrumentenkombination (erweiterter Umfang), Isofix-Aufnahmen für Kindersitz an Rücksitz, Karosserie: 5-türig, Kennzeichenbeleuchtung LED, Klimaautomatik 3-Zonen mit autom. Umluft-Control, Knieairbag Fahrerseite, Kopf-Airbag-System hinten, Kopf-Airbag-System vorn, Kopfstützen hinten klappbar, Lenksäule (Lenkrad) elektr. verstellbar, Leuchtweitenregelung, M Drive (Fahrprofilauswahl), M Drive Professional (Fahrprofilauswahl), Motor 3,0 Ltr. - 375 kW 24V TwinTurbo KAT (S58), Nebelschlussleuchte(n), Otto-Partikelfilter (OPF), Park-Distance-Control (PDC) vorn und hinten, Parkbremse elektrisch, Reifendruck-Kontrollsystem, Reifenpannen-Anzeige, Schadstoffarm nach Abgasnorm Euro 6d, Schaltpunktanzeige, Seitenairbag vorn, Service-System: ConnectedDrive Services, Service-System: Gesetzlicher Notruf, Service-System: Intelligenter Notruf inkl. TeleServices, Sitzbezug / Polsterung: Leder Merino (erweiterter Umfang), Sitze vorn elektr. verstellbar (mit Memory), Spiegel-Paket, Sportdifferential, Sportsitze vorn (M-Technic), Start-Stop-Knopf, Start/Stop-Anlage (Funktion), Steckdose (12V-Anschluß) in Mittelkonsole vorn, Warndreieck, Widescreen Display, Wärme-/Sonnenschutzverglasung, Wärme-/Sonnenschutzverglasung kombiniert (hinten abgedunkelt)",
  "dealerDetails": {
    "id": 463535,
    "name": "Abdallah Automobile",
    "sellerType": "Dealer",
    "phones": [
      "+49 (0)6195 919961113"
    ],
    "messengers": {
      "WHATS_APP": "+49 (0)171 8017376"
    },
    "languages": [
      "Deutsch",
      "العربية",
      "English"
    ],
    "country": "DE",
    "address": "Benzstrasse 1, DE-65779 Kelkheim",
    "location": {
      "latitude": 50.1207137,
      "longitude": 8.465381899999999
    },
    "activeSince": "2002-10-15T00:00:00.000Z",
    "homepageUrl": "https://home.mobile.de/home/redirect.html?customerId=463535",
    "iconUrl": null,
    "reviewPageUrl": "https://www.mobile.de/bewertungen/ABDALLAH-AUTOMOBILE?lang=en",
    "score": {
      "total": 4.9,
      "responseTime": 4.9,
      "friendliness": 4.9,
      "advice": 4.7
    },
    "activeRatingCount": 12,
    "vehicleAsDescribedPercentage": 100,
    "recommendPercentage": 100,
    "soldVehicleCount": null,
    "reviews": []
  },
  "attributes": {
    "Vehicle condition": "Used vehicle, Accident-free",
    "Category": "Estate car",
    "Model range": "Baureihe M3 Touring (G81)(2022->)",
    "Trim line": "xDrive Competition",
    "Origin": "German edition",
    "Mileage": "23,800 km",
    "Cubic Capacity": "2,993 ccm",
    "Power": "375 kW (510 hp)",
    "Drive type": "Internal combustion engine",
    "Fuel": "Petrol",
    "Number of Seats": "5",
    "Door Count": "4/5",
    "Emission Class": "Euro6",
    "Emissions Sticker": "4 (Green)",
    "First Registration": "07/2024",
    "Number of Vehicle Owners": "2",
    "HU": "07/2027",
    "Climatisation": "Automatic climatisation, 2 zones",
    "Parking sensors": "Rear, Camera",
    "Airbags": "Front and Side and More Airbags",
    "Colour": "Grey",
    "Interior Design": "Full leather, Black",
    "Weight": "1,940 kg",
    "Cylinders": "6",
    "Tank capacity": "59 l"
  },
  "features": [
    "ABS",
    "Adaptive cornering lights",
    "Adaptive Cruise Control",
    "Alarm system",
    "Alloy wheels",
    "Ambient lighting",
    "Apple CarPlay",
    "Arm rest",
    "Blind spot assist",
    "Bluetooth",
    "Cargo barrier",
    "Central locking",
    "Digital cockpit",
    "Distance warning system",
    "Dynamic chassis control",
    "Electric seat adjustment",
    "Electric side mirror",
    "Electric tailgate",
    "Electric windows",
    "Eletric seat adjustment with memory function",
    "Emergency brake assist",
    "ESP",
    "Fatigue warning system",
    "Fog lamp",
    "Folding exterior mirrors",
    "Four-wheel drive",
    "Full Service History",
    "Hands-free kit",
    "Headlight washer system",
    "Head-up display",
    "Heated rear seats",
    "Heated seats",
    "Heated steering wheel",
    "Heated windshield",
    "High beam assist",
    "Hill-start assist",
    "Immobilizer",
    "Induction charging for smartphones",
    "Isofix",
    "Keyless central locking",
    "Lane change assist",
    "Laser headlights",
    "Leather steering wheel",
    "LED running lights",
    "Light sensor",
    "Multifunction steering wheel",
    "Navigation system",
    "Non-smoker vehicle",
    "On-board computer",
    "Paddle shifters",
    "Passenger seat Isofix point",
    "Power Steering",
    "Rain sensor",
    "Roof rack",
    "Seat ventilation",
    "Sound system",
    "Sport seats",
    "Sports package",
    "Sports suspension",
    "Start-stop system",
    "Summer tyres",
    "Tinted windows",
    "Touchscreen",
    "Traction control",
    "Traffic sign recognition",
    "Tyre pressure monitoring",
    "USB port",
    "Virtual side mirror",
    "Voice control",
    "Warranty",
    "Winter package",
    "Winter tyres",
    "WLAN / Wi-Fi hotspot"
  ]
},
{
  "title": "BMW M3 Comp. Touring/Brooklyn-Red/",
  "previewImage": "https://img.classistatic.de/api/v1/mo-prod/images/e7/e7f3f2b5-287d-4202-ba18-c774249452bb?rule=mo-1600.jpg",
  "category": "EstateCar",
  "brand": "BMW",
  "model": "M3",
  "url": "https://suchen.mobile.de/fahrzeuge/details.html?id=414539015",
  "price.total.amount": 84900,
  "priceRating": {
    "rating": "Good price",
    "priceRanges": {
      "Very good price": {
        "start": 62201,
        "end": 80900
      },
      "Good price": {
        "start": 80901,
        "end": 87100
      },
      "Fair price": {
        "start": 87101,
        "end": 96900
      },
      "Increased price": {
        "start": 96901,
        "end": 104000
      },
      "High price": {
        "start": 104001,
        "end": 115600
      }
    }
  },
  "description": "BMW M3 Competition Touring (510PS, Benzin, Automatik, Allrad)\n\nC4P Lackierung \"M Brooklyn Grau metallic\"\n1U0 Felgen \"19\"/20\" M Schmiederäder Doppelspeiche 826 M\"\nVAHZ Polsterung \"BMW Individual erweiterte Lederausstattung 'Merino'\"\n4AT Interieurleisten \"Interieurleisten schwarz hochglänzend\"\n\n6NX Ablage für Wireless Charging\n493 Ablagenpaket\n2VF Adaptives M Fahrwerk\n6U2 BMW Live Cockpit Plus\n6C4 Connected Package Professional\n383 Dach und Spiegelkappen schwarz\n4U0 Galvanikapplikation für Bedienelemente\n544 Geschwindigkeitsregelung mit Bremsfunktion\n430 Innen- und Außenspiegelpaket\n431 Innenspiegel automatisch abblendend\n534 Klimaautomatik\n488 Lordosenstütze für Fahrer und Beifahrer\n775 M Dachhimmel anthrazit\n3MC M Dachreling Hochglanz Shadow Line\n1MB M Drive Professional\n760 M Hochglanz Shadow Line\n7M9 M Hochglanz Shadow Line mit erweiterten Umfängen\n2T4 M Sportdifferenzial\n712 M Sportsitze\n494 Sitzheizung für Fahrer und Beifahrer\n459 Sitzverstellung, elektrisch mit Memory für Fahrersitz\n6WC Widescreen Display\n\n5AS Driving Assistant\n5AC Fernlichtassistent\n688 Harman Kardon Surround Sound System\n322 Komfortzugang\n248 Lenkradheizung\n3M5 M Compound-Bremse, rot hochglänzend\n3MF M Leuchten Shadow Line\n5DM Parking Assistant\n420 Sonnenschutzverglasung\n\n\nAngebotspreis: 84.900,- EUR inkl. 19% MwSt.\n(Netto Export: 71.500,- EUR)\n\nAlle Angaben ohne Gewähr. Irrtümer, Änderungen, Tippfehler und Zwischenverkauf vorbehalten.",
  "dealerDetails": {
    "id": 3128269,
    "name": "WEGA Leasing GmbH",
    "sellerType": "Dealer",
    "phones": [
      "+49 (0)8171 908989068"
    ],
    "messengers": {
      "WHATS_APP": "+49 (0)160 97797245"
    },
    "languages": [
      "Deutsch",
      "English"
    ],
    "country": "DE",
    "address": "Pfaffenrieder Str. 1, DE-82515 Wolfratshausen bei München",
    "location": {
      "latitude": 47.9062168,
      "longitude": 11.4302045
    },
    "activeSince": "2009-11-06T00:00:00.000Z",
    "homepageUrl": "https://home.mobile.de/home/redirect.html?customerId=3128269",
    "iconUrl": null,
    "reviewPageUrl": "https://www.mobile.de/bewertungen/WEGALEASINGGMBH?lang=en",
    "score": {
      "total": 4.4,
      "responseTime": 4.4,
      "friendliness": 4.6,
      "advice": 4.1
    },
    "activeRatingCount": 17,
    "vehicleAsDescribedPercentage": 92,
    "recommendPercentage": 92,
    "soldVehicleCount": null,
    "reviews": []
  },
  "attributes": {
    "Vehicle condition": "Used vehicle, Accident-free",
    "Category": "Estate car",
    "Model range": "Baureihe M3 Touring (G81)(2022->)",
    "Trim line": "xDrive Competition",
    "Vehicle Number": "FR_303",
    "Availability": "Now",
    "Origin": "German edition",
    "Mileage": "9,490 km",
    "Cubic Capacity": "2,993 ccm",
    "Power": "375 kW (510 hp)",
    "Drive type": "Internal combustion engine",
    "Fuel": "Petrol",
    "Number of Seats": "5",
    "Door Count": "4/5",
    "Transmission": "Automatic",
    "Emission Class": "Euro6d-TEMP",
    "Emissions Sticker": "4 (Green)",
    "First Registration": "03/2024",
    "Number of Vehicle Owners": "1",
    "Climatisation": "Automatic air conditioning",
    "Parking sensors": "Front, Rear, Camera",
    "Airbags": "Front and Side and More Airbags",
    "Colour (Manufacturer)": "Brooklyn grau metallic",
    "Colour": "Grey Metallic",
    "Interior Design": "Full leather, Other",
    "Weight": "1,940 kg",
    "Cylinders": "6",
    "Tank capacity": "59 l"
  },
  "features": [
    "ABS",
    "Adaptive lighting",
    "Alarm system",
    "Alloy wheels",
    "Ambient lighting",
    "Android Auto",
    "Apple CarPlay",
    "Arm rest",
    "Autom. dimming interior mirror",
    "Blind spot assist",
    "Bluetooth",
    "Cargo barrier",
    "Central locking",
    "Cruise control",
    "DAB radio",
    "Digital cockpit",
    "Distance warning system",
    "Electric seat adjustment",
    "Electric side mirror",
    "Electric tailgate",
    "Electric windows",
    "Eletric seat adjustment with memory function",
    "Emergency brake assist",
    "Emergency call system",
    "Emergency tyre repair kit",
    "ESP",
    "Folding exterior mirrors",
    "Four-wheel drive",
    "Full Service History",
    "Hands-free kit",
    "Head-up display",
    "Heated rear seats",
    "Heated seats",
    "Heated steering wheel",
    "High beam assist",
    "Hill-start assist",
    "Immobilizer",
    "Induction charging for smartphones",
    "Integrated music streaming",
    "Isofix",
    "Keyless central locking",
    "Lane change assist",
    "Leather steering wheel",
    "LED headlights",
    "LED running lights",
    "Light sensor",
    "Lumbar support",
    "Multifunction steering wheel",
    "Navigation system",
    "Non-smoker vehicle",
    "On-board computer",
    "Paddle shifters",
    "Passenger seat Isofix point",
    "Power Steering",
    "Rain sensor",
    "Roof rack",
    "Sound system",
    "Speed limit control system",
    "Sport seats",
    "Sports package",
    "Sports suspension",
    "Start-stop system",
    "Summer tyres",
    "Tinted windows",
    "Touchscreen",
    "Traction control",
    "Traffic sign recognition",
    "Tuner/radio",
    "Tyre pressure monitoring",
    "USB port",
    "Voice control",
    "Warranty"
  ]
},
{
  "title": "BMW M3 Competition Touring VMax DAProf PA+ ACC HUD",
  "previewImage": "https://img.classistatic.de/api/v1/mo-prod/images/1e/1eb11e10-7c52-4ac9-af8c-9fc1fbb4389f?rule=mo-1600.jpg",
  "category": "EstateCar",
  "brand": "BMW",
  "model": "M3",
  "url": "https://suchen.mobile.de/fahrzeuge/details.html?id=432112490",
  "price.total.amount": 84850,
  "priceRating": {
    "rating": "Fair price",
    "priceRanges": {
      "Very good price": {
        "start": 59501,
        "end": 77400
      },
      "Good price": {
        "start": 77401,
        "end": 83300
      },
      "Fair price": {
        "start": 83301,
        "end": 92700
      },
      "Increased price": {
        "start": 92701,
        "end": 99500
      },
      "High price": {
        "start": 99501,
        "end": 110500
      }
    }
  },
  "description": "Bereifung\nAktuelle Bereifung: Sommerreifen\n\nModelljahr\nModelljahr: 2024\n\nGetriebe\nAutomatikgetriebe DriveLogic, 8 Gänge\n\nAusstattungslinie\nAusstattungslinie Exterieur: Competition\n\nAusstattungspakete\nOptikpaket: M Hochglanz Shadow Line mit erweiterten Umfängen\nAblagepaket\nSpiegelpaket: Innen- und Außenspiegelpaket\nVmax Anhebung: M Driver's Package\n\nAssistenzsysteme\nHead-up-Display HUD\nBlendfreier Fernlichtassistent: BMW Selective Beam\nBMW ParkAssistent mit PDC vorne u. hinten: + automatisches Einparken\nRückfahrkamera: + Frontkamera\nSurround View: Top View, Panorama View, Remote 3D View\nFahrlichtautomatik\nAktive Geschwindigkeitsregelung mit Stop & Go: Abstandstempomat\nBerganfahrhilfe\nHill Descent Control HDC\nSpracheingabesystem\nMüdigkeitserkennung\nSpurwechselassistent\nSpurhalteassistent\nCornering Brake Control CBC\nFahrerassistenzpaket: Driving Assistant Professional, Parking Assistant Plus\nActive Guard Auffahrwarnung: mit Bremseingriff\nAufmerksamkeitsassistent\nVerkehrszeichenerkennung\n\nLicht und Sicht\nLaserlicht\nAdaptives Kurvenlicht\nAbbiegelicht\nLED-Tagfahrlicht\nRegensensor\nAutomatisch abblendende Innen- und Außenspiegel\nSonnen- und Wärmeschutzverglasung\nDynamische Leuchtweitenregulierung\nAmbientebeleuchtung mehrfarbig\nLichtsensor\n\nAudio & Kommunikation\nMultimedia-System\nBMW Navigationssystem Professional: inkl. RTTI\nBMW Professional Radio\nMulti-Funktions-Display: Widescreen Display\nDigitaler Radioempfang DAB\niDrive\nHarman/Kardon Soundsystem: Surround Sound\nUSB Anschluss, Bluetooth Audiostreaming\nBMW ConnectedDrive Services: Connected Package Professional\nHandyvorbereitung Bluetooth: inkl. Freisprecheinrichtung\nAndroid Auto u. Apple CarPlay\nKabelloses Laden für Handys: Ablage für Wireless Charging\nWLAN Hotspot: Personal eSIM\n\nKomfort\nBMW Live Cockpit Professional\nKlimaautomatik, 3 Zonen\nFahrer-/Beifahrersitz elektrisch\nMemoryfunktion Fahrersitz\nLordosenstütze Fahrer/Beifahrer\nSitzheizung vorn u. hinten\nSportsitze: M Sportsitze Fahrer/Beifahrer\nArmauflage Fahrer/Beifahrer\nServotronic\nLenksäule elekt. verstellbar\nKomfortzugang\nAuto Start Stop Funktion\nZentralver. mit Fernbedienung\nFensterheber elektrisch 2-fach\nKopfstützen vorn und hinten\nAutomatische Heckklappenbetätigung\nSitzklimatisierung vorn\nM Drive\nGetränkehalter\n\nInterieur\nSitze Leder Vollleder Merino\nMultifunktions-Lederlenkrad\nLenkradheizung\nBordcomputer\nRücksitze klapp- und teilbar\nLaderaumabdeckung\nDurchladesystem\nDekoreinlagen Carbon: Carbon Fibre\nBodenbelag Teppich: Fußmatten in Velours\nLenkrad-Schaltwippen\n\nExterieur\nAntrieb: Allrad\nAdaptives Fahrwerk\nCarbon Paket Exterieur\nM Sportfahrwerk\nTouchscreen Bedienung\nDifferentialsperre: Aktives M Differential\nCompound-Bremse: rot hochglänzend\nM Leichtmetallräder 20 Zoll: M Schmiederäder Doppelspeiche 826\nAußenspiegel elekt. verstell- & anklappbar, beheizt\nDachreling: BMW Individual Hochglanz Shadow Line\nAntenne elekt.\nReifenpannenset\nSportabgasanlage\nInnovationspaket\nNotrufsystem: Intelligenter Notruf\nGeschwindigkeitsbegrenzer\n\nSicherheit\nISOFIX Kindersitzbefestigung\nFußgängerschutzsystem\nFahrer- /Beifahrerairbag\nKopfairbag vorn und hinten\nSeitenairbag vorn und hinten\nFondairbags\nKnieairbag Fahrer\nDynamische Traktions Control DTC\nDynamische Stabilitäts Control DSC\nReifen Pannen Anzeige RPA\nDiebstahlwarnanlage\nWegfahrsperre\nAußentemperatur Anzeige\nAntiblockiersystem ABS\nBremsverschleißanzeige\nProaktives Insassenschutzsystem: Active Protection\nCity-Anbremsfunktion\nQuerverkehrswarnung\n\nWeitere Ausstattung\nM Dachhimmel anthrazit\nGalvanikapplikation für Bedienelemente\nAkustikverglasung\nGepäckraumpaket\nÖlwartungsintervall 24 Monate/30.000 km\n\nFahrdaten\nvMax: 250 km/h\nBeschleunigung: 4 Sek. 0-100 km/h\n\nSonstige Maße und Gewichte\nNutzlast: 505 kg\nzulässiges Gesamtgewicht: 2.370 kg\n\nDie im Inserat aufgeführten Ausstattungsmerkmale sind unverbindlich. Maßgeblich für den Kauf ist allein der schriftliche Kaufvertrag. Angaben im Inserat begründen keine Beschaffenheitsvereinbarung. Verbindliche Ausstattungsangaben werden ausschließlich im Kaufvertrag festgelegt.",
  "dealerDetails": {
    "id": 454145,
    "name": "WELLER Premium GmbH - BMW & MINI Vertragshändler",
    "sellerType": "Dealer",
    "phones": [
      "+49 (0)5141 593412536"
    ],
    "languages": [
      "Deutsch"
    ],
    "country": "DE",
    "address": "An der Koppel 1, DE-29227 Celle",
    "location": {
      "latitude": 52.5906725,
      "longitude": 10.0667152
    },
    "activeSince": "1999-07-01T00:00:00.000Z",
    "homepageUrl": "https://home.mobile.de/home/redirect.html?customerId=454145",
    "iconUrl": "https://img.classistatic.de/api/v1/mo-prod/images/d2/d28dbb1d-a972-4546-8688-6638510f5163?rule=mo-640.jpg",
    "reviewPageUrl": "https://www.mobile.de/bewertungen/B-K-CELLE?lang=en",
    "score": {
      "total": 4.1,
      "responseTime": 4.3,
      "friendliness": 4.2,
      "advice": 3.9
    },
    "activeRatingCount": 40,
    "vehicleAsDescribedPercentage": 82,
    "recommendPercentage": 75,
    "soldVehicleCount": null,
    "reviews": []
  },
  "attributes": {
    "Vehicle condition": "Used vehicle",
    "Category": "Estate car",
    "Trim line": "Competition",
    "Vehicle Number": "25073384",
    "Availability": "Now",
    "Mileage": "35,007 km",
    "Cubic Capacity": "2,993 ccm",
    "Power": "375 kW (510 hp)",
    "Drive type": "Internal combustion engine",
    "Fuel": "Petrol",
    "Number of Seats": "5",
    "Door Count": "4/5",
    "Transmission": "Automatic",
    "Emission Class": "Euro6d",
    "Emissions Sticker": "4 (Green)",
    "First Registration": "03/2024",
    "Number of Vehicle Owners": "1",
    "HU": "New",
    "Climatisation": "Automatic climatisation, 3 zones",
    "Parking sensors": "360° camera, Rear, Front, Self-steering systems",
    "Airbags": "Front and Side and More Airbags",
    "Colour (Manufacturer)": "Kreide",
    "Colour": "Grey",
    "Interior Design": "Full leather, Black",
    "Cylinders": "6"
  },
  "features": [
    "ABS",
    "Adaptive cornering lights",
    "Adaptive Cruise Control",
    "Alarm system",
    "Alloy wheels",
    "Ambient lighting",
    "Android Auto",
    "Apple CarPlay",
    "Arm rest",
    "Autom. dimming interior mirror",
    "Blind spot assist",
    "Bluetooth",
    "Central locking",
    "DAB radio",
    "Digital cockpit",
    "Distance warning system",
    "Dynamic chassis control",
    "Electric seat adjustment",
    "Electric side mirror",
    "Electric tailgate",
    "Electric windows",
    "Eletric seat adjustment with memory function",
    "Emergency brake assist",
    "Emergency call system",
    "Emergency tyre repair kit",
    "ESP",
    "Fatigue warning system",
    "Folding exterior mirrors",
    "Four-wheel drive",
    "Full Service History",
    "Glare-free high beam headlights",
    "Hands-free kit",
    "Head-up display",
    "Heated rear seats",
    "Heated seats",
    "Heated steering wheel",
    "High beam assist",
    "Hill-start assist",
    "Immobilizer",
    "Induction charging for smartphones",
    "Integrated music streaming",
    "Isofix",
    "Keyless central locking",
    "Lane change assist",
    "Laser headlights",
    "Leather steering wheel",
    "LED running lights",
    "Light sensor",
    "Lumbar support",
    "Multifunction steering wheel",
    "Navigation system",
    "On-board computer",
    "Paddle shifters",
    "Particulate filter",
    "Power Steering",
    "Rain sensor",
    "Roof rack",
    "Seat ventilation",
    "Sound system",
    "Speed limit control system",
    "Sport seats",
    "Sports suspension",
    "Start-stop system",
    "Summer tyres",
    "Touchscreen",
    "Traction control",
    "Traffic sign recognition",
    "Tuner/radio",
    "Tyre pressure monitoring",
    "USB port",
    "Voice control",
    "Warranty",
    "WLAN / Wi-Fi hotspot"
  ]
},
{
  "title": "BMW M3 TOURING xDRIVE COMPETITION+M-DRIVER´S PACKAGE",
  "previewImage": "https://img.classistatic.de/api/v1/mo-prod/images/82/82f56cc2-996b-4b37-b201-842407a41d5d?rule=mo-1600.jpg",
  "category": "EstateCar",
  "brand": "BMW",
  "model": "M3",
  "url": "https://suchen.mobile.de/fahrzeuge/details.html?id=434301441",
  "price.total.amount": 84970,
  "priceRating": {
    "rating": "Fair price",
    "priceRanges": {
      "Very good price": {
        "start": 56401,
        "end": 73300
      },
      "Good price": {
        "start": 73301,
        "end": 79000
      },
      "Fair price": {
        "start": 79001,
        "end": 87900
      },
      "Increased price": {
        "start": 87901,
        "end": 94300
      },
      "High price": {
        "start": 94301,
        "end": 104800
      }
    }
  },
  "description": "+++ NEUPREIS über 120.000,00 EURO +++\n==================================\n\nSonderausstattung\nBMW Live Cockpit Professional (BMW Curved Display, Control-Display mit Farbmonitor (14,9 Zoll) ) [6U3]\nBremsanlage: Compound - M Bremssystem (Bremssättel Schwarz) [3M6]\nFahrassistenz-System: Driving Assistant Professional (Fahrassistenz-System: Spurwechselassistent, Fahrassistenz-System: Falschfahrwarnung, Geschwindigkeits-Begrenzeranlage (Speed Limit Device), Geschwindigkeits-Regelanlage, Aktiv mit Stop&Go-Funktion, Fahrassistenz-System: Frontkollisionswarnung, Fahrassistenz-System: Heckaufprall-Vermeidung (Prävention Heckkollision), Fahrassistenz-System: Kreuzungs-Assistent, Fahrassistenz-System: Querverkehrs-Assistent, Fahrassistenz-System: Ausweich-Assistent, Fahrassistenz-System: Ampel-Erkennung, Fahrassistenz-System: Spurwechsel-Warnsystem, Fahrassistenz-System: aktiver Spurhalteassistent ) [5AU]\nInnenausstattung: Interieurleisten Carbon [4MC]\nInnovations-Paket (Scheinwerfer Laserlicht, Fahrassistenz-System: Fernlichtassistent, Komfortzugang (Öffnungs- und Schließsystem), Fahrassistenz-System: Driving Assistant, Fahrassistenz-System: Spurwechselassistent, Fahrassistenz-System: Frontkollisionswarnung, Fahrassistenz-System: Heckaufprall-Vermeidung (Prävention Heckkollision), Fahrassistenz-System: Querverkehrs-Assistent, Fahrassistenz-System: Spurwechsel-Warnsystem ) [7R7]\nLM-Felgen [1U0]\nLenkrad heizbar [248]\nM Driver´s Package [7ME]\nMetallic-Lackierung [C4GM]\nParkassistent-Paket (Rückfahrkamera, Fahrassistenz-System: Rückfahr-Assistent ) [5DM]\nScheinwerfer BMW Individual Shadow-Line [3MF]\nSitzbezug / Polsterung: Voll-Leder Merino [X3SW]\nSonnenschutzverglasung (hinten abgedunkelt) [420]\nSound-System Harman-Kardon [688]\nVerglasung Akustikglas [3KA]\n\nSerienausstattung\nAblage-Paket [493]\nAdaptives Fahrwerk M-Technic [2VF]\nAirbag Beifahrerseite abschaltbar [5DA]\nAktives M Differential []\nAlarmanlage [302]\nAmbiente-Beleuchtung []\nAnti-Blockier-System (ABS) []\nAntriebsart: Allradantrieb []\nAntriebsart: xDrive (Allrad) []\nAusstattungs-Paket: Connected Professional (Service-System: Remote Services, Service-System: Concierge Services, Service-System: Real Time Traffic Information (RTTI), Service-System: Remote 3D View ) [6C4]\nAußenausstattung: Shadow-Line Hochglanz [760]\nAußenausstattung: Shadow-Line Hochglanz (erweiterter Umfang) [7M9]\nAußenspiegel elektr. verstell- und heizbar []\nBedienelemente galvanisiert [4U0]\nBordcomputer []\nCompetition []\nDAB-Tuner (Radioempfang digital) [654]\nDachhimmel Anthrazit (BMW Individual) [775]\nDachreling Hochglanz Shadow-Line [3MC]\nDiebstahlsicherung für Räder (Felgenschlösser) [2PA]\nDurchladeeinrichtung (Mittelarmlehne hinten) []\nDynamische Stabilitäts-Control (DSC) mit erweiterter Umfang []\nEinstiegsleisten mit Einleger in Aluminium mit Schriftzug M []\nErste Hilfe-Kasten / Verbandkasten []\nFahrassistenz-System: Active Guard (Bremsassistent) [5AV]\nFahrassistenz-System: Aufmerksamkeits-Assistent []\nFensterheber elektrisch []\nFreisprecheinrichtung Bluetooth mit USB-/Audio-Schnittstelle []\nFußmatten Velours []\nGepäckraumbeleuchtung []\nGeschwindigkeits-Begrenzeranlage (Speed Limit Device) []\nGetriebe Automatik - mit Steptronic und Drivelogic (8-Stufen) []\nGetränkehalter []\nHeckklappenbetätigung automatisch []\nHeckleuchten LED []\nInduktionsladeschale für Smartphone (Wireless Charging) [6NX]\nInnenspiegel mit Abblendautomatik [431]\nInstrumentenkombination (erweiterter Umfang) []\nIsofix-Aufnahmen für Kindersitz an Rücksitz []\nKarosserie: 5-türig []\nKennzeichenbeleuchtung LED []\nKlimaautomatik 3-Zonen mit autom. Umluft-Control [534]\nKnieairbag Fahrerseite []\nKopf-Airbag-System hinten []\nKopf-Airbag-System vorn []\nKopfstützen hinten klappbar [5DC]\nLenkrad (Leder) mit Multifunktion M-Technic []\nLenksäule (Lenkrad) elektr. verstellbar []\nLeuchtweitenregelung []\nM Drive (Fahrprofilauswahl) []\nM Drive Professional (Fahrprofilauswahl) [1MB]\nMotor 3,0 Ltr. - 375 kW 24V TwinTurbo KAT (S58) (Motor 3,0 Ltr. - 375 kW 24V ) []\nNebelschlussleuchte(n) []\nOtto-Partikelfilter (OPF) []\nPark-Distance-Control (PDC) vorn und hinten []\nParkbremse elektrisch []\nReifendruck-Kontrollsystem [2VB]\nReifenpannen-Anzeige []\nSchadstoffarm nach Abgasnorm Euro 6d [1DF]\nSchaltpunktanzeige []\nScheibenwischer mit Regensensor []\nSeitenairbag vorn []\nService-System: ConnectedDrive Services [6AK]\nService-System: Gesetzlicher Notruf [6AF]\nService-System: Intelligenter Notruf inkl. TeleServices [6AE]\nSitze vorn elektr. verstellbar (mit Memory) (Lendenwirbelstütze Sitz vorn links und rechts, elektr. verstellbar ) [459]\nSitzheizung vorn + hinten []\n* Spiegel-Paket (Außenspiegel elektr. anklappbar",
  "dealerDetails": {
    "id": 24650844,
    "name": "Starcar Outlet Cars eine Marke der Starcar Europa Service Group AG",
    "sellerType": "Dealer",
    "phones": [
      "+49 (0)2173 265101022"
    ],
    "languages": [
      "Deutsch",
      "English",
      "Français",
      "Polski",
      "Türkçe"
    ],
    "country": "DE",
    "address": "Siemensstr. 2, DE-40789 Monheim",
    "location": {
      "latitude": 51.1017865,
      "longitude": 6.9007328
    },
    "activeSince": "2020-09-10T00:00:00.000Z",
    "homepageUrl": "https://home.mobile.de/home/redirect.html?customerId=24650844",
    "iconUrl": "https://img.classistatic.de/api/v1/mo-prod/images/b5/b5e548bd-dd38-430e-b889-7420b7c9f2f3?rule=mo-640.jpg",
    "reviewPageUrl": "https://www.mobile.de/bewertungen/EUROPASERVICERENTACARGMBH?lang=en",
    "score": {
      "total": 4.5,
      "responseTime": 4.6,
      "friendliness": 4.7,
      "advice": 4.3
    },
    "activeRatingCount": 31,
    "vehicleAsDescribedPercentage": 84,
    "recommendPercentage": 84,
    "soldVehicleCount": null,
    "reviews": []
  },
  "attributes": {
    "Vehicle condition": "Used vehicle, Accident-free",
    "Category": "Estate car",
    "Model range": "11GB",
    "Trim line": "xDrive Competition",
    "Vehicle Number": "78968",
    "Availability": "Now",
    "Origin": "German edition",
    "Mileage": "55,116 km",
    "Cubic Capacity": "2,993 ccm",
    "Power": "375 kW (510 hp)",
    "Drive type": "Internal combustion engine",
    "Fuel": "Petrol, E10-enabled",
    "CO₂ class": "Based on CO₂ emissions (combined)",
    "Fuel consumption": [
      "10.3 l/100km (combined)",
      "15.4 l/100km (city)",
      "10.2 l/100km (suburban)",
      "8.8 l/100km (country road)",
      "9.7 l/100km (motorway)"
    ],
    "Energy costs for 15,000 km annual mileage": "€3,101/Year",
    "Fuel price": "€2.01/l (annual average 2024)",
    "Possible CO₂ costs over the next 10 years (15,000 km/year)": [
      "€4,439 (assuming an average CO₂ price of €127/t)",
      "€2,097 (assuming a low average CO₂ price of €60/t)",
      "€6,990 (assuming a high average CO₂ price of €200/t)"
    ],
    "Vehicle tax": "€472/Year",
    "Number of Seats": "5",
    "Door Count": "4/5",
    "Transmission": "Automatic",
    "Emission Class": "Euro6d",
    "Emissions Sticker": "4 (Green)",
    "First Registration": "11/2023",
    "Number of Vehicle Owners": "1",
    "HU": "New",
    "Climatisation": "Automatic climatisation, 3 zones",
    "Parking sensors": "Camera, Front, Rear",
    "Airbags": "Front and Side and More Airbags",
    "Colour (Manufacturer)": "ISLE OF MAN GRUEN METALLIC",
    "Colour": "Green Metallic",
    "Interior Design": "Full leather, Black",
    "Weight": "1,940 kg",
    "Cylinders": "6",
    "Energy consumption (comb.)": "10.3 l/100km",
    "CO₂ emissions (comb.)": "233 g/km"
  },
  "features": [
    "ABS",
    "Adaptive Cruise Control",
    "Alarm system",
    "Alloy wheels",
    "Ambient lighting",
    "Android Auto",
    "Apple CarPlay",
    "Arm rest",
    "Autom. dimming interior mirror",
    "Blind spot assist",
    "Bluetooth",
    "Cargo barrier",
    "Central locking",
    "DAB radio",
    "Digital cockpit",
    "Distance warning system",
    "Dynamic chassis control",
    "Electric seat adjustment",
    "Electric side mirror",
    "Electric tailgate",
    "Electric windows",
    "Eletric seat adjustment with memory function",
    "Emergency brake assist",
    "Emergency call system",
    "ESP",
    "Fatigue warning system",
    "Folding exterior mirrors",
    "Four-wheel drive",
    "Full Service History",
    "Glare-free high beam headlights",
    "Hands-free kit",
    "Head-up display",
    "Heated rear seats",
    "Heated seats",
    "Heated steering wheel",
    "High beam assist",
    "Hill-start assist",
    "Immobilizer",
    "Induction charging for smartphones",
    "Integrated music streaming",
    "Isofix",
    "Keyless central locking",
    "Lane change assist",
    "Laser headlights",
    "Leather steering wheel",
    "LED running lights",
    "Light sensor",
    "Lumbar support",
    "Multifunction steering wheel",
    "Navigation system",
    "Non-smoker vehicle",
    "On-board computer",
    "Paddle shifters",
    "Particulate filter",
    "Power Steering",
    "Rain sensor",
    "Roof rack",
    "Sound system",
    "Speed limit control system",
    "Sport seats",
    "Sports package",
    "Sports suspension",
    "Start-stop system",
    "Tinted windows",
    "Touchscreen",
    "Traction control",
    "Traffic sign recognition",
    "Tuner/radio",
    "Tyre pressure monitoring",
    "USB port",
    "Voice control",
    "Warranty",
    "Winter package",
    "Winter tyres",
    "WLAN / Wi-Fi hotspot"
  ]
},
{
  "title": "BMW Verkaufe BMW M3 G80 xDrive Competition",
  "previewImage": "https://img.classistatic.de/api/v1/mo-prod/images/fd/fd9e5dbe-3f04-4df8-b540-2d22a9eb8aa2?rule=mo-1600.jpg",
  "category": "Limousine",
  "brand": "BMW",
  "model": "M3",
  "url": "https://suchen.mobile.de/fahrzeuge/details.html?id=431934473",
  "price.total.amount": 84950,
  "priceRating": {
    "rating": "Good price",
    "priceRanges": {
      "Very good price": {
        "start": 62701,
        "end": 81500
      },
      "Good price": {
        "start": 81501,
        "end": 87800
      },
      "Fair price": {
        "start": 87801,
        "end": 97700
      },
      "Increased price": {
        "start": 97701,
        "end": 104800
      },
      "High price": {
        "start": 104801,
        "end": 116500
      }
    }
  },
  "description": "Verkauft wird ein BMW M3 Competition xDrive LCI I in der Farbe M Toronto Rot Metallic und schwarzer Vollleder Merino Feinnarbe Schwarz/Schwarz Innenausstattung mit folgenden Eckdaten:\n\n\n- Deutsches Fahrzeug LNP: 113.279,- Euro\n- Unfall- und Nachlackierungsfrei\n- Ich bin der erste Besitzer (kein Miet-/ Leasing-/ Vorführfahrzeug)\n- Steinschlagschutzfolie nach Auslieferung an Frontschürze, Motorhaube, Kotflügel, Schweller, Heckschürze und Diffusor (2.400,- Euro)\n- Service Inklusivepaket 60.000/ 5 Jahre (2.832.- Euro)\n- Einfahrservice 01/2024\n- Werkstgarantie 11/2026\n\nSerienausstattung:\nSteuerung EfficientDynamics\nM Drive Professional\nRadschraubensicherung\nM Sportdifferenzial\nReifendruck-Kontrolle\nAdaptives M Fahrwerk\nAlarmanlage\nWarndreieck und Verbandkasten\nInnen- und Außenspiegelpaket\nInnenspiegel automatisch abblendend\nSitzverstellung, elektrisch mit Memory für Fahrersitz\nLordosenstütze für Fahrer und Beifahrer\nAblagenpaket\nSitzheizung für Fahrer und Beifahrer\nGalvanikapplikation für Bedienelemente\nKlimaautomatik\nDeaktivierung Beifahrerairbag\nFondkopfstützen klappbar\nDAB-Tuner\nTeleservices\nGesetzlicher Notruf\nConnectedDrive Services\nConnected Package Professional\nAblage für Wireless Charging\nM Sportsitze\nM Hochglanz Shadow Line\nM Dachhimmel anthrazit\nM Hochglanz Shadow Line mit erweiterten Umfängen\nÖlwartungsintervall 30000 km / 24 Monate\nAktiver Fussgängerschutz\n\nSonderausstattung:\nLenkradheizung\nReifenreparatur Set\nAkustikverglasung\nM Compound-Bremse, rot hochglänzend\nM Leuchten Shadow Line\nSonnenschutzverglasung\nParking Assistant Plus\nHarman Kardon Surround Sound System\nBMW Live Cockpit Professional\nInnovationspaket\nKomfortzugang\nFernlichtassistent\nDriving Assistant Professional\nBMW Laserlicht\nDekodierung Zusatzfunktionen\nM Interieurleisten 'Carbon Fibre'\n\nDer M3 kommt aus absoluter Liebhaberhand (ausschließlich Handwäsche) und wurde schonend und peniebel eingefahren. Der Einfahrservice wurde erledigt und mit dem Service Inklusive Paket hat man die nächsten 5 Jahre bzw. 60.000 km keine weiteren Servicekosten. Verkauf wegen nichtgebrauch. Neuwertiger Zustand.\n\nDer Verkauf erfolgt von Privat mit allen damit verbundenen rechtlichen Regelungen. Irrtum und Tippfehler möglich. Erstkontakt bitte per Mail.",
  "dealerDetails": {
    "sellerType": "Private Seller",
    "country": "DE",
    "address": "DE-79639 Grenzach-Wyhlen",
    "location": {
      "latitude": 47.54908,
      "longitude": 7.69197
    },
    "iconUrl": null,
    "reviewPageUrl": null,
    "score": null,
    "activeRatingCount": null,
    "vehicleAsDescribedPercentage": null,
    "recommendPercentage": null,
    "soldVehicleCount": null,
    "reviews": []
  },
  "attributes": {
    "Vehicle condition": "Used vehicle",
    "Category": "Saloon",
    "Mileage": "5,800 km",
    "Power": "375 kW (510 hp)",
    "Drive type": "Internal combustion engine",
    "Fuel": "Petrol",
    "Transmission": "Automatic",
    "Emissions Sticker": "4 (Green)",
    "First Registration": "11/2023",
    "HU": "11/2026",
    "Climatisation": "A/C (man.)",
    "Parking sensors": "Rear",
    "Colour (Manufacturer)": "RED"
  },
  "features": [
    "ABS",
    "Alloy wheels",
    "Bluetooth",
    "Cruise control",
    "Full Service History",
    "Hands-free kit",
    "Heated seats",
    "Navigation system",
    "Tuner/radio"
  ]
},
{
  "title": "BMW M3 Facelift II*817 € netto Leasing ohne Anzahlun",
  "previewImage": "https://img.classistatic.de/api/v1/mo-prod/images/27/272c1595-3c97-4567-b3bd-0465dbf39122?rule=mo-1600.jpg",
  "category": "Limousine",
  "brand": "BMW",
  "model": "M3",
  "url": "https://suchen.mobile.de/fahrzeuge/details.html?id=431537580",
  "price.total.amount": 84900,
  "priceRating": {
    "rating": "Fair price",
    "priceRanges": {
      "Very good price": {
        "start": 59601,
        "end": 77500
      },
      "Good price": {
        "start": 77501,
        "end": 83500
      },
      "Fair price": {
        "start": 83501,
        "end": 92900
      },
      "Increased price": {
        "start": 92901,
        "end": 99700
      },
      "High price": {
        "start": 99701,
        "end": 110800
      }
    }
  },
  "description": "Getriebe: Automatik\nTechnik: Bordcomputer, Sperrdifferential, Adaptives Daempfungssystem, Partikelfilter, Start-Stop-Automatik, Volldigitales Kombiinstrument\nAssistenten: Totwinkel-Assistent, Müdigkeitserkennung, Verkehrszeichenerkennung, Park-Lenk-Assistent, Regensensor, Fernlichtassistent, Lichtsensor, Notbremsassistent, Berganfahrassistent, Spurhalteassistent, Spurwechselassistent, Abstandsregeltempomat, Ausparkassistent, Abstands-/Kollisionswarner\nKomfort: Klimaautomatik, Servolenkung, Zentralverriegelung, Elektrischer Fensterheber, Lederausstattung, Sitzheizung, Elektrische Aussenspiegel, Tempomat, Multifunktionslenkrad, Keyless Go Startfunktion, Elektrische Sitze, Innenspiegel autom. abblendbar, Mittelarmlehne, Innenraumfilter, Lenksaeule einstellbar, Sportsitze, ParkDistanceControl vorne und hinten, Elektrische Heckklappe, Keyless Entry, Memory Sitze, Ambientebeleuchtung, Lordosenstütze, Lederlenkrad, Geschwindigkeitsbegrenzungsanlage, Klimaautomatik-2-Zonen, Klimaautomatik-3-Zonen, Funkfernbedienung\nSicht: LED-Hauptscheinwerfer, adaptives Kurvenlicht, LED-Tagfahrlicht, 360 Grad Kamera, HEAD-UP-Display, LED-Rueckleuchten, Scheinwerferregulierung, Colorverglasung, Privacyverglasung\nSicherheit: ABS, Airbag, Beifahrer-Airbag, Wegfahrsperre, Seitenairbags, Alarmanlage, ESP, Antriebsschlupfregelung, Reifendruckkontrolle, Traktionskontrolle, Kopfairbag, Knieairbag, Kindersitzbefestigung, Anhängerstabilisierung, Notrufsystem, Pannenkit\nEntertainment: Navigationssystem, Soundsystem, Radio, Telefonvorbereitung, USB-Anschluss, MP3, Harman-Kardon, Bluetooth, Freisprecheinrichtung, Sprachsteuerung, DAB, WLAN, Touchscreen, Induktionsladen für Smartphones, Musikstreaming\nUmwelt: Grüne Umweltplakette\nQualität: Garantie, Scheckheftgepflegt, HUAU neu, Nichtraucherfahrzeug\nSonstiges: Katalysator, Schiebedach, Sportausstattung, Alufelgen, Winterreifen, ElektrischesPanoramadach, Sportpaket, Sportfahrwerk, Elektrische Parkbremse, Fahrerprofilauswahl\nWeiteres: Leder Merino Schwarz/Schwarz, Abgasnorm EU6 RDE II, M Drive Professional, EU spezifische Umfänge, Reifendruck-Kontrolle, Reifenreparatur Set, Alarmanlage, Automatische Heckklappenbetätigung, KOMFORTZUGANG, M Leuchten Shadow Line, Glasdach, elektrisch mit Schiebe-, SONNENSCHUTZVERGLASUNG, M Interieurleisten Aluminium, Galvanikapplikation für, Adaptiver LED-Scheinwerfer, FERNLICHTASSISTENT, DRIVING ASSISTANT PROFESSIONAL, Fondkopfstützen klappbar, PARKING ASSISTANT PLUS, DAB-Tuner, Harman Kardon Surround Sound System, gesetzlicher Notruf, Connecteddrive Services, Ablage für Wireless Charging, Personal eSIM, BMW Live Cockpit Professional, Innovationspaket, Deutschland-Ausführung, Ölwartungsintervall 30000 km / 24, COC Zusatzumfänge, Steuerung FAS 18, Steuerung D, M Sportdifferenzial, Adaptives M Fahrwerk, Oxford Green, Innenspiegel automatisch Abblendend, Sitzverstellung, elektrisch mit, Lordosenstütze für Fahrer und, KLIMAAUTOMATIK, M Sportsitze, M Hochglanz Shadow Line, M Dachhimmel anthrazit, M Hochglanz Shadow Line mit, KAELTEMITTEL, Aktiver Fußgängerschutz, Reifendruck-Kontrollsystem, Scheibenwischer mit Regensensor, Scheinwerfer LED, Knieairbag Fahrerseite, Heckleuchten LED, Ambiente-Beleuchtung, Leuchtweitenregelung, Multifunktion für Lenkrad, Lenksäule (Lenkrad) mechan. verstellbar, Reifen-Reparaturset (Mobility-Pack), Anhänger-Stabilisierungs-Programm (ASL), Sonnenschutzverglasung (hinten abgedunkelt), Klimaautomatik 3-Zonen mit autom. Umluft-Control, M Drive Professional (Fahrprofilauswahl), Schadstoffarm nach Abgasnorm Euro 6e, LM-Felgen, Aktives M Differential, Control-Display mit Farbmonitor (14,9 Zoll), Adaptives Fahrwerk M-Technic, Radioempfang digital (DAB+), Personalisierungssystem (BMW ID), Einstiegsleisten mit Einleger in Aluminium mit Schriftzug M, Head-up-Display Full Color, Spiegel-Paket, Rückfahrkamera, Schiebe-/Hebedach elektrisch (Glas), Geschwindigkeits-Regelanlage, Aktiv mit Stop&Go-Funktion, Komfortzugang (Öffnungs- und Schließsystem), Sitzbezug / Polsterung: Leder Merino Schwarz, Parkassistent-Paket Plus, Airbag Fahrer-/Beifahrerseite, Anti-Blockier-System (ABS), Seitenairbag vorn, Kopf-Airbag-System hinten, Kopf-Airbag-System vorn, Licht- und Regensensor, Service-System: Intelligenter Notruf inkl.\nInt.KnNr: 072518\nÄnderungen, Zwischenverkauf und Irrtümer vorbehalten. \nTrotz größter Mühe und Sorgfalt sind Fehler in dieser Fahrzeugbeschreibung nicht ausgeschlossen. Die Fahrzeugbeschreibung ist unverbindlich und stellt keinen Vertragsbestandteil im rechtlichen Sinne dar sondern dient nur der allgemeinen Identifizierung des Fahrzeugs. Ausschlaggebend sind einzig und allein die Vereinbarungen im Kaufvertrag / Auftragsbestätigung. Den genauen Ausstattungsumfang sowie alle weiteren Spezifikationen des Fahrzeugs erhalten Sie von unserem Verkaufspersonal.\n\nquality by dotzilla",
  "dealerDetails": {
    "id": 454448,
    "name": "BMW Autohaus Sperber GmbH & Co. KG",
    "sellerType": "Dealer",
    "phones": [
      "+49 (0)951 96433385",
      "+49 (0)951 96430330"
    ],
    "languages": [
      "Deutsch",
      "English",
      "Français"
    ],
    "country": "DE",
    "address": "Ohmstrasse 10a, DE-96050 Bamberg",
    "location": {
      "latitude": 49.8972862,
      "longitude": 10.919498
    },
    "activeSince": "2002-07-22T00:00:00.000Z",
    "homepageUrl": "https://home.mobile.de/home/redirect.html?customerId=454448",
    "iconUrl": null,
    "reviewPageUrl": "https://www.mobile.de/bewertungen/AH-SPERBER?lang=en",
    "score": {
      "total": 4.4,
      "responseTime": 4.4,
      "friendliness": 4.6,
      "advice": 4.3
    },
    "activeRatingCount": 148,
    "vehicleAsDescribedPercentage": 91,
    "recommendPercentage": 82,
    "soldVehicleCount": null,
    "reviews": []
  },
  "attributes": {
    "Vehicle condition": "Used vehicle, Accident-free",
    "Category": "Saloon",
    "Trim line": "m3",
    "Vehicle Number": "072518",
    "Availability": "Now",
    "Mileage": "26,355 km",
    "Cubic Capacity": "2,993 ccm",
    "Power": "375 kW (510 hp)",
    "Drive type": "Internal combustion engine",
    "Fuel": "Petrol",
    "CO₂ class": "Based on CO₂ emissions (combined)",
    "Fuel consumption": [
      "9.9 l/100km (combined)",
      "15.4 l/100km (city)",
      "10.0 l/100km (suburban)",
      "8.4 l/100km (country road)",
      "9.2 l/100km (motorway)"
    ],
    "Energy costs for 15,000 km annual mileage": "€2,667/Year",
    "Fuel price": "€1.80/l (annual average 2024)",
    "Possible CO₂ costs over the next 10 years (15,000 km/year)": [
      "€4,267 (assuming an average CO₂ price of €127/t)",
      "€2,016 (assuming a low average CO₂ price of €60/t)",
      "€6,720 (assuming a high average CO₂ price of €200/t)"
    ],
    "Vehicle tax": "€436/Year",
    "Number of Seats": "5",
    "Door Count": "4/5",
    "Transmission": "Automatic",
    "Emissions Sticker": "4 (Green)",
    "First Registration": "12/2024",
    "Construction Year": "2024",
    "Number of Vehicle Owners": "1",
    "HU": "New",
    "Climatisation": "Automatic climatisation, 3 zones",
    "Parking sensors": "360° camera, Front, Self-steering systems, Rear",
    "Airbags": "Front and Side and More Airbags",
    "Colour (Manufacturer)": "ALPINWEISS III",
    "Colour": "White",
    "Interior Design": "Full leather, Black",
    "Cylinders": "6",
    "Energy consumption (comb.)": "9.9 l/100km",
    "CO₂ emissions (comb.)": "224 g/km"
  },
  "features": [
    "ABS",
    "Adaptive cornering lights",
    "Adaptive Cruise Control",
    "Alarm system",
    "Alloy wheels",
    "Ambient lighting",
    "Arm rest",
    "Autom. dimming interior mirror",
    "Blind spot assist",
    "Bluetooth",
    "Central locking",
    "DAB radio",
    "Digital cockpit",
    "Distance warning system",
    "Dynamic chassis control",
    "Electric seat adjustment",
    "Electric side mirror",
    "Electric tailgate",
    "Electric windows",
    "Eletric seat adjustment with memory function",
    "Emergency brake assist",
    "Emergency call system",
    "Emergency tyre repair kit",
    "ESP",
    "Fatigue warning system",
    "Folding exterior mirrors",
    "Full Service History",
    "Hands-free kit",
    "Head-up display",
    "Heated seats",
    "High beam assist",
    "Hill-start assist",
    "Immobilizer",
    "Induction charging for smartphones",
    "Integrated music streaming",
    "Isofix",
    "Keyless central locking",
    "Lane change assist",
    "Leather steering wheel",
    "LED headlights",
    "LED running lights",
    "Light sensor",
    "Lumbar support",
    "Multifunction steering wheel",
    "Navigation system",
    "Non-smoker vehicle",
    "On-board computer",
    "Panoramic roof",
    "Particulate filter",
    "Power Steering",
    "Rain sensor",
    "Rear traffic alert",
    "Rear wheel drive",
    "Sound system",
    "Speed limit control system",
    "Sport seats",
    "Sports package",
    "Sports suspension",
    "Start-stop system",
    "Sunroof",
    "Tinted windows",
    "Touchscreen",
    "Traction control",
    "Traffic sign recognition",
    "Tuner/radio",
    "Tyre pressure monitoring",
    "USB port",
    "Voice control",
    "Warranty",
    "Winter tyres",
    "WLAN / Wi-Fi hotspot"
  ]
},
{
  "title": "BMW G80 M3 Competition  xdrive",
  "previewImage": "https://img.classistatic.de/api/v1/mo-prod/images/34/349907be-da8f-4c94-8c5c-85a370292a00?rule=mo-1600.jpg",
  "category": "Limousine",
  "brand": "BMW",
  "model": "M3",
  "url": "https://suchen.mobile.de/fahrzeuge/details.html?id=433709753",
  "price.total.amount": 85000,
  "priceRating": {
    "rating": "Good price",
    "priceRanges": {
      "Very good price": {
        "start": 62901,
        "end": 81800
      },
      "Good price": {
        "start": 81801,
        "end": 88100
      },
      "Fair price": {
        "start": 88101,
        "end": 98000
      },
      "Increased price": {
        "start": 98001,
        "end": 105200
      },
      "High price": {
        "start": 105201,
        "end": 116900
      }
    }
  },
  "description": "Kein Tausch !!!!\n\nVerkaufe meinen BMW G80 M3 xdrive\n\nDeutsches Fahrzeug\n\nScheckheft gepflegt bei BMW\n\nKotte Performance Leistungssteigerung ( 720 ps )\n\nKw Variante 3\n\nWheelforce cf4 in 20/21 Zoll\n\nKomplett Keramik versiegelt\n\nKlappenanlage steuerbar\n\nGroßer Service gerade erledigt\n\n2 Hand\n\nKein Tausch !!!!!!!\nKeine Ratenzahlung!!!!!\nGeht mir ja nicht auf den Sack mit ich geb dir",
  "dealerDetails": {
    "sellerType": "Private Seller",
    "country": "DE",
    "address": "DE-36100 Petersberg",
    "location": {
      "latitude": 50.56142,
      "longitude": 9.71025
    },
    "iconUrl": null,
    "reviewPageUrl": null,
    "score": null,
    "activeRatingCount": null,
    "vehicleAsDescribedPercentage": null,
    "recommendPercentage": null,
    "soldVehicleCount": null,
    "reviews": []
  },
  "attributes": {
    "Vehicle condition": "Used vehicle",
    "Category": "Saloon",
    "Mileage": "24,900 km",
    "Power": "530 kW (721 hp)",
    "Drive type": "Internal combustion engine",
    "Fuel": "Petrol",
    "Transmission": "Automatic",
    "First Registration": "07/2021",
    "HU": "08/2025",
    "Climatisation": "A/C (man.)",
    "Parking sensors": "Rear",
    "Colour (Manufacturer)": "BLACK"
  },
  "features": [
    "ABS",
    "Alloy wheels",
    "Bluetooth",
    "Cruise control",
    "Full Service History",
    "Hands-free kit",
    "Heated seats",
    "Navigation system",
    "Tuner/radio"
  ]
},
{
  "title": "BMW M3 Touring PA-Plus+DA-Prof.+HK-HiFi+Laserlicht",
  "previewImage": "https://img.classistatic.de/api/v1/mo-prod/images/77/77a151f3-b014-4f7c-9386-a0164c4f9fe3?rule=mo-1600.jpg",
  "category": "EstateCar",
  "brand": "BMW",
  "model": "M3",
  "url": "https://suchen.mobile.de/fahrzeuge/details.html?id=409125198",
  "price.total.amount": 84950,
  "priceRating": {
    "rating": "Fair price",
    "priceRanges": {
      "Very good price": {
        "start": 56801,
        "end": 73800
      },
      "Good price": {
        "start": 73801,
        "end": 79500
      },
      "Fair price": {
        "start": 79501,
        "end": 88400
      },
      "Increased price": {
        "start": 88401,
        "end": 94900
      },
      "High price": {
        "start": 94901,
        "end": 105400
      }
    }
  },
  "description": "Antrieb, Fahrwerk\nAdaptives M Fahrwerk\nAllrad\nM Drive Professional\nM Sportdifferential\nSportfahrwerk\n\nAußenausstattung\nDachreling Hochglanz Shadow-Line\nHeckklappenbetätigung automatisch\nWärme-/Sonnenschutzverglasung\n\nEditionen und Pakete\nAblagenpaket\nConnectedDrive Services (laufzeitgebundener Dienst)\nConnectedPackage Professional (laufzeitgebundener Dienst)\n\nExterieur\nDachreling\nElektrische Gepäckraumklappe\n\nFahrerassistenz\nBMW Drive Recorder (Dashcam)\nFahrassistenz-System: Driving Assistant Professional\nGesetzlicher Notruf\nPark Distance Control (PDC)\nParkassistent-Paket Plus\nRückfahrkamera\nSpurverlassenswarnung\nSpurwechselwarnung\nTeleServices\n\nIndividualumfänge\nBMW Individual Dachreling Hochglanz Shadow Line\nBMW Individual Hochglanz Shadow Line\nBMW Individual Hochglanz Shadow Line mit erweiterten Umfängen\nDachhimmel Individual anthrazit\nScheinwerfer BMW Individual Shadow-Line\n\nKomfort, Innenausstattung\nAbstandsregeltempomat\nAktive Sitzbelüftung vorn\nAmbiente-Beleuchtung\nAußenspiegel elektr. anklappbar\nAußenspiegel elektr. verstell- und heizbar\nBordcomputer\nDAB-Tuner (Radioempfang digital)\nDurchladeeinrichtung (Mittelarmlehne hinten)\nDurchladesystem\nEinparkhilfe Sensoren vorne\nFensterheber elektrisch\nFensterheber, elektrisch\nFondkopfstützen klappbar\nFreisprecheinrichtung Bluetooth mit USB-/Audio-Schnittstelle\nFunkfernbedienung\nGalvanikapplikation für Bedienelemente\nInduktionsladeschale für Smartphone (Wireless Charging)\nInnen- und Aussenspiegel automatisch abblendend\nInnenausstattung: Interieurleisten Carbon\nInnenspiegel mit Abblendautomatik\nIsofix-Aufnahmen für Kindersitz an Rücksitz\nKeyless Entry\nKlimaautomatic\nKlimaautomatik 3-Zonen mit autom. Umluft-Control\nKomfortzugang (Öffnungs- und Schließsystem)\nLeder\nLederlenkrad\nLendenwirbelstütze Sitz vorn links und rechts, elektr. verstellbar\nLenkrad (Leder) mit Multifunktion M-Technic\nLenkrad heizbar\nLordose\nLordosenstuetze fuer Fahrer und Beifahrer\nM Sportsitze\nMultifunktionslenkrad\nPark-Distance-Control (PDC) vorn und hinten\nScheibenwischer mit Regensensor\nService-System: Real Time Traffic Information (RTTI)\nSicherheitsgurte M\nSitze vorn elektr. verstellbar (mit Memory)\nSitzheizung\nSitzheizung fuer Fahrer und Beifahrer\nSitzheizung vorn + hinten\nSitzverstellung, elektrisch mit Memory\nSonnenschutzverglasung (hinten abgedunkelt)\nSportsitze\nSpurhalteassistent\nStart/Stop-Anlage (Funktion)\nStart-Stop-Knopf\nWidescreen Display\nZentralverriegelung\nZentralverriegelung mit Fernbedienung\n\nMultimedia\nBluetooth\nBMW Live Cockpit Professional\nBordcomputer\nDAB Tuner\nFreisprecheinrichtung\nSound-System Harman-Kardon\nTelefon\nUSB Schnittstelle\n\nRäder\nLM-Felgen vorn/hinten: 9,5x19 / 10,5x20 (Doppelspeichen 826 M, Bicolor, Schwarz)\nRadschraubensicherung\nReifen-Reparaturset (Mobility-Pack)\n\nSicherheit/Umwelt\nAdaptives Fahrwerk M-Technic\nAirbag Beifahrerseite abschaltbar\nAlarmanlage\nAnti-Blockier-System (ABS)\nAntriebsart: Allradantrieb\nAntriebsart: xDrive (Allrad)\nDynamische Stabilitäts-Control (DSC) mit erweiterter Umfang\nFahrassistenz-System: Active Guard (Bremsassistent)\nFahrassistenz-System: Aufmerksamkeits-Assistent\n\nSitzbezug\nVOLLLED.MERINO/SILVERSTONE\n\nSonstiges\nAblage für Wireless Charging \nActive Guard\nBlow by-Heizer\nBMW Curved Display\nCO2-Umfang\nControl-Display mit Farbmonitor (14,9 Zoll)\nDekodierung Zusatzfunktionen\nDeutsch / Bordliteratur\nElektrisch verstellbare Spiegel\nEntfall spezifischer Designumfänge\nEU-spezifische Zusatzumfaenge\nFahrassistenz-System: aktiver Spurhalteassistent\nFahrassistenz-System: Ampel-Erkennung\nFahrassistenz-System: Ausweich-Assistent\nFahrassistenz-System: Falschfahrwarnung\nFahrassistenz-System: Frontkollisionswarnung\nFahrassistenz-System: Heckaufprall-Vermeidung (Prävention Heckkollision)\nFahrassistenz-System: Kreuzungs-Assistent\nFahrassistenz-System: Querverkehrs-Assistent\nFahrassistenz-System: Rückfahr-Assistent\nFahrassistenz-System: Spurwechselassistent\nFahrassistenz-System: Spurwechsel-Warnsystem\nGeschwindigkeits-Regelanlage, Aktiv mit Stop&Go-Funktion\nKältemittel\nKilometertacho\nMetallic-Lackierung\nMüdigkeitswarnsystem\nNotrufsystem\nÖlwartungsintervall 24 Monate/30.000 km\nPersonalisierungssystem (Personal eSIM)\nReifendruckkontrollsystem\nReifensystem Performance\nRückfahrkamera (Top View)\nSteuerung Infotainment\nSteuerung Karosserie\nSurround-Kamerasystem (Surround View)\n\nUmwelt, Sicherheit\nAbgasnorm EU6 RDE II\nABS\nAktiver Fussgängerschutz\nAlarmanlage\nAuto Start/Stop Funktion \nBeifahrerairbag\nBeifahrerairbag-Deaktivierung\nESP\nFahrassistenz-System: Fernlichtassistent\nFahrerairbag\nInnenspiegel, automatisch abblendend\nKindersitzbefestigung ISOFIX\nKopfairbag\nNotbremsassistent\nPASM\nRegensensor\nReifen Druck Control\nScheinwerfer Laserlicht\nSeitenairbag\nTraction Control\nWarndreieck\nWegfahrsperre\n\nKommissionsverkauf\nBei Fragen, dürfen Sie sich jederzeit gerne bei uns melden.\nTel.: 08031 2140-9130 Irrtümer und Zwischenverkauf vorbehalten.",
  "dealerDetails": {
    "id": 457453,
    "name": "Autohaus Unterberger GmbH",
    "sellerType": "Dealer",
    "phones": [
      "+49 (0)8031 350951616"
    ],
    "languages": [
      "Deutsch",
      "English"
    ],
    "country": "DE",
    "address": "Sepp-Heindl-Strasse 2, DE-83026 Rosenheim",
    "location": {
      "latitude": 47.8432107,
      "longitude": 12.0839006
    },
    "activeSince": "2003-01-09T00:00:00.000Z",
    "homepageUrl": "https://home.mobile.de/home/redirect.html?customerId=457453",
    "iconUrl": "https://img.classistatic.de/api/v1/mo-prod/images/4a/4a312e72-83bf-4c8e-ad5e-2e21475792dd?rule=mo-640.jpg",
    "reviewPageUrl": "https://www.mobile.de/bewertungen/UNTERBERGER-GMBH?lang=en",
    "score": {
      "total": 4.6,
      "responseTime": 4.7,
      "friendliness": 4.6,
      "advice": 4.4
    },
    "activeRatingCount": 26,
    "vehicleAsDescribedPercentage": 95,
    "recommendPercentage": 87,
    "soldVehicleCount": null,
    "reviews": []
  },
  "attributes": {
    "Vehicle condition": "Used vehicle, Accident-free",
    "Category": "Estate car",
    "Model range": "G81",
    "Trim line": " PA-Plus+DA-Prof.+HK-HiFi+Laserlicht",
    "Vehicle Number": "FP27977",
    "Availability": "Now",
    "Mileage": "32,000 km",
    "Cubic Capacity": "2,993 ccm",
    "Power": "375 kW (510 hp)",
    "Drive type": "Internal combustion engine",
    "Fuel": "Petrol, E10-enabled",
    "Number of Seats": "5",
    "Door Count": "4/5",
    "Transmission": "Automatic",
    "Emission Class": "Euro6d",
    "Emissions Sticker": "4 (Green)",
    "First Registration": "01/2023",
    "Construction Year": "2022",
    "Number of Vehicle Owners": "2",
    "HU": "11/2026",
    "Climatisation": "Automatic climatisation, 3 zones",
    "Parking sensors": "Rear, 360° camera, Front, Self-steering systems",
    "Airbags": "Front and Side and More Airbags",
    "Colour (Manufacturer)": "FROZEN PURE GREY II METALLIC",
    "Colour": "Grey Metallic Matte",
    "Interior Design": "Full leather, Black",
    "Weight": "1,940 kg",
    "Tank capacity": "59 l"
  },
  "features": [
    "ABS",
    "Adaptive cornering lights",
    "Adaptive Cruise Control",
    "Alarm system",
    "Alloy wheels",
    "Ambient lighting",
    "Android Auto",
    "Apple CarPlay",
    "Arm rest",
    "Autom. dimming interior mirror",
    "Blind spot assist",
    "Bluetooth",
    "Central locking",
    "DAB radio",
    "Digital cockpit",
    "Distance warning system",
    "Dynamic chassis control",
    "Electric seat adjustment",
    "Electric side mirror",
    "Electric tailgate",
    "Electric windows",
    "Emergency brake assist",
    "Emergency call system",
    "ESP",
    "Fatigue warning system",
    "Four-wheel drive",
    "Full Service History",
    "Glare-free high beam headlights",
    "Hands-free kit",
    "Heated seats",
    "Heated steering wheel",
    "High beam assist",
    "Hill-start assist",
    "Immobilizer",
    "Induction charging for smartphones",
    "Integrated music streaming",
    "Isofix",
    "Keyless central locking",
    "Lane change assist",
    "Laser headlights",
    "Leather steering wheel",
    "LED running lights",
    "Light sensor",
    "Lumbar support",
    "Multifunction steering wheel",
    "Navigation system",
    "Non-smoker vehicle",
    "On-board computer",
    "Particulate filter",
    "Power Steering",
    "Rain sensor",
    "Roof rack",
    "Seat ventilation",
    "Sound system",
    "Speed limit control system",
    "Sport seats",
    "Sports package",
    "Sports suspension",
    "Start-stop system",
    "Tinted windows",
    "Touchscreen",
    "Traction control",
    "Traffic sign recognition",
    "Tuner/radio",
    "Tyre pressure monitoring",
    "USB port",
    "Voice control"
  ]
},
{
  "title": "BMW M3 Competition Drive Assist Prof*Laser*Live Cock",
  "previewImage": "https://img.classistatic.de/api/v1/mo-prod/images/b4/b4d6e8f4-b63a-4b48-adf1-0cbdf5f8652d?rule=mo-1600.jpg",
  "category": "EstateCar",
  "brand": "BMW",
  "model": "M3",
  "url": "https://suchen.mobile.de/fahrzeuge/details.html?id=425221334",
  "price.total.amount": 84990,
  "priceRating": {
    "rating": "Fair price",
    "priceRanges": {
      "Very good price": {
        "start": 58701,
        "end": 76300
      },
      "Good price": {
        "start": 76301,
        "end": 82100
      },
      "Fair price": {
        "start": 82101,
        "end": 91300
      },
      "Increased price": {
        "start": 91301,
        "end": 98000
      },
      "High price": {
        "start": 98001,
        "end": 108900
      }
    }
  },
  "description": "Antrieb, Fahrwerk\nAdaptives M Fahrwerk\nAllrad\nM Sportdifferenzial\n\nAußenausstattung\nDachreling Hochglanz Shadow-Line\nHeckklappenbetätigung automatisch\nWärme-/Sonnenschutzverglasung\n\nEditionen und Pakete\nAblagenpaket\nConnected Package Professional (laufzeitgebundener Dienst)\nConnectedDrive Services (laufzeitgebundener Dienst)\nGepäckraum-Paket\nInnovations-Paket\nM Driver´s Package\n\nExterieur\nDach und Spiegelkappen schwarz\n\nFahrerassistenz\nBMW Drive Recorder (Dashcam)\nFahrassistenz-System: Driving Assistant Professional\nGesetzlicher Notruf\nParkassistent-Paket Plus\nTeleservices\n\nIndividualumfänge\nM Dachreling Hochglanz Shadow Line\nM Hochglanz Shadow Line\nM Hochglanz Shadow Line mit erweiterten Umfängen\n\nKomfort, Innenausstattung\nAktive Sitzbelüftung vorn\nAmbiente-Beleuchtung\nAußenspiegel elektr. anklappbar\nAußenspiegel elektr. verstell- und heizbar\nBordcomputer\nDAB-Tuner (Radioempfang digital)\nDurchladeeinrichtung (Mittelarmlehne hinten)\nDurchladesystem\nEinparkhilfe Sensoren hinten\nEinparkhilfe Sensoren vorne\nFensterheber elektrisch\nFensterheber, elektrisch\nFondkopfstützen klappbar\nFreisprecheinrichtung Bluetooth mit USB-/Audio-Schnittstelle\nGalvanikapplikation für Bedienelemente\nGeschwindigkeits-Begrenzeranlage (Speed Limit Device)\nInduktionsladeschale für Smartphone (Wireless Charging)\nInnen- und Außenspiegelpaket\nInnenausstattung: Interieurleisten Carbon\nInnenspiegel mit Abblendautomatik\nIsofix-Aufnahmen für Kindersitz an Rücksitz\nKlimaautomatik\nKlimaautomatik 3-Zonen mit autom. Umluft-Control\nKomfortzugang (Öffnungs- und Schließsystem)\nLendenwirbelstütze Sitz vorn links und rechts, elektr. verstellbar\nLenkrad (Leder) mit Multifunktion M-Technic\nLenkrad heizbar\nLordosenstütze für Fahrer und Beifahrer\nM Sportsitze\nPark-Distance-Control (PDC) vorn und hinten\nScheibenwischer mit Regensensor\nService-System: Real Time Traffic Information (RTTI)\nSicherheitsgurte M\nSitze vorn elektr. verstellbar (mit Memory)\nSitzheizung für Fahrer und Beifahrer\nSitzheizung vorn + hinten\nSitzverstellung elektrisch mit Memory für Fahrersitz\nSkisack\nSonnenschutzverglasung (hinten abgedunkelt)\nStart/Stop-Anlage (Funktion)\nStart-Stop-Knopf\nWidescreen Display\nZentralverriegelung mit Fernbedienung\n\nMultimedia\nBMW Live Cockpit Professional\nBordcomputer\nDAB Tuner\nFreisprecheinrichtung\nSound-System Harman-Kardon\nTelefon\n\nRäder\nLM-Felgen\nRadschraubensicherung\n\nSicherheit/Umwelt\nAdaptives Fahrwerk M-Technic\nAirbag Beifahrerseite abschaltbar\nAlarmanlage\nAnti-Blockier-System (ABS)\n\nSitzbezug\nVollleder Merino Silverstone/Schwarz\n\nSonstiges\n19\"/20\" M Schmiederäder Doppelspeiche 826 M Schwarz / MB\nAblage für Wireless Charging\nABS\nActive Guard\nActive Protection\nAktive Sitzbelüftung vorn\nBlow by-Heizer\nBMW Curved Display\nBMW Drive Recorder\nBMW Laserlicht\nBMW Live Cockpit Professional (laufzeitgebundener Dienst)\nBremsanlage: Compound - M Bremssystem (Bremssättel Rot)\nControl-Display mit Farbmonitor (14,9 Zoll)\nDekodierung Zusatzfunktionen\nDeutsch / Bordliteratur\nDeutschland-Ausfuehrung\nDriving Assistant Professional\nElektrisch verstellbare Spiegel\nEU-spezifische Zusatzumfaenge\nFahrassistenz-System: aktiver Spurhalteassistent\nFahrassistenz-System: Ampel-Erkennung\nFahrassistenz-System: Ausweich-Assistent\nFahrassistenz-System: Driving Assistant\nFahrassistenz-System: Falschfahrwarnung\nFahrassistenz-System: Frontkollisionswarnung\nFahrassistenz-System: Heckaufprall-Vermeidung (Prävention Heckkollision)\nFahrassistenz-System: Kreuzungs-Assistent\nFahrassistenz-System: Querverkehrs-Assistent\nFahrassistenz-System: Rückfahr-Assistent\nFahrassistenz-System: Spurwechselassistent\nFahrassistenz-System: Spurwechsel-Warnsystem\nFahrerairbag\nFernlichtassistent\nGepäckraumpaket\nGeschwindigkeits-Regelanlage, Aktiv mit Stop&Go-Funktion\nHarman Kardon Surround Sound System\nInnovationspaket\nKaeltemittel\nKilometertacho\nKomfortzugang\nLeder\nLenkradheizung\nM Compound-Bremse, rot hochglänzend\nM Drive Professional\nM Driver's Package\nM Interieurleisten 'Carbon Fibre'\nM Leuchten Shadow Line\nM Sicherheitsgurte\nMetallic-Lackierung\nMultifunktionslenkrad\nÖlwartungsintervall 24 Monate/30.000 km\nParking Assistant Plus\nPersonal eSIM\nPersonalisierungssystem (Personal eSIM)\nRückfahrkamera (Top View)\nScheinwerfer BMW Individual Shadow-Line\nSeitenairbag\nSitzheizung\nSonnenschutzverglasung\nSportfahrwerk\nSportsitze\nSteuerung D\nSteuerung EfficientDynamics\nSteuerung G\nSteuerung Infotainment\nSteuerung K\nSteuerung Karosserie\nSurround-Kamerasystem (Surround View)\nWegfahrsperre\nZentralverriegelung\n\nUmwelt, Sicherheit\nAbgasnorm EU6 RDE II\nAktiver Fussgängerschutz\nAlarmanlage mit Fernbedienung\nBeifahrerairbag\nBeifahrerairbag-Deaktivierung\nESP\nFahrassistenz-System: Fernlichtassistent\nInnenspiegel automatisch abblendend\nKindersitzbefestigung ISOFIX\nPASM\nRegensensor\nReifendruck-Kontrolle\nScheinwerfer Laserlicht\nSicherheitssystem Active Protection\nTraction Control\nWarndreieck\nIrrtümer und Zwischenverkauf vorbehalten.",
  "dealerDetails": {
    "id": 2827937,
    "name": "BMW Automag GmbH - BMW Vertragshändler",
    "sellerType": "Dealer",
    "phones": [
      "+49 (0)89 255521692",
      "+49 89 5102280"
    ],
    "languages": [
      "Deutsch",
      "English"
    ],
    "country": "DE",
    "address": "Landsberger Straße 170, DE-80687 München",
    "location": {
      "latitude": 48.1409808,
      "longitude": 11.5241697
    },
    "activeSince": "2009-08-18T00:00:00.000Z",
    "homepageUrl": "https://home.mobile.de/home/redirect.html?customerId=2827937",
    "iconUrl": null,
    "reviewPageUrl": "https://www.mobile.de/bewertungen/AUTOMAGGMBH?lang=en",
    "score": {
      "total": 4.4,
      "responseTime": 4.4,
      "friendliness": 4.6,
      "advice": 4.3
    },
    "activeRatingCount": 19,
    "vehicleAsDescribedPercentage": 92,
    "recommendPercentage": 68,
    "soldVehicleCount": null,
    "reviews": []
  },
  "attributes": {
    "Vehicle condition": "Used vehicle, Accident-free",
    "Category": "Estate car",
    "Model range": "G81",
    "Trim line": "Drive Assist Prof*Laser*Live Cockpit Prof*Komfortpaket…",
    "Vehicle Number": "MAG51000984",
    "Availability": "Now",
    "Origin": "German edition",
    "Mileage": "36,276 km",
    "Cubic Capacity": "2,993 ccm",
    "Power": "375 kW (510 hp)",
    "Drive type": "Internal combustion engine",
    "Fuel": "Petrol, E10-enabled",
    "Number of Seats": "5",
    "Door Count": "4/5",
    "Transmission": "Automatic",
    "Emission Class": "Euro6d",
    "Emissions Sticker": "4 (Green)",
    "First Registration": "12/2023",
    "Construction Year": "2023",
    "Number of Vehicle Owners": "1",
    "HU": "12/2026",
    "Climatisation": "Automatic climatisation, 3 zones",
    "Parking sensors": "360° camera, Rear, Front, Self-steering systems",
    "Airbags": "Front and Side and More Airbags",
    "Colour (Manufacturer)": "M Brooklyn Grau",
    "Colour": "Grey Metallic",
    "Interior Design": "Full leather, Black",
    "Weight": "1,940 kg",
    "Cylinders": "6",
    "Tank capacity": "59 l"
  },
  "features": [
    "ABS",
    "Adaptive cornering lights",
    "Adaptive Cruise Control",
    "Alarm system",
    "Alloy wheels",
    "Ambient lighting",
    "Android Auto",
    "Apple CarPlay",
    "Arm rest",
    "Autom. dimming interior mirror",
    "Blind spot assist",
    "Bluetooth",
    "Central locking",
    "DAB radio",
    "Digital cockpit",
    "Distance warning system",
    "Dynamic chassis control",
    "Electric seat adjustment",
    "Electric side mirror",
    "Electric tailgate",
    "Electric windows",
    "Eletric seat adjustment with memory function",
    "Emergency brake assist",
    "Emergency call system",
    "ESP",
    "Fatigue warning system",
    "Four-wheel drive",
    "Full Service History",
    "Glare-free high beam headlights",
    "Hands-free kit",
    "Heated seats",
    "Heated steering wheel",
    "High beam assist",
    "Hill-start assist",
    "Immobilizer",
    "Induction charging for smartphones",
    "Isofix",
    "Keyless central locking",
    "Lane change assist",
    "Laser headlights",
    "Leather steering wheel",
    "LED running lights",
    "Light sensor",
    "Lumbar support",
    "Multifunction steering wheel",
    "Navigation system",
    "Non-smoker vehicle",
    "On-board computer",
    "Particulate filter",
    "Power Steering",
    "Rain sensor",
    "Roof rack",
    "Seat ventilation",
    "Ski bag",
    "Sound system",
    "Speed limit control system",
    "Sport seats",
    "Sports package",
    "Sports suspension",
    "Start-stop system",
    "Tinted windows",
    "Touchscreen",
    "Traction control",
    "Traffic sign recognition",
    "Tuner/radio",
    "Tyre pressure monitoring",
    "USB port",
    "Voice control",
    "Warranty"
  ]
},
{
  "title": "BMW M3 Competition M xDrive Touring DAProf ACC HUD",
  "previewImage": "https://img.classistatic.de/api/v1/mo-prod/images/c7/c74ad63c-f4e4-400e-9c0d-1b5c6d5c8ec1?rule=mo-1600.jpg",
  "category": "EstateCar",
  "brand": "BMW",
  "model": "M3",
  "url": "https://suchen.mobile.de/fahrzeuge/details.html?id=432543473",
  "price.total.amount": 84930,
  "priceRating": {
    "rating": "Good price",
    "priceRanges": {
      "Very good price": {
        "start": 64101,
        "end": 83400
      },
      "Good price": {
        "start": 83401,
        "end": 89800
      },
      "Fair price": {
        "start": 89801,
        "end": 99800
      },
      "Increased price": {
        "start": 99801,
        "end": 107200
      },
      "High price": {
        "start": 107201,
        "end": 119100
      }
    }
  },
  "description": "Verbrauch und Emission (WLTP)\nPrimärer Antrieb Verbrauch innerorts: 15,70 l/100 km\nPrimärer Antrieb Verbrauch Stadtrand: 10,20 l/100 km\nPrimärer Antrieb Verbrauch Landstraße: 8,80 l/100 km\nPrimärer Antrieb Verbrauch Autobahn: 9,70 l/100 km\nPrimärer Antrieb Verbrauch kombiniert: 10,30 l/100 km\nCO2 Emission kombiniert: 233 g/km\n\nBereifung\nAktuelle Bereifung: Winterreifen\n\nModelljahr\nModelljahr: 2024\n\nGetriebe\nAutomatikgetriebe DriveLogic, 8 Gänge\n\nAusstattungslinie\nAusstattungslinie Exterieur: Competition\n\nAusstattungspakete\nOptikpaket: BMW Individual Hochglanz Shadow Line\nAblagepaket\nSpiegelpaket\n\nAssistenzsysteme\nHead-up-Display HUD\nBlendfreier Fernlichtassistent: BMW Selective Beam\nBMW ParkAssistent mit PDC vorne u. hinten: + automatisches Einparken\nRückfahrkamera: + Frontkamera\nSurround View: Top View, Panorama View, Remote 3D View\nFahrlichtautomatik\nAktive Geschwindigkeitsregelung mit Stop & Go: Abstandstempomat\nBerganfahrhilfe\nHill Descent Control HDC\nSpracheingabesystem\nMüdigkeitserkennung\nSpurwechselassistent\nSpurhalteassistent\nCornering Brake Control CBC\nFahrerassistenzpaket: Driving Assistant Professional, Parking Assistant Plus\nActive Guard Auffahrwarnung: mit Bremseingriff\nVerkehrszeichenerkennung\nGespannstabilisierung\n\nLicht und Sicht\nAdaptiver LED-Scheinwerfer\nAdaptives Kurvenlicht\nAbbiegelicht\nLED-Tagfahrlicht\nRegensensor\nAutomatisch abblendende Innen- und Außenspiegel\nSonnenschutzverglasung\nDynamische Leuchtweitenregulierung\nAmbientebeleuchtung mehrfarbig\nLichtsensor\n\nAudio & Kommunikation\nMultimedia-System\nBMW Navigationssystem Professional: inkl. Augmented View & RTTI\nBMW Professional Radio\nMulti-Funktions-Display: Widescreen Display\nDigitaler Radioempfang DAB\niDrive\nHarman/Kardon Soundsystem: Surround Sound\nUSB Anschluss, Bluetooth Audiostreaming\nBMW ConnectedDrive: Connected Package Professional\nHandyvorbereitung Bluetooth: inkl. Freisprecheinrichtung\nAndroid Auto u. Apple CarPlay\nKabelloses Laden für Handys: Ablage für Wireless Charging\nWLAN Hotspot\n\nKomfort\nBMW Live Cockpit Professional\nKlimaautomatik, 3 Zonen\nFahrer-/Beifahrersitz elektrisch\nMemoryfunktion Fahrersitz\nLordosenstütze Fahrer/Beifahrer\nSitzheizung Fahrer/Beifahrer\nSportsitze: M Sportsitze Fahrer/Beifahrer\nArmauflage Fahrer/Beifahrer\nServotronic\nLenksäule verstellbar\nKomfortzugang\nAuto Start Stop Funktion\nZentralver. mit Fernbedienung\nFensterheber elektrisch 4-fach\nKopfstützen vorn und hinten\nAutomatische Heckklappenbetätigung\nSitzklimatisierung vorn\nM Drive: Professional\nGetränkehalter\n\nInterieur\nSitze Leder Merino\nMultifunktions-Lederlenkrad\nBordcomputer\nRücksitze klapp- und teilbar\nLaderaumabdeckung\nDurchladesystem\nDekoreinlagen Aluminium: Rhombicle Anthrazit\nBodenbelag Teppich: Fußmatten in Velours\nLenkrad-Schaltwippen\n\nExterieur\nAntrieb: Allrad\nAdaptives Fahrwerk\nM Sportfahrwerk\nTouchscreen Bedienung\nDifferentialsperre: Aktives M Differential\nSportbremsanlage\nLeichtmetallfelgen\nAußenspiegel elekt. anklappbar\nDachreling: BMW Individual Hochglanz Shadow Line\nAntenne elekt.\nReifenpannenset\nSportabgasanlage\nInnovationspaket\nNotrufsystem: Intelligenter Notruf\nGeschwindigkeitsbegrenzer\nFahrzeugpersonalisierung: BMW ID\n\nSicherheit\nISOFIX Kindersitzbefestigung\nFußgängerschutzsystem\nFahrer- /Beifahrerairbag\nKopfairbag vorn\nSeitenairbag vorn und hinten\nFondairbags\nKnieairbag Fahrer\nDynamische Traktions Control DTC\nDynamische Stabilitäts Control DSC\nReifen Pannen Anzeige RPA\nDiebstahlwarnanlage\nAußentemperatur Anzeige\nVerzurrösen\nAntiblockiersystem ABS\nBremsverschleißanzeige\nProaktives Insassenschutzsystem: Active Protection\nCity-Anbremsfunktion\nQuerverkehrswarnung\n\nWeitere Ausstattung\nM Sicherheitsgurte\nM Leuchten Shadow Line\nBMW Individual Dachhimmel anthrazit\nInstrumententafel Luxury\nAkustikverglasung\nSonnenschutzrollos hinten\nGalvanikapplikation für Bedienelemente\nGepäckraumpaket\nÖlwartungsintervall 24 Monate/30.000 km\nGebrauchtwagensiegel: BMW Premium Selection\nehemalige unverbindliche Preisempfehlung des Herstellers: 114870 EUR\n\nFahrdaten\nvMax: 280 km/h\nBeschleunigung: 4 Sek. 0-100 km/h\n\nSonstige Maße und Gewichte\nNutzlast: 430 kg\nzulässiges Gesamtgewicht: 2.370 kg\n\nDie im Inserat aufgeführten Ausstattungsmerkmale sind unverbindlich. Maßgeblich für den Kauf ist allein der schriftliche Kaufvertrag. Angaben im Inserat begründen keine Beschaffenheitsvereinbarung. Verbindliche Ausstattungsangaben werden ausschließlich im Kaufvertrag festgelegt.",
  "dealerDetails": {
    "id": 454145,
    "name": "WELLER Premium GmbH - BMW & MINI Vertragshändler",
    "sellerType": "Dealer",
    "phones": [
      "+49 (0)5141 593412473"
    ],
    "languages": [
      "Deutsch"
    ],
    "country": "DE",
    "address": "An der Koppel 1, DE-29227 Celle",
    "location": {
      "latitude": 52.5906725,
      "longitude": 10.0667152
    },
    "activeSince": "1999-07-01T00:00:00.000Z",
    "homepageUrl": "https://home.mobile.de/home/redirect.html?customerId=454145",
    "iconUrl": "https://img.classistatic.de/api/v1/mo-prod/images/d2/d28dbb1d-a972-4546-8688-6638510f5163?rule=mo-640.jpg",
    "reviewPageUrl": "https://www.mobile.de/bewertungen/B-K-CELLE?lang=en",
    "score": {
      "total": 4.1,
      "responseTime": 4.3,
      "friendliness": 4.2,
      "advice": 3.9
    },
    "activeRatingCount": 40,
    "vehicleAsDescribedPercentage": 82,
    "recommendPercentage": 75,
    "soldVehicleCount": null,
    "reviews": []
  },
  "attributes": {
    "Vehicle condition": "Used vehicle",
    "Category": "Estate car, Employee's Car",
    "Trim line": "Competition",
    "Vehicle Number": "25073388",
    "Availability": "Now",
    "Mileage": "24,130 km",
    "Cubic Capacity": "2,993 ccm",
    "Power": "390 kW (530 hp)",
    "Drive type": "Internal combustion engine",
    "Fuel": "Petrol",
    "CO₂ class": "Based on CO₂ emissions (combined)",
    "Fuel consumption": [
      "10.3 l/100km (combined)",
      "15.7 l/100km (city)",
      "10.2 l/100km (suburban)",
      "8.8 l/100km (country road)",
      "9.7 l/100km (motorway)"
    ],
    "Energy costs for 15,000 km annual mileage": "€2,775/Year",
    "Fuel price": "€1.80/l (annual average 2024)",
    "Possible CO₂ costs over the next 10 years (15,000 km/year)": [
      "€4,019 (assuming an average CO₂ price of €115/t)",
      "€1,748 (assuming a low average CO₂ price of €50/t)",
      "€6,640 (assuming a high average CO₂ price of €190/t)"
    ],
    "Vehicle tax": "€472/Year",
    "Number of Seats": "5",
    "Door Count": "4/5",
    "Transmission": "Automatic",
    "Emission Class": "Euro6d",
    "Emissions Sticker": "4 (Green)",
    "First Registration": "12/2024",
    "Number of Vehicle Owners": "1",
    "HU": "New",
    "Climatisation": "Automatic climatisation, 3 zones",
    "Parking sensors": "Self-steering systems, Rear, 360° camera, Front",
    "Airbags": "Front and Side and More Airbags",
    "Colour (Manufacturer)": "Skyscraper Grau",
    "Colour": "Grey Metallic",
    "Interior Design": "Full leather, Black",
    "Cylinders": "6",
    "Energy consumption (comb.)": "10.3 l/100km",
    "CO₂ emissions (comb.)": "233 g/km"
  },
  "features": [
    "ABS",
    "Adaptive cornering lights",
    "Adaptive Cruise Control",
    "Alarm system",
    "Alloy wheels",
    "Ambient lighting",
    "Android Auto",
    "Apple CarPlay",
    "Arm rest",
    "Autom. dimming interior mirror",
    "Blind spot assist",
    "Bluetooth",
    "Central locking",
    "DAB radio",
    "Digital cockpit",
    "Distance warning system",
    "Dynamic chassis control",
    "Electric seat adjustment",
    "Electric side mirror",
    "Electric tailgate",
    "Electric windows",
    "Eletric seat adjustment with memory function",
    "Emergency brake assist",
    "Emergency call system",
    "Emergency tyre repair kit",
    "ESP",
    "Folding exterior mirrors",
    "Four-wheel drive",
    "Full Service History",
    "Glare-free high beam headlights",
    "Hands-free kit",
    "Head-up display",
    "Heated seats",
    "High beam assist",
    "Hill-start assist",
    "Induction charging for smartphones",
    "Integrated music streaming",
    "Isofix",
    "Keyless central locking",
    "Lane change assist",
    "Leather steering wheel",
    "LED headlights",
    "LED running lights",
    "Light sensor",
    "Lumbar support",
    "Multifunction steering wheel",
    "Navigation system",
    "On-board computer",
    "Paddle shifters",
    "Particulate filter",
    "Power Steering",
    "Rain sensor",
    "Roof rack",
    "Seat ventilation",
    "Sound system",
    "Speed limit control system",
    "Sport seats",
    "Sports suspension",
    "Start-stop system",
    "Touchscreen",
    "Traction control",
    "Traffic sign recognition",
    "Tuner/radio",
    "Tyre pressure monitoring",
    "USB port",
    "Voice control",
    "Warranty",
    "Winter tyres",
    "WLAN / Wi-Fi hotspot"
  ]
},
{
  "title": "BMW M3 xDrive Competition LASER HK KEY M-DRIVERS",
  "previewImage": "https://img.classistatic.de/api/v1/mo-prod/images/95/9502f8c2-b2ab-4450-9938-db6a887e95f4?rule=mo-1600.jpg",
  "category": "EstateCar",
  "brand": "BMW",
  "model": "M3",
  "url": "https://suchen.mobile.de/fahrzeuge/details.html?id=431189494",
  "price.total.amount": 84980,
  "priceRating": {
    "rating": "Good price",
    "priceRanges": {
      "Very good price": {
        "start": 61501,
        "end": 80000
      },
      "Good price": {
        "start": 80001,
        "end": 86100
      },
      "Fair price": {
        "start": 86101,
        "end": 95800
      },
      "Increased price": {
        "start": 95801,
        "end": 102800
      },
      "High price": {
        "start": 102801,
        "end": 114300
      }
    }
  },
  "description": "Service 1: 12/23 bei 9km\\Service 2: 06/24 bei 1627km\\Nächster Service: 12/27 oder bei 50.000 kmHighlights: \nQualitätssiegel BMW Premium Selection\n1. Hand\nScheckheftgepflegt\nGarantie\n\n\nTechnik + Sicherheit: \nASR\nAutomatische Feststellbremse\nKopf-Airbag-System hinten\nKopf-Airbag-System vorn\nAirbag Beifahrerseite abschaltbar\nSeitenairbag vorn\nKnieairbag Fahrerseite\nAlarmanlage\nMotorschleppmomentregelung (MSR)\nInnenspiegel mit Abblendautomatik\nAußentemperatur-Anzeige\nParkbremse elektrisch\nStart-Stop-Knopf\nStart/Stop-Anlage (Funktion)\nGurtstraffer\nAdaptives Fahrwerk M-Technic\nAußenspiegel mit Abblendautomatik, links\nActive Guard (Bremsassistent)\n\n\nMultimedia: \nSound-System Harman-Kardon\nDAB-Tuner (Radioempfang digital)\nBMW Live Cockpit Professional\nFreisprecheinrichtung Bluetooth mit USB-/Audio-Schnittstelle\nTouch Screen\nInduktionsladeschale für Smartphone (Wireless Charging)\nAndroid Auto\nService-System: Real Time Traffic Information (RTTI)\nCarPlay\nMusikstreaming integriert\nService-System: Remote Services\nService-System: Concierge Services\nService-System: ConnectedDrive Services\n\n\nAssistenzsysteme: \nPark-Distanz-Kontrolle (PDC) vorn + hinten\nBerganfahrassistent\nRückfahrkamera\nBergabfahrassistent\nFernlichtassistent\nGeschwindigkeits-Begrenzeranlage (Speed Limit Device)\nVerkehrszeichen-Erkennung\nM Drive (Fahrprofilauswahl)\nScheibenwischer mit Regensensor\nService-System: Intelligenter Notruf inkl. TeleServices\nService-System: Gesetzlicher Notruf\nWaschwasserstandsanzeige\nHead-up-Display (HUD)\nSchaltpunktanzeige\nAufmerksamkeits-Assistent\n\n\nInnen: \nKlimaautomatik 3-Zonen mit autom. Umluft-Control\nDurchladeeinrichtung (Mittelarmlehne hinten)\nMultifunktionslenkrad\nSchaltwippen\nBordcomputer\nSportlederlenkrad\nFensterheber elektr. 4*\nControl-Display mit Farbmonitor (14,9 Zoll)\nFußmatten Velours\nSportlenkrad\nLenkrad elektrisch verstellbar\nLenkrad (Leder) mit Multifunktion M-Technic\nDachhimmel Anthrazit (BMW Individual)\nGetränkehalter\nSteckdose (12V-Anschluß) in Mittelkonsole vorn\nBedienelemente galvanisiert\n\n\nSitze + Polster: \nInnenfarbe: LEDER MERINO/SILVERSTONE/SCHWARZ\nAktive Sitzbelüftung vorn\nSitzheizung vorn + hinten\nSitze vorn elektr. verstellbar (mit Memory)\nLendenwirbelstütze Sitz vorn links und rechts, elektr. verstellbar\nSportsitze vorn (M-Technic)\n\n\nAussen: \nKomfortzugang (Öffnungs- und Schließsystem)\nSonnenschutzverglasung (hinten abgedunkelt)\nWärme-/Sonnenschutzverglasung kombiniert (hinten abgedunkelt)\nZentralverriegelung mit Fernbedienung\nAußenspiegel elektr. anklappbar\nAußenspiegel elektr. verstell- und heizbar\nAußenspiegel mit Bordsteinautomatik, rechts\nVerglasung Akustikglas\nDachreling Hochglanz Shadow-Line\n\n\nScheinwerfer + Leuchten: \nLED-Scheinwerfer\nHeckleuchten LED\nScheinwerfer Laserlicht\nLeuchtweitenregelung\nAmbiente-Beleuchtung\nGepäckraumbeleuchtung\nNebelschlussleuchte(n)\nKennzeichenbeleuchtung LED\n\n\nRäder + Reifen: \nLM-Felgen vorn/hinten: 9,5x19 / 10,5x20 (Doppelspeichen 825 M, Bicolor, Schwarz)\nReifendruck-Kontrollsystem\nReifenpannen-Anzeige\nDiebstahlsicherung für Räder (Felgenschlösser)\n\n\nPakete: \nAußenausstattung: Shadow-Line Hochglanz\nParkassistent-Paket\nAusstattungs-Paket: Connected Professional\nAblage-Paket\nSpiegel-Paket\nM Driver's Package\n\n\nSonstiges: \nWarndreieck\nKopfstützen hinten klappbar\nErste Hilfe-Kasten / Verbandkasten\nSportdifferential\nHeckklappenbetätigung automatisch\nInstrumentenkombination (erweiterter Umfang)\nWärme-/Sonnenschutzverglasung\ncompetition\nEinstiegsleisten mit Einleger in Aluminium mit Schriftzug M\n\n\n-> BIS 3 JAHRE GARANTIE AUF WUNSCH\n\n-> FINANZIERUNG ZU TOPKONDITIONEN - AUCH OHNE ANZAHLUNG\n\n-> LIEFERUNG EUROPAWEIT GEGEN AUFPREIS MÖGLICH\n\n-> WIR NEHMEN IHREN GEBRAUCHTWAGEN GERNE IN ZAHLUNG\n\nÄnderungen, Zwischenverkäufe und Irrtümer vorbehalten.\nBei der Angabe Teil,- oder Voll-Leder handelt es sich Herstellerspezifisch teilweise um vegan produzierte Ledernachbildungen (Beispiele: Mercedes Ledernachbildung ARTICO und Mikrofaser DINAMICA oder bei Tesla veganes Leder) und stellt keinen Sachmangel im Sinne der Gewährleistung dar.\nDie gemachten Angaben basieren auf den übermittelten Daten der DAT. Wir übernehmen keine Haftung für Abweichungen, welche sich durch Übermittlungsfehler oder Änderungen (z.B. Bereifung etc.) ergeben. Wir empfehlen stets die aufgeführten Ausstattungsmerkmale persönlich vor Ort oder über die Fahrgestellnummer zu prüfen. Sämtliche Markennamen und Logos sind urheberechtlich durch die Inhaber geschützt und dienen lediglich der Beschreibung)\nÄnderungen, Zwischenverkauf und Irrtümer vorbehalten!\nEhemalige UPE des Herstellers: 119.000 Euro\nÄnderungen, Zwischenverkauf und Irrtümer vorbehalten!\n\nProduktsicherheitshinweise unter:\nPetuelring 130, 80809 München, E-Mail: kundenbetreuung@bmw.de, Telefon: 089 1250 160 00(LED Scheinwerfer,Keyless Entry)",
  "dealerDetails": {
    "id": 24775357,
    "name": "Autozentrum Frankenthal GmbH & Co KG",
    "sellerType": "Dealer",
    "phones": [
      "+49 (0)6233 353950606"
    ],
    "languages": [
      "Deutsch",
      "English",
      "Polski",
      "Türkçe"
    ],
    "country": "DE",
    "address": "Mörscherstraße 129, DE-67227 Frankenthal",
    "location": {
      "latitude": 49.5447206,
      "longitude": 8.3674827
    },
    "activeSince": "2020-09-24T00:00:00.000Z",
    "homepageUrl": "https://home.mobile.de/home/redirect.html?customerId=24775357",
    "iconUrl": null,
    "reviewPageUrl": "https://www.mobile.de/bewertungen/AUTOZENTRUMFRANKENTHALGMBHCOKG?lang=en",
    "score": {
      "total": 4.7,
      "responseTime": 4.8,
      "friendliness": 4.7,
      "advice": 4.7
    },
    "activeRatingCount": 20,
    "vehicleAsDescribedPercentage": 100,
    "recommendPercentage": 95,
    "soldVehicleCount": null,
    "reviews": []
  },
  "attributes": {
    "Vehicle condition": "Used vehicle, Accident-free",
    "Category": "Estate car",
    "Model range": "G81",
    "Trim line": "M3",
    "Vehicle Number": "MOK000776",
    "Origin": "German edition",
    "Mileage": "8,050 km",
    "Cubic Capacity": "2,993 ccm",
    "Power": "375 kW (510 hp)",
    "Drive type": "Internal combustion engine",
    "Fuel": "Petrol",
    "CO₂ class": "Based on CO₂ emissions (combined)",
    "Fuel consumption": [
      "10.3 l/100km (combined)",
      "15.4 l/100km (city)",
      "10.2 l/100km (suburban)",
      "8.8 l/100km (country road)",
      "9.7 l/100km (motorway)"
    ],
    "Energy costs for 15,000 km annual mileage": "€2,775/Year",
    "Fuel price": "€1.80/l (annual average 2025)",
    "Possible CO₂ costs over the next 10 years (15,000 km/year)": [
      "€4,420 (assuming an average CO₂ price of €127/t)",
      "€2,088 (assuming a low average CO₂ price of €60/t)",
      "€6,960 (assuming a high average CO₂ price of €200/t)"
    ],
    "Vehicle tax": "€467/Year",
    "Number of Seats": "5",
    "Door Count": "4/5",
    "Transmission": "Automatic",
    "Emission Class": "Euro6d",
    "Emissions Sticker": "4 (Green)",
    "First Registration": "02/2024",
    "Number of Vehicle Owners": "1",
    "HU": "02/2027",
    "Climatisation": "Automatic climatisation, 3 zones",
    "Parking sensors": "Front, Rear, Camera",
    "Airbags": "Front and Side and More Airbags",
    "Colour (Manufacturer)": "PORTIMAO BLAU METALLIC",
    "Colour": "Blue Metallic",
    "Interior Design": "Full leather, Other",
    "Date of last service (date)": "02/2025",
    "Cylinders": "6",
    "Energy consumption (comb.)": "10.3 l/100km",
    "CO₂ emissions (comb.)": "232 g/km"
  },
  "features": [
    "ABS",
    "Alarm system",
    "Alloy wheels",
    "Ambient lighting",
    "Android Auto",
    "Apple CarPlay",
    "Arm rest",
    "Autom. dimming interior mirror",
    "Bluetooth",
    "Central locking",
    "Cruise control",
    "DAB radio",
    "Digital cockpit",
    "Dynamic chassis control",
    "Electric seat adjustment",
    "Electric side mirror",
    "Electric tailgate",
    "Electric windows",
    "Emergency call system",
    "Emergency tyre repair kit",
    "ESP",
    "Folding exterior mirrors",
    "Four-wheel drive",
    "Full Service History",
    "Hands-free kit",
    "Head-up display",
    "Heated rear seats",
    "Heated seats",
    "High beam assist",
    "Hill-start assist",
    "Immobilizer",
    "Induction charging for smartphones",
    "Integrated music streaming",
    "Isofix",
    "Keyless central locking",
    "Laser headlights",
    "Leather steering wheel",
    "LED running lights",
    "Light sensor",
    "Lumbar support",
    "Multifunction steering wheel",
    "Navigation system",
    "Non-smoker vehicle",
    "On-board computer",
    "Paddle shifters",
    "Rain sensor",
    "Roof rack",
    "Seat ventilation",
    "Sound system",
    "Speed limit control system",
    "Sport seats",
    "Start-stop system",
    "Summer tyres",
    "Touchscreen",
    "Traction control",
    "Traffic sign recognition",
    "Tuner/radio",
    "Tyre pressure monitoring",
    "USB port",
    "Warranty",
    "WLAN / Wi-Fi hotspot"
  ]
},
{
  "title": "BMW M3 Competition Limousine DAProf PA+ ACC HUD LCP",
  "previewImage": "https://img.classistatic.de/api/v1/mo-prod/images/36/36faa866-5d26-4059-bd9f-4d4555c73ce1?rule=mo-1600.jpg",
  "category": "Limousine",
  "brand": "BMW",
  "model": "M3",
  "url": "https://suchen.mobile.de/fahrzeuge/details.html?id=432018248",
  "price.total.amount": 84930,
  "priceRating": {
    "rating": "Fair price",
    "priceRanges": {
      "Very good price": {
        "start": 60001,
        "end": 78000
      },
      "Good price": {
        "start": 78001,
        "end": 84000
      },
      "Fair price": {
        "start": 84001,
        "end": 93400
      },
      "Increased price": {
        "start": 93401,
        "end": 100300
      },
      "High price": {
        "start": 100301,
        "end": 111400
      }
    }
  },
  "description": "Verbrauch und Emission (WLTP)\nPrimärer Antrieb Verbrauch innerorts: 15,20 l/100 km\nPrimärer Antrieb Verbrauch Stadtrand: 9,90 l/100 km\nPrimärer Antrieb Verbrauch Landstraße: 8,30 l/100 km\nPrimärer Antrieb Verbrauch Autobahn: 9,10 l/100 km\nPrimärer Antrieb Verbrauch kombiniert: 9,80 l/100 km\nCO2 Emission kombiniert: 220 g/km\n\nBereifung\nAktuelle Bereifung: Sommerreifen\n\nModelljahr\nModelljahr: 2024\n\nGetriebe\nAutomatikgetriebe DriveLogic, 8 Gänge\n\nAusstattungslinie\nAusstattungslinie Exterieur: Competition\n\nAusstattungspakete\nM Sportpaket\nOptikpaket: M Hochglanz Shadow Line\nAblagepaket\nSpiegelpaket: Innen- und Außenspiegelpaket\n\nAssistenzsysteme\nHead-up-Display HUD\nBlendfreier Fernlichtassistent: BMW Selective Beam\nBMW ParkAssistent mit PDC vorne u. hinten: + automatisches Einparken\nRückfahrkamera: + Frontkamera\nSurround View: Top View, Panorama View, Remote 3D View\nFahrlichtautomatik\nAktive Geschwindigkeitsregelung mit Stop & Go: Abstandstempomat\nBerganfahrhilfe\nHill Descent Control HDC\nSpracheingabesystem\nMüdigkeitserkennung\nSpurwechselassistent\nSpurhalteassistent\nCornering Brake Control CBC\nFahrerassistenzpaket: Driving Assistant Professional, Parking Assistant Plus\nActive Guard Auffahrwarnung: mit Bremseingriff\nVerkehrszeichenerkennung\nGespannstabilisierung\n\nLicht und Sicht\nAdaptiver LED-Scheinwerfer\nAdaptives Kurvenlicht\nAbbiegelicht\nLED-Tagfahrlicht\nRegensensor\nAutomatisch abblendende Innen- und Außenspiegel\nSonnenschutzverglasung\nDynamische Leuchtweitenregulierung\nAmbientebeleuchtung mehrfarbig\nLichtsensor\n\nAudio & Kommunikation\nMultimedia-System\nBMW Navigationssystem Professional: inkl. Augmented View & RTTI\nBMW Professional Radio\nMulti-Funktions-Display: Widescreen Display\nDigitaler Radioempfang DAB\niDrive\nHarman/Kardon Soundsystem: Surround Sound\nUSB Anschluss, Bluetooth Audiostreaming\nBMW ConnectedDrive Services: Connected Package Professional\nHandyvorbereitung Bluetooth: inkl. Freisprecheinrichtung\nAndroid Auto u. Apple CarPlay\nKabelloses Laden für Handys: Ablage für Wireless Charging\nWLAN Hotspot: Personal eSIM\n\nKomfort\nBMW Live Cockpit Professional\nKlimaautomatik, 3 Zonen\nFahrer-/Beifahrersitz elektrisch\nMemoryfunktion Fahrersitz\nLordosenstütze Fahrer/Beifahrer\nSitzheizung Fahrer/Beifahrer\nSportsitze: M Sportsitze Fahrer/Beifahrer\nArmauflage Fahrer/Beifahrer\nServotronic\nLenksäule verstellbar\nKomfortzugang\nAuto Start Stop Funktion\nZentralver. mit Fernbedienung\nFensterheber elektrisch 4-fach\nKopfstützen vorn und hinten\nAutomatische Heckklappenbetätigung\nM Drive\nGetränkehalter\n\nInterieur\nSitze Leder Merino\nMultifunktions-Sport-/Lederlenkrad: M Lederlenkrad\nLenkradheizung\nBordcomputer\nRücksitze klapp- und teilbar\nDurchladesystem\nDekoreinlagen Carbon: Carbon Fibre\nBodenbelag Teppich: Fußmatten in Velours\nLenkrad-Schaltwippen\n\nExterieur\nAntrieb: Heckantrieb\nAdaptives Fahrwerk\nCarbon Paket Exterieur: M Carbon\nM Sportfahrwerk\nTouchscreen Bedienung\nDifferentialsperre: Aktives M Differential\nM Leichtmetallräder 19 Zoll: Doppelspeiche 824 M\nAußenspiegel elekt. verstell- & anklappbar, beheizt\nAntenne elekt.\nReifenpannenset\nSportabgasanlage\nInnovationspaket\nNotrufsystem: Intelligenter Notruf\nGeschwindigkeitsbegrenzer\nFahrzeugpersonalisierung\n\nSicherheit\nISOFIX Kindersitzbefestigung\nFußgängerschutzsystem\nFahrer- /Beifahrerairbag\nKopfairbag vorn\nSeitenairbag vorn und hinten\nFondairbags\nKnieairbag Fahrer\nDynamische Traktions Control DTC\nDynamische Stabilitäts Control DSC\nReifen Pannen Anzeige RPA\nDiebstahlwarnanlage\nAußentemperatur Anzeige\nAntiblockiersystem ABS\nBremsverschleißanzeige\nProaktives Insassenschutzsystem: Active Protection\nCity-Anbremsfunktion\nQuerverkehrswarnung\n\nWeitere Ausstattung\nModell M Sport\nM Sicherheitsgurte\nM Leuchten Shadow Line\nDachhimmel anthrazit\nGalvanikapplikation für Bedienelemente\nÖlwartungsintervall 24 Monate/30.000 km\nGebrauchtwagensiegel: BMW Premium Selection\nehemalige unverbindliche Preisempfehlung des Herstellers: 113080 EUR\n\nFahrdaten\nvMax: 290 km/h\nBeschleunigung: 4 Sek. 0-100 km/h\n\nSonstige Maße und Gewichte\nNutzlast: 405 kg\nzulässiges Gesamtgewicht: 2.210 kg\n\nDie im Inserat aufgeführten Ausstattungsmerkmale sind unverbindlich. Maßgeblich für den Kauf ist allein der schriftliche Kaufvertrag. Angaben im Inserat begründen keine Beschaffenheitsvereinbarung. Verbindliche Ausstattungsangaben werden ausschließlich im Kaufvertrag festgelegt.",
  "dealerDetails": {
    "id": 454145,
    "name": "WELLER Premium GmbH - BMW & MINI Vertragshändler",
    "sellerType": "Dealer",
    "phones": [
      "+49 (0)5141 593415741"
    ],
    "languages": [
      "Deutsch"
    ],
    "country": "DE",
    "address": "An der Koppel 1, DE-29227 Celle",
    "location": {
      "latitude": 52.5906725,
      "longitude": 10.0667152
    },
    "activeSince": "1999-07-01T00:00:00.000Z",
    "homepageUrl": "https://home.mobile.de/home/redirect.html?customerId=454145",
    "iconUrl": "https://img.classistatic.de/api/v1/mo-prod/images/d2/d28dbb1d-a972-4546-8688-6638510f5163?rule=mo-640.jpg",
    "reviewPageUrl": "https://www.mobile.de/bewertungen/B-K-CELLE?lang=en",
    "score": {
      "total": 4.1,
      "responseTime": 4.3,
      "friendliness": 4.2,
      "advice": 3.9
    },
    "activeRatingCount": 40,
    "vehicleAsDescribedPercentage": 82,
    "recommendPercentage": 75,
    "soldVehicleCount": null,
    "reviews": []
  },
  "attributes": {
    "Vehicle condition": "Used vehicle",
    "Category": "Saloon, Employee's Car",
    "Trim line": "Competition",
    "Vehicle Number": "1620081",
    "Availability": "Now",
    "Mileage": "16,881 km",
    "Cubic Capacity": "2,993 ccm",
    "Power": "375 kW (510 hp)",
    "Drive type": "Internal combustion engine",
    "Fuel": "Petrol",
    "CO₂ class": "Based on CO₂ emissions (combined)",
    "Fuel consumption": [
      "9.8 l/100km (combined)",
      "15.2 l/100km (city)",
      "9.9 l/100km (suburban)",
      "8.3 l/100km (country road)",
      "9.1 l/100km (motorway)"
    ],
    "Energy costs for 15,000 km annual mileage": "€2,640/Year",
    "Fuel price": "€1.80/l (annual average 2024)",
    "Possible CO₂ costs over the next 10 years (15,000 km/year)": [
      "€3,795 (assuming an average CO₂ price of €115/t)",
      "€1,650 (assuming a low average CO₂ price of €50/t)",
      "€6,270 (assuming a high average CO₂ price of €190/t)"
    ],
    "Vehicle tax": "€420/Year",
    "Number of Seats": "5",
    "Door Count": "4/5",
    "Transmission": "Automatic",
    "Emission Class": "Euro6d",
    "Emissions Sticker": "4 (Green)",
    "First Registration": "12/2024",
    "Number of Vehicle Owners": "1",
    "HU": "New",
    "Climatisation": "Automatic climatisation, 3 zones",
    "Parking sensors": "360° camera, Rear, Front, Self-steering systems",
    "Airbags": "Front and Side and More Airbags",
    "Colour (Manufacturer)": "Skyscraper Grau",
    "Colour": "Grey Metallic",
    "Interior Design": "Full leather, Black",
    "Cylinders": "6",
    "Energy consumption (comb.)": "9.8 l/100km",
    "CO₂ emissions (comb.)": "220 g/km"
  },
  "features": [
    "ABS",
    "Adaptive cornering lights",
    "Adaptive Cruise Control",
    "Alarm system",
    "Alloy wheels",
    "Ambient lighting",
    "Android Auto",
    "Apple CarPlay",
    "Arm rest",
    "Autom. dimming interior mirror",
    "Blind spot assist",
    "Bluetooth",
    "Central locking",
    "DAB radio",
    "Digital cockpit",
    "Distance warning system",
    "Dynamic chassis control",
    "Electric seat adjustment",
    "Electric side mirror",
    "Electric tailgate",
    "Electric windows",
    "Eletric seat adjustment with memory function",
    "Emergency brake assist",
    "Emergency call system",
    "Emergency tyre repair kit",
    "ESP",
    "Folding exterior mirrors",
    "Full Service History",
    "Glare-free high beam headlights",
    "Hands-free kit",
    "Head-up display",
    "Heated seats",
    "Heated steering wheel",
    "High beam assist",
    "Hill-start assist",
    "Induction charging for smartphones",
    "Integrated music streaming",
    "Isofix",
    "Keyless central locking",
    "Lane change assist",
    "Leather steering wheel",
    "LED headlights",
    "LED running lights",
    "Light sensor",
    "Lumbar support",
    "Multifunction steering wheel",
    "Navigation system",
    "On-board computer",
    "Paddle shifters",
    "Particulate filter",
    "Power Steering",
    "Rain sensor",
    "Rear wheel drive",
    "Sound system",
    "Speed limit control system",
    "Sport seats",
    "Sports package",
    "Sports suspension",
    "Start-stop system",
    "Summer tyres",
    "Touchscreen",
    "Traction control",
    "Traffic sign recognition",
    "Tuner/radio",
    "Tyre pressure monitoring",
    "USB port",
    "Voice control",
    "Warranty",
    "WLAN / Wi-Fi hotspot"
  ]
},
{
  "title": "BMW M3 Lim. xDrive Compet.*Carbon*SHZ*Sitzlü*1.Hd.*",
  "previewImage": "https://img.classistatic.de/api/v1/mo-prod/images/b1/b1875aa2-d004-47fa-b911-64ea08a479ef?rule=mo-1600.jpg",
  "category": "Limousine",
  "brand": "BMW",
  "model": "M3",
  "url": "https://suchen.mobile.de/fahrzeuge/details.html?id=434383241",
  "price.total.amount": 84990,
  "priceRating": {
    "rating": "Fair price",
    "priceRanges": {
      "Very good price": {
        "start": 59501,
        "end": 77400
      },
      "Good price": {
        "start": 77401,
        "end": 83300
      },
      "Fair price": {
        "start": 83301,
        "end": 92700
      },
      "Increased price": {
        "start": 92701,
        "end": 99500
      },
      "High price": {
        "start": 99501,
        "end": 110500
      }
    }
  },
  "description": "Krusche Automobile – Ihr Autohaus für Qualität seit 2014\nBitte beachten: Besichtigung nur nach Terminvereinbarung, da wir nicht immer vor Ort sind.\n- Wir dürfen Ihnen hier folgendes Fahrzeug im Kundenauftrag anbieten (Fahrzeug steht beim Kunden)-\ndeutsches Fahrzeug\n1. Hand\nBMW Scheckheft \nExterieur\nMetallic-Lackierung\nExterieur-Paket M Carbon\nAußenausstattung: Shadow-Line\nAußenausstattung: Shadow-Line Hochglanz\nAußenausstattung: Shadow-Line Hochglanz (erweiterter Umfang)\nLeichtbaudach (CFK – kohlefaserverstärkter Kunststoff)\nScheinwerfer LED\nScheinwerfer BMW Individual Shadow-Line\nHeckleuchten LED\nNebelschlussleuchte(n)\nLeuchtweitenregelung\nLM-Felgen vorn/hinten: 9,5x19 / 10,5x20 (Doppelspeiche 826 M, Schwarz)\nAußenspiegel elektr. verstell- und heizbar\nBlinkleuchte in Außenspiegel integriert\nKennzeichenbeleuchtung LED\nInterieur & Komfort\nAktive Sitzbelüftung vorn\nLenkrad heizbar\nLenksäule (Lenkrad) elektr. verstellbar\nLenksäule (Lenkrad) mechan. verstellbar\nSitze vorn elektr. verstellbar (mit Memory)\nSportsitze vorn (M-Technic)\nSitzbezug / Polsterung: Leder Merino (erweiterter Umfang)\nInnenausstattung: Interieurleisten Carbon\nInstrumententafel Sensatec\nDachhimmel Anthrazit (BMW Individual)\nBedienelemente galvanisiert\nMultifunktion für Lenkrad\nFußmatten Velours\nGetränkehalter\nAblage-Paket\nSteckdose (12V-Anschluss) in Mittelkonsole vorn\nInnenspiegel mit Abblendautomatik\nKopfstützen hinten klappbar\nDurchladeeinrichtung (Mittelarmlehne hinten)\nEinstiegsleisten mit Einleger in Aluminium mit Schriftzug M\nKlima & Verglasung\nKlimaautomatik 3-Zonen mit automatischer Umluft-Control\nSonnenschutzverglasung (hinten abgedunkelt)\nWärme-/Sonnenschutzverglasung\nWärme-/Sonnenschutzverglasung kombiniert (hinten abgedunkelt)\nVerglasung Akustikglas\nMultimedia & Connectivity\nSound-System Harman-Kardon\nBMW Live Cockpit Plus\nDAB-Tuner (Radioempfang digital)\nWidescreen Display\nFreisprecheinrichtung Bluetooth mit USB-/Audio-Schnittstelle\nInduktionsladeschale für Smartphone (Wireless Charging)\nAusstattungs-Paket: Connected Professional\nAssistenzsysteme\nFahrassistenz-System: Driving Assistant Professional\nFahrassistenz-System: Active Guard (Bremsassistent)\nFahrassistenz-System: Aufmerksamkeits-Assistent\nParkassistent-Paket Plus\nPark-Distance-Control (PDC) vorn und hinten\nParkbremse elektrisch\nSicherheit\nAirbag Fahrer-/Beifahrerseite\nAirbag Beifahrerseite abschaltbar\nSeitenairbag vorn\nKopf-Airbag-System vorn\nKopf-Airbag-System hinten\nKnieairbag Fahrerseite\nIsofix-Aufnahmen für Kindersitz an Rücksitz\nReifendruck-Kontrollsystem\nReifenpannen-Anzeige\nReifen-Reparaturset (Mobility-Pack)\nDynamische Stabilitäts-Control (DSC) mit erweitertem Umfang\nService-System: Intelligenter Notruf inkl. TeleServices\nDiebstahlsicherung für Räder (Felgenschlösser)\nWarndreieck\nErste Hilfe-Kasten / Verbandkasten\nFahrwerk & Antrieb\nM Driver’s Package\nAdaptives Fahrwerk M-Technic\nAktives M Differential\nSportdifferential\nGetriebe Automatik – mit Steptronic und Drivelogic (8-Stufen)\nM Drive (Fahrprofilauswahl)\nM Drive Professional (Fahrprofilauswahl)\nMotor 3,0 Ltr. – 375 kW 24V TwinTurbo KAT (S58)\nCompetition\nWeitere technische Details\nInnovations-Paket\nInstrumentenkombination (erweiterter Umfang)\nBordcomputer\nSchaltpunktanzeige\nOtto-Partikelfilter (OPF)\nStart/Stop-Anlage (Funktion)\nStart-Stop-Knopf\nGepäckraumbeleuchtung\nKarosserie: 4-türig\nSpiegel-Paket\nIhre Vorteile bei Krusche Automobile\nGarantierter Kilometerstand\nFaire Inzahlungnahme (vor Ort oder per E-Mail)\nFinanzierung auch ohne Anzahlung möglich\nGebrauchtwagengarantie bis 36 Monate (optional)\nZulassungsservice in Landshut (150 €)\nFahrzeugüberführung deutschlandweit\nAfter-Sales Service, Zubehör, Werkstatt-Leihwagen\nAblauf im Überblick\n\nProbefahrt: nur mit Terminvereinbarung\nZahlung: Überweisung, Bar, Finanzierung (gerne auch ohne Anzahlung)\nInzahlungnahme: per E-Mail (Bilder + Schein) oder vor Ort\n\nNicht das richtige Fahrzeug gefunden?Wenn Ihr Traumwagen aktuell nicht im Bestand ist – melden Sie sich gerne bei uns!\n\nWir suchen und finden Ihr Wunschfahrzeug individuell nach Ihren Vorgaben.\n\nMehr Fahrzeuge & Infos auf: www.krusche-automobile.de\nJetzt Termin vereinbaren und Probefahren!\n\nHinweis:\nAlle Angaben ohne Gewähr.\nIrrtum, Zwischenverkauf sowie Tipp- und Übertragungsfehler vorbehalten.",
  "dealerDetails": {
    "id": 14582824,
    "name": "Krusche Automobile",
    "sellerType": "Dealer",
    "phones": [
      "+49 (0)8703 413988410"
    ],
    "messengers": {
      "WHATS_APP": "+49 (0)176 31234865"
    },
    "languages": [
      "Deutsch",
      "English"
    ],
    "country": "DE",
    "address": "Boschstraße 2, DE-84051 Altheim",
    "location": {
      "latitude": 48.5843441,
      "longitude": 12.1928891
    },
    "activeSince": "2016-04-05T00:00:00.000Z",
    "homepageUrl": "https://home.mobile.de/home/redirect.html?customerId=14582824",
    "iconUrl": null,
    "reviewPageUrl": "https://www.mobile.de/bewertungen/KRUSCHEAUTOMOBILE?lang=en",
    "score": {
      "total": 4.9,
      "responseTime": 4.9,
      "friendliness": 5,
      "advice": 4.9
    },
    "activeRatingCount": 67,
    "vehicleAsDescribedPercentage": 100,
    "recommendPercentage": 100,
    "soldVehicleCount": null,
    "reviews": []
  },
  "attributes": {
    "Vehicle condition": "Used vehicle, Accident-free",
    "Category": "Saloon",
    "Model range": "Baureihe M3 Lim. (G80)(2020->)",
    "Trim line": "xDrive Competition",
    "Origin": "German edition",
    "Mileage": "10,900 km",
    "Cubic Capacity": "2,993 ccm",
    "Power": "375 kW (510 hp)",
    "Drive type": "Internal combustion engine",
    "Fuel": "Petrol",
    "CO₂ class": "Based on CO₂ emissions (combined)",
    "Number of Seats": "5",
    "Door Count": "4/5",
    "Transmission": "Automatic",
    "Emission Class": "Euro6",
    "Emissions Sticker": "4 (Green)",
    "First Registration": "12/2023",
    "Number of Vehicle Owners": "1",
    "HU": "12/2026",
    "Climatisation": "Automatic climatisation, 3 zones",
    "Parking sensors": "Rear, 360° camera, Front, Self-steering systems",
    "Airbags": "Front and Side and More Airbags",
    "Colour (Manufacturer)": "FROZEN PURE GREY II METALLIC",
    "Colour": "Grey Metallic",
    "Interior Design": "Full leather, Black",
    "Weight": "1,805 kg",
    "Cylinders": "6",
    "Tank capacity": "59 l",
    "Energy consumption (comb.)": "-- l/100km",
    "CO₂ emissions (comb.)": "229 g/km"
  },
  "features": [
    "ABS",
    "Adaptive cornering lights",
    "Adaptive Cruise Control",
    "Alarm system",
    "Alloy wheels",
    "Ambient lighting",
    "Android Auto",
    "Apple CarPlay",
    "Arm rest",
    "Autom. dimming interior mirror",
    "Blind spot assist",
    "Bluetooth",
    "Cargo barrier",
    "Central locking",
    "DAB radio",
    "Digital cockpit",
    "Distance warning system",
    "Dynamic chassis control",
    "Electric seat adjustment",
    "Electric side mirror",
    "Electric tailgate",
    "Electric windows",
    "Eletric seat adjustment with memory function",
    "Emergency brake assist",
    "Emergency call system",
    "ESP",
    "Fatigue warning system",
    "Folding exterior mirrors",
    "Four-wheel drive",
    "Full Service History",
    "Glare-free high beam headlights",
    "Hands-free kit",
    "Heated rear seats",
    "Heated seats",
    "Heated steering wheel",
    "High beam assist",
    "Hill-start assist",
    "Immobilizer",
    "Induction charging for smartphones",
    "Integrated music streaming",
    "Isofix",
    "Keyless central locking",
    "Lane change assist",
    "Laser headlights",
    "Leather steering wheel",
    "LED running lights",
    "Light sensor",
    "Lumbar support",
    "Multifunction steering wheel",
    "Navigation system",
    "Non-smoker vehicle",
    "On-board computer",
    "Paddle shifters",
    "Particulate filter",
    "Power Steering",
    "Rain sensor",
    "Rear traffic alert",
    "Seat ventilation",
    "Sound system",
    "Speed limit control system",
    "Sport seats",
    "Sports package",
    "Sports suspension",
    "Start-stop system",
    "Summer tyres",
    "Tinted windows",
    "Touchscreen",
    "Traction control",
    "Traffic sign recognition",
    "Tuner/radio",
    "Tyre pressure monitoring",
    "USB port",
    "Voice control",
    "Warranty",
    "Winter tyres",
    "WLAN / Wi-Fi hotspot"
  ]
},
{
  "title": "BMW M3 Touring Competition",
  "previewImage": "https://img.classistatic.de/api/v1/mo-prod/images/37/3786ef8f-cb33-4064-8b71-89d0615ba91b?rule=mo-1600.jpg",
  "category": "EstateCar",
  "brand": "BMW",
  "model": "M3",
  "url": "https://suchen.mobile.de/fahrzeuge/details.html?id=432555170",
  "price.total.amount": 85200,
  "priceRating": {
    "rating": "Good price",
    "priceRanges": {
      "Very good price": {
        "start": 62701,
        "end": 81500
      },
      "Good price": {
        "start": 81501,
        "end": 87800
      },
      "Fair price": {
        "start": 87801,
        "end": 97700
      },
      "Increased price": {
        "start": 97701,
        "end": 104800
      },
      "High price": {
        "start": 104801,
        "end": 116500
      }
    }
  },
  "description": "Die Fahrzeugausstattung kann der Bestelldokumentation sie Fotos entnommen werden.\nAlles weiter kann gerne telefonisch besprochen werden.\nErstkontakt via eMail",
  "dealerDetails": {
    "sellerType": "Private Seller",
    "country": "DE",
    "address": "DE-67722 Winnweiler",
    "location": {
      "latitude": 49.57164,
      "longitude": 7.85981
    },
    "iconUrl": null,
    "reviewPageUrl": null,
    "score": null,
    "activeRatingCount": null,
    "vehicleAsDescribedPercentage": null,
    "recommendPercentage": null,
    "soldVehicleCount": null,
    "reviews": []
  },
  "attributes": {
    "Vehicle condition": "Used vehicle",
    "Category": "Estate car",
    "Mileage": "6,100 km",
    "Power": "375 kW (510 hp)",
    "Drive type": "Internal combustion engine",
    "Fuel": "Petrol",
    "Transmission": "Automatic",
    "Emissions Sticker": "4 (Green)",
    "First Registration": "10/2023",
    "HU": "10/2026",
    "Climatisation": "A/C (man.)",
    "Parking sensors": "Rear",
    "Colour (Manufacturer)": "GREY"
  },
  "features": [
    "ABS",
    "Alloy wheels",
    "Bluetooth",
    "Cruise control",
    "Full Service History",
    "Hands-free kit",
    "Heated seats",
    "Navigation system",
    "Tuner/radio"
  ]
},
{
  "title": "BMW M3 xDrive Competition *M Perfomance Parts*KW*21\"",
  "previewImage": "https://img.classistatic.de/api/v1/mo-prod/images/8d/8ddc6ad0-a7b1-4f2f-af39-e27b94bd9c47?rule=mo-1600.jpg",
  "category": "Limousine",
  "brand": "BMW",
  "model": "M3",
  "url": "https://suchen.mobile.de/fahrzeuge/details.html?id=433679895",
  "price.total.amount": 84950,
  "priceRating": {
    "rating": "Fair price",
    "priceRanges": {
      "Very good price": {
        "start": 56101,
        "end": 72900
      },
      "Good price": {
        "start": 72901,
        "end": 78500
      },
      "Fair price": {
        "start": 78501,
        "end": 87300
      },
      "Increased price": {
        "start": 87301,
        "end": 93700
      },
      "High price": {
        "start": 93701,
        "end": 104100
      }
    }
  },
  "description": "M3 XDrive Competition :\n\n1-Vorbesitzer\nDeutsches Fahrzeug\nScheckheft gepflegt bei BMW\nBMW Service Inclusive bis 04.2028\nBMW Garantie bis 04.2028\nM Performance Carbon Kit \nM Performance Carbon Front\nM Performance Carbon Heckflügel\nKW Variante 4 Gewindefahrwerk\nWheelforce 20\"/21\" Felgen\nM Driver´s Package\nLeder Merino Kyalami Orange / Schwarz mit erweiterten Umfängen\nLaserlicht\nScheinwerfer BMW Individual Shadow-Line\nAktive Sitzbelüftung vorn\nBMW Drive Recorder (Dashcam)\nBremsanlage: Compound - M Bremssystem (Bremssättel Rot)\nHeckklappenbetätigung automatisch\nInnenausstattung: Interieurleisten Carbon\nInnovations-Paket\nMetallic-Lackierung\nParkassistent-Paket Plus\nSurroundview\nDriving Assitant\nHead UP Display\nKomfortzugang\nGeschwindigkeitsregel. Mit Bremsf.\nFernlichtassistent\nReifen-Reparaturset (Mobility-Pack)\nSonnenschutzverglasung (hinten abgedunkelt)\nSound-System Harman-Kardon\nConnectedpackage Professional\nTelefonie Mit Wireless Charging\nM Sport Sitze\nBmw Individual Hochglanz Shadow Line Mit Erweiterten Umfängen\nM Sportdifferential\n\n\nSicherheits- & Assistenzsysteme\nAirbag Beifahrerseite abschaltbar\nAirbag Fahrer-/Beifahrerseite\nKnieairbag Fahrerseite\nKopf-Airbag-System vorn und hinten\nSeitenairbag vorn\nDynamische Stabilitäts-Control (DSC) mit erweitertem Umfang\nFahrassistenz-System: Active Guard (inkl. Bremsassistent)\nFahrassistenz-System: Aufmerksamkeits-Assistent\nReifendruck-Kontrollsystem\nReifenpannen-Anzeige\nPark-Distance-Control (PDC) vorn und hinten\nParkbremse elektrisch\nDiebstahlsicherung für Räder (Felgenschlösser)\nWarndreieck\nErste Hilfe-Kasten / Verbandkasten\nLeuchtweitenregelung\nAntrieb & Fahrwerk\nMotor: 3,0 Liter – 375 kW – 24V TwinTurbo KAT (S58)\nGetriebe: 8-Stufen Automatik mit Steptronic & Drivelogic\nAntrieb: Hinterradantrieb (Competition)\nAdaptives Fahrwerk M-Technic\nAktives M Differential / Sportdifferential\nM Drive (Fahrprofilauswahl)\nM Drive Professional\nSchaltpunktanzeige\nExterieur\nKarosserie: 4-türig\nAußenspiegel elektrisch verstell- und heizbar\nAußenspiegel mit integrierter Blinkleuchte\nAußenausstattung: Shadow Line Hochglanz\nShadow Line Hochglanz (erweiterter Umfang)\nLeichtmetallfelgen (LM-Felgen) vorn: 9,5x19 / hinten: 10,5x20 (Doppelspeiche 826 M, Schwarz)\nLeichtbaudach aus CFK (kohlefaserverstärkter Kunststoff)\nHeckleuchten LED\nScheinwerfer LED\nNebelschlussleuchte(n)\nKennzeichenbeleuchtung LED\nWärme-/Sonnenschutzverglasung\nWärme-/Sonnenschutzverglasung kombiniert (hinten abgedunkelt)\nInterieur & Komfort\nSitzbezug: Leder Merino (erweiterter Umfang)\nSportsitze vorn (M-Technic)\nSitze vorn elektr. verstellbar mit Memory-Funktion\nSitzheizung vorn\nLenksäule elektrisch & mechanisch verstellbar\nInnenspiegel mit Abblendautomatik\nDachhimmel Anthrazit (BMW Individual)\nAmbiente-Beleuchtung\nBedienelemente galvanisiert\nFußmatten Velours\nGetränkehalter\nDurchladeeinrichtung (Mittelarmlehne hinten)\nKopfstützen hinten klappbar\nKlimaautomatik 3-Zonen mit autom. Umluft-Control\nSteckdose (12V) in Mittelkonsole vorn\nAblage-Paket\nSpiegel-Paket\nStart-Stop-Knopf\nStart/Stop-Anlage\nInfotainment & Kommunikation\nBMW Live Cockpit Professional\nAusstattungs-Paket: Connected Professional\nBordcomputer\nFreisprecheinrichtung Bluetooth mit USB-/Audio-Schnittstelle\nDAB-Tuner (digitaler Radioempfang)\nInduktionsladeschale für Smartphone (Wireless Charging)\nInstrumentenkombination (erweiterter Umfang)\nService-System: Intelligenter Notruf inkl. TeleServices\n\nFür eine Besichtigung oder Probefahrt bitten wir Sie um vorherige Terminvereinbarung telefonisch oder per E-Mail\n\nTel: +49 (0) 7051 - 968 66 95\nMail: info@autohaus-haybat.deTipp: weitere junge Gebrauchtwagen unter www.autohaus-haybat.deInzahlungnahme und Finanzierung möglich!Bitte beachten Sie, dass auf Bildern aufgrund der Lichtverhältnisse Reflektionen und Farbunterschiede entstehen könnenÄnderungen, Irrtümer und Tippfehler in der Fahrzeugbeschreibung vorbehalten!",
  "dealerDetails": {
    "id": 466611,
    "name": "Autohaus Haybat",
    "sellerType": "Dealer",
    "phones": [
      "+49 (0)7051 809995373"
    ],
    "languages": [
      "Deutsch",
      "English"
    ],
    "country": "DE",
    "address": "Gottlob-Bauknecht-Straße 2-4, DE-75365 Calw",
    "location": {
      "latitude": 48.7062847,
      "longitude": 8.763537699999999
    },
    "activeSince": "2003-09-22T00:00:00.000Z",
    "homepageUrl": "https://home.mobile.de/home/redirect.html?customerId=466611",
    "iconUrl": "https://img.classistatic.de/api/v1/mo-prod/images/08/087d7e9f-90bd-46dd-882e-d49debac3b48?rule=mo-640.jpg",
    "reviewPageUrl": "https://www.mobile.de/bewertungen/HAYBAT-AUTOMOBILE?lang=en",
    "score": {
      "total": 4.7,
      "responseTime": 4.7,
      "friendliness": 4.8,
      "advice": 4.7
    },
    "activeRatingCount": 89,
    "vehicleAsDescribedPercentage": 98,
    "recommendPercentage": 95,
    "soldVehicleCount": null,
    "reviews": []
  },
  "attributes": {
    "Vehicle condition": "Used vehicle, Accident-free",
    "Category": "Saloon",
    "Model range": "Baureihe M3 Lim. (G80)(2020->)",
    "Trim line": "xDrive Competition",
    "Vehicle Number": "B97uf",
    "Origin": "German edition",
    "Mileage": "13,000 km",
    "Cubic Capacity": "2,993 ccm",
    "Power": "375 kW (510 hp)",
    "Drive type": "Internal combustion engine",
    "Fuel": "Petrol",
    "Number of Seats": "5",
    "Door Count": "4/5",
    "Transmission": "Automatic",
    "Emission Class": "Euro6d-TEMP",
    "Emissions Sticker": "4 (Green)",
    "First Registration": "05/2022",
    "Number of Vehicle Owners": "1",
    "HU": "New",
    "Climatisation": "Automatic climatisation, 2 zones",
    "Parking sensors": "Rear, 360° camera, Front, Self-steering systems",
    "Airbags": "Front and Side and More Airbags",
    "Colour (Manufacturer)": "BROOKLYN GRAU METALLIC",
    "Colour": "Grey Metallic",
    "Interior Design": "Full leather, Other",
    "Weight": "1,805 kg",
    "Cylinders": "6",
    "Tank capacity": "59 l"
  },
  "features": [
    "ABS",
    "Adaptive cornering lights",
    "Alarm system",
    "Alloy wheels",
    "Ambient lighting",
    "Android Auto",
    "Apple CarPlay",
    "Arm rest",
    "Autom. dimming interior mirror",
    "Blind spot assist",
    "Bluetooth",
    "Central locking",
    "Cruise control",
    "DAB radio",
    "Digital cockpit",
    "Distance warning system",
    "Dynamic chassis control",
    "Electric seat adjustment",
    "Electric side mirror",
    "Electric windows",
    "Eletric seat adjustment with memory function",
    "Emergency brake assist",
    "Emergency call system",
    "ESP",
    "Folding exterior mirrors",
    "Four-wheel drive",
    "Full Service History",
    "Glare-free high beam headlights",
    "Hands-free kit",
    "Head-up display",
    "Heated seats",
    "High beam assist",
    "Hill-start assist",
    "Immobilizer",
    "Isofix",
    "Keyless central locking",
    "Lane change assist",
    "Laser headlights",
    "Leather steering wheel",
    "LED running lights",
    "Light sensor",
    "Lumbar support",
    "Multifunction steering wheel",
    "Navigation system",
    "Non-smoker vehicle",
    "On-board computer",
    "Paddle shifters",
    "Power Steering",
    "Rain sensor",
    "Seat ventilation",
    "Sound system",
    "Sport seats",
    "Sports package",
    "Sports suspension",
    "Start-stop system",
    "Summer tyres",
    "Tinted windows",
    "Traction control",
    "Traffic sign recognition",
    "Tuner/radio",
    "Tyre pressure monitoring",
    "USB port",
    "Warranty"
  ]
},
{
  "title": "BMW M3 Competion M xDrive Touring Individual",
  "previewImage": "https://img.classistatic.de/api/v1/mo-prod/images/1e/1e5a21a1-9a50-424e-a9dd-7497a236760e?rule=mo-1600.jpg",
  "category": "EstateCar",
  "brand": "BMW",
  "model": "M3",
  "url": "https://suchen.mobile.de/fahrzeuge/details.html?id=432774273",
  "price.total.amount": 85250,
  "priceRating": {
    "rating": "Fair price",
    "priceRanges": {
      "Very good price": {
        "start": 60601,
        "end": 78700
      },
      "Good price": {
        "start": 78701,
        "end": 84800
      },
      "Fair price": {
        "start": 84801,
        "end": 94300
      },
      "Increased price": {
        "start": 94301,
        "end": 101200
      },
      "High price": {
        "start": 101201,
        "end": 112500
      }
    }
  },
  "description": "Eines gleich vorweg, keine Probefahrtouristen erwünscht, keine Inzahlungnahme, was ist letzte Preis Anfragen werden nicht beantwortet. Wer wirklich Interesse hat, der meldet sich mit Telefonnummer und wird dann zurückgerufen! Solange das Inserat Online ist, ist der M auch noch verfügbar. \nDie gesamte Ausstattung entnehmen sie bitte den Fotos.\nIndividual Ausstattung, Sonderlack Lavagrau Metallic\nTop gepflegt und mit Verstand bewegt.\nKein Winterbetrieb(Saison 03-10)\nOhne Mängel. \nBLP: 117.280€\nMWST ausweisbar.",
  "dealerDetails": {
    "id": 325362,
    "name": "Elektro Voit",
    "sellerType": "Private Seller",
    "phones": [
      "+49 (0)9931 2383"
    ],
    "country": "DE",
    "address": "Haiderweg 1, DE-94563 Otzing",
    "location": {
      "latitude": 48.7604583,
      "longitude": 12.8284072
    },
    "iconUrl": null,
    "reviewPageUrl": null,
    "score": null,
    "activeRatingCount": null,
    "vehicleAsDescribedPercentage": null,
    "recommendPercentage": null,
    "soldVehicleCount": null,
    "reviews": []
  },
  "attributes": {
    "Vehicle condition": "Used vehicle, Accident-free",
    "Category": "Estate car",
    "Mileage": "11,500 km",
    "Cubic Capacity": "2,993 ccm",
    "Power": "375 kW (510 hp)",
    "Drive type": "Internal combustion engine",
    "Fuel": "Petrol",
    "Number of Seats": "5",
    "Door Count": "4/5",
    "Transmission": "Automatic",
    "Emission Class": "Euro6d",
    "Emissions Sticker": "4 (Green)",
    "First Registration": "03/2024",
    "Number of Vehicle Owners": "1",
    "HU": "03/2027",
    "Climatisation": "Automatic climatisation, 3 zones",
    "Parking sensors": "Camera, Rear, Front, Self-steering systems",
    "Airbags": "Front and Side and More Airbags",
    "Colour": "Grey Metallic",
    "Interior Design": "Full leather, Black"
  },
  "features": [
    "ABS",
    "Adaptive cornering lights",
    "Adaptive Cruise Control",
    "Alarm system",
    "Alloy wheels",
    "Ambient lighting",
    "Android Auto",
    "Apple CarPlay",
    "Arm rest",
    "Autom. dimming interior mirror",
    "Blind spot assist",
    "Bluetooth",
    "Cargo barrier",
    "Central locking",
    "DAB radio",
    "Daytime running lights",
    "Digital cockpit",
    "Distance warning system",
    "Electric seat adjustment",
    "Electric side mirror",
    "Electric tailgate",
    "Electric windows",
    "Emergency brake assist",
    "Emergency call system",
    "ESP",
    "Fatigue warning system",
    "Four-wheel drive",
    "Full Service History",
    "Glare-free high beam headlights",
    "Hands-free kit",
    "Headlight washer system",
    "Head-up display",
    "Heated seats",
    "High beam assist",
    "Hill-start assist",
    "Immobilizer",
    "Induction charging for smartphones",
    "Integrated music streaming",
    "Isofix",
    "Keyless central locking",
    "Lane change assist",
    "Laser headlights",
    "Leather steering wheel",
    "Light sensor",
    "Lumbar support",
    "Multifunction steering wheel",
    "Navigation system",
    "Non-smoker vehicle",
    "On-board computer",
    "Paddle shifters",
    "Particulate filter",
    "Power Steering",
    "Rain sensor",
    "Roof rack",
    "Sound system",
    "Speed limit control system",
    "Sport seats",
    "Sports package",
    "Sports suspension",
    "Start-stop system",
    "Summer tyres",
    "Touchscreen",
    "Traction control",
    "Traffic sign recognition",
    "Tyre pressure monitoring",
    "USB port",
    "Voice control",
    "Warranty",
    "WLAN / Wi-Fi hotspot"
  ]
},
{
  "title": "BMW M3 Competition M xDrive Driving Assistant Pro Ha",
  "previewImage": "https://img.classistatic.de/api/v1/mo-prod/images/1d/1d0126ea-293d-48d7-93ea-17d4577d030a?rule=mo-1600.jpg",
  "category": "Limousine",
  "brand": "BMW",
  "model": "M3",
  "url": "https://suchen.mobile.de/fahrzeuge/details.html?id=431513199",
  "price.total.amount": 84830,
  "priceRating": {
    "rating": "Fair price",
    "priceRanges": {
      "Very good price": {
        "start": 60501,
        "end": 78600
      },
      "Good price": {
        "start": 78601,
        "end": 84700
      },
      "Fair price": {
        "start": 84701,
        "end": 94200
      },
      "Increased price": {
        "start": 94201,
        "end": 101100
      },
      "High price": {
        "start": 101101,
        "end": 112300
      }
    }
  },
  "description": "Sonderausstattung:\nInnovationspaket\nDriving Assistant Professional\nBMW Laserlicht\nBMW Live Cockpit Professional\nMetallic-Lackierung\nKomfortzugang\nParking Assistant\nHarman Kardon Surround Sound System\nSonnenschutzverglasung\nM Combound-Bremse Rot hochglänzend\nActive Protection\nM Leuchten Shadow Line\nM Interieurleisten Aluminium Rhombicle Antrazit\nFernlichtassistent\n\nSerienausstattung:\nZehn Lautsprecher Subwoofer\nBordcomputer mit Durchschnittskraftstoffverbrauch\nLuxus-Ausstattung: Klavierlack, Klavierlack, Leder auf Türverkleidungen, Klavierlack auf Armaturenbrett\nTagfahrlicht\nKopf-/Dach Airbag vorn und hinten\nZentralverriegelung mit Schließung der elektr. Fenster\nFahrer-Airbag, Beifahrer-Airbag mit Deaktivierung für Beifahrerairbag\nSeiten-Airbag vorne\nPremiumleder / Premiumleder\nArmlehne für Vordersitze\nArmlehne für Rücksitze\nFahrersitz Sportsitz mit sieben elektr. Verstellmöglichkeiten, Sitzheizung, Lehnenneigungsverstellung mit Memory, Längsverstellung mit Memory und Längsverstellung mit Memory 2-Wege elektrisch mit Sitzflächenneigungsverstellung mit Memory und mechanischer Oberschenkelauflage, Beifahrersitz Sportsitz mit sieben elektr. Verstellmöglichkeiten, Sitzheizung, elektrischer Lehnenneigungsverstellung, elektrischer Längsverstellung und elektrischer Höhenverstellung 2-Wege elektrisch mit elektrischer Sitzflächenneigungsverstellung und mechanischer Oberschenkelauflage\nMultifunktions-Alu & Lederlenkrad höhenverstellbar und längsverstellbar\n12V Steckdose vorne und hinten\nSportfahrwerk\nAktive Radaufhängung mit wählbarer Einstellung elektronisch\nBelüftungssystem mit digitaler Überwachung, Pollenfilter, Aktivkohlefilter und Motorvorwärmer\nGetrennte Belüftungsregelung für Beifahrerseite und hinten mit digitaler Anzeige\nKlimaanlage mit 3 Klimatisierungszonen (vollautomatisch)\nAnklappbare Außenspiegel\nElektrische Fensterheber mit Impulsschaltung für zwei Fenster vorn und hinten\nNavigationssystem mit Bedienung über Touch Screen, Datenquelle: Internet (Farbe), 14,90 Zoll-Bildschirm, Verkehrsinformation und Verkehrsinfo Monate inklusive: 24\nSportauspuff\nIsofix\nSprachbedienung herstellereigen\nElektronische Handbremse\nPartikelfilter\nKnie-Airbags Fahrer\nLokale Sprache Deutsch, BMW, 3er-Reihe, M3 Competition M xDrive A, M3 Competition und M3 Competition M xDrive A\nAutom. Warnblinker bei starker Bremsung\nElektr. Sitz-Memory für Außenspiegel\nCrash Warnsystem aktiviert Bremslicht, Müdigkeitswarnung, automatische Notbremsung, Bremst bei niedriger Geschwindigkeit Mindestgeschw. Zur Aktivierung: 5 km/h Fußgängerschutz, visuelle/akustische Warnung, Funktion über 130 km/h 78 mph, Funktion über 50 km/h 30 mph und Funktion unter 50 km/h 30 mph\nBluetooth\nStart/Stop\nGeschwindigkeitsregelanlage\nSpurassistent\nStartknopf\nMulti-Funktions-Monitor mit 12,30 Zoll Bildschirm Kombi-Instrumente 1, Bildschirmgröße (cm): und Wahlrad, Multi-Funktions-Monitor mit 14,90 Zoll Bildschirm und Touch-Bedienung Armaturenbrett 1, Bildschirmgröße (cm):, fix, Drehknopf, Touchpadsteuerung und nein\nLED Licht Bremslicht, Abblendlicht, Blinker, Tagfahrlicht, Rückleuchten und Fernlicht\nBeleuchtete Einstiegszone\nEnergie Rückgewinnung\nVerkehrszeichenerkennung\nAktives Differenzial Hinten\nInterner Speicher/Festplatte 320,00 GB\nFahrereinstellungen Motorcharakteristik, Lenkung, Fahrwerk, Stabilitätskontrolle und Traktionskontrolle\nBeleuchteter Make-up-Spiegel für Fahrer und Beifahrer\nFernbedienung Klimaanlage per Internet, per Telefon, mit Zeitschaltuhr, mit Heizen und mit Kühlen\nKabelloses Ladekissen\nInstallierte Apps\nApp-Steuerung\nEinparkhilfe vorne, hinten Sensor\nText - Sprache/Sprache - Text\n7 Airbags\nMobiltelefonintegration Apple CarPlay, Android Auto, Apple Monate inklusive: 999, Android Monate inklusive: 999, MirrorLink Monate inklusive: 0, Apple drahtlos und Android drahtlos\nWLTP Emissionen ICE, kombiniert: 229,0, kombiniert Fzg niedrig: 228,0 und kombiniert Fzg hoch: 230,0\nElektrisches System 12\nTorque vectoring Differential\nRemote Services Fensterbruchwarnung, Fahrzeug finden, Ton/Blinken, 999 Monate inklusive, Zielübertragung, Position teilen, Fahrzeugdiagnose und Fahrhistorie & Analyse\nOver air updates OS Version\nUnfalldatenschreiber\nNotruf\nLaunch Control\nOptik Schwarz um Seitenfenster und Auspuff\nUSB Ladeanschluss vorne\nTürschwellerschutz Aluminium\nCarbondach\nSperrdifferential mit begrenztem Schlupf elektronisches und hinten\nAntriebs-Schlupf-Regelung\nMehrere Benutzerprofile\nIntegrierte Infotainmentnutzeroberfläche 24 Monate inkl.\nM Drive Professional\n19'/20' M Schmiederäder Doppelspeiche 826 M Schwarz mit Mischbereifung\nRadschraubensicherung\nM Sportdifferenzial\nAdaptives Fahrwerk\nAlarmanlage\nInnen- und Außenspiegelpaket\n\n(Änderungen, Irrtümer und Zwischenverkauf vorbehalten!)",
  "dealerDetails": {
    "id": 2687875,
    "name": "ahg Autohandelsgesellschaft mbH",
    "sellerType": "Dealer",
    "phones": [
      "+49 (0)781 1255028819"
    ],
    "languages": [
      "Deutsch",
      "English",
      "Italiano",
      "Français",
      "Español"
    ],
    "country": "DE",
    "address": "Schutterwälder Straße 2, DE-77656 Offenburg",
    "location": {
      "latitude": 48.4655265,
      "longitude": 7.931196600000001
    },
    "activeSince": "2009-06-30T00:00:00.000Z",
    "homepageUrl": "https://home.mobile.de/home/redirect.html?customerId=2687875",
    "iconUrl": "https://img.classistatic.de/api/v1/mo-prod/images/d3/d3c99dd6-fc10-4a3e-9900-d57c345d92ce?rule=mo-640.jpg",
    "reviewPageUrl": "https://www.mobile.de/bewertungen/AHGOFFENBURGAUTOHANDELSGESELLSCHAFTMBH?lang=en",
    "score": {
      "total": 4.5,
      "responseTime": 4.6,
      "friendliness": 4.6,
      "advice": 4.4
    },
    "activeRatingCount": 16,
    "vehicleAsDescribedPercentage": 92,
    "recommendPercentage": 86,
    "soldVehicleCount": null,
    "reviews": []
  },
  "attributes": {
    "Vehicle condition": "Used vehicle, Accident-free",
    "Category": "Saloon, Employee's Car",
    "Vehicle Number": "FT31935",
    "Availability": "Now",
    "Mileage": "15,000 km",
    "Cubic Capacity": "2,993 ccm",
    "Power": "375 kW (510 hp)",
    "Drive type": "Internal combustion engine",
    "Fuel": "Petrol",
    "CO₂ class": "Based on CO₂ emissions (combined)",
    "Fuel consumption": [
      "0.0 l/100km (combined)"
    ],
    "Number of Seats": "5",
    "Door Count": "4/5",
    "Transmission": "Automatic",
    "Emission Class": "Euro6",
    "Emissions Sticker": "4 (Green)",
    "First Registration": "06/2024",
    "Number of Vehicle Owners": "1",
    "HU": "New",
    "Climatisation": "Automatic air conditioning",
    "Parking sensors": "Camera, Rear, Front, Self-steering systems",
    "Airbags": "Front and Side and More Airbags",
    "Colour (Manufacturer)": "M Isle of Man Grün metallic",
    "Colour": "Green Metallic",
    "Interior Design": "Full leather, Black",
    "Energy consumption (comb.)": "0.0 l/100km",
    "CO₂ emissions (comb.)": "229 g/km"
  },
  "features": [
    "ABS",
    "Adaptive Cruise Control",
    "Adaptive lighting",
    "Alarm system",
    "Alloy wheels",
    "Bluetooth",
    "Central locking",
    "DAB radio",
    "Daytime running lights",
    "Electric seat adjustment",
    "Electric side mirror",
    "Electric windows",
    "ESP",
    "Four-wheel drive",
    "Full Service History",
    "Hands-free kit",
    "Head-up display",
    "Heated seats",
    "Immobilizer",
    "Isofix",
    "LED headlights",
    "Light sensor",
    "Multifunction steering wheel",
    "Navigation system",
    "Non-smoker vehicle",
    "On-board computer",
    "Particulate filter",
    "Power Steering",
    "Rain sensor",
    "Sport seats",
    "Sports suspension",
    "Start-stop system",
    "Traction control",
    "Tuner/radio",
    "Warranty"
  ]
},
{
  "title": "BMW M3 xDrive Competition Navi HUD 360° ACC H&K LCI",
  "previewImage": "https://img.classistatic.de/api/v1/mo-prod/images/7a/7a9585de-6cd8-418c-945a-d26c1e7e637d?rule=mo-1600.jpg",
  "category": "EstateCar",
  "brand": "BMW",
  "model": "M3",
  "url": "https://suchen.mobile.de/fahrzeuge/details.html?id=429686138",
  "price.total.amount": 84849,
  "priceRating": {
    "rating": "Good price",
    "priceRanges": {
      "Very good price": {
        "start": 63701,
        "end": 82800
      },
      "Good price": {
        "start": 82801,
        "end": 89200
      },
      "Fair price": {
        "start": 89201,
        "end": 99200
      },
      "Increased price": {
        "start": 99201,
        "end": 106500
      },
      "High price": {
        "start": 106501,
        "end": 118300
      }
    }
  },
  "description": "Ablagenpaket\nInnovationspaket\nAdaptives Licht\nBi-Xenon-Licht\nBordmonitor\nHead up Display\nKurvenlicht Dynamisch\nM DRIVE PROFESSIONAL\nTraktionskontrolle\nInnen- und Außenspiegelpaket\nConnected Package Professional\nSitzheizung für Fahrer und Beifahrer\nSitzheizung Beifahrer\nSitzheizung Fahrer\nKlimaautomatik\nAutomatische Umluft-Kontrolle\nKlimaautomatik\nKomfortzugang\nAktive Sitzbelüftung vorn\nBelüftete Vordersitz/-sitze\nHarman Kardon Surround Sound System\nSoundsystem\nSitzverstellung, elektrisch mit Memory für Fahrersitz\nPARKING ASSISTANT PLUS\n360° Kamera\nParklenkassistent (aktiv)\nRückfahrkamera\nBMW Live Cockpit Professional\nDriving Assistant Professional\nBremsassistent, aktiv\nNotbremsassistent, City\nTempomat mit Abstandsregelung\nADAPTIVES M FAHRWERK\nLED-Scheinwerfer\nLED Abblendlicht\nLED Tagfahrlicht\nConnectedDrive Services\nInternet Zugang\nDAB-Tuner\nGeschwindigkeitsregelung mit Bremsfunkt.\nTempomat\nSonnenschutzverglasung\nM Compound-Bremse, rot hochglänzend\nHeckklappenbetätigung automatisch\nHeckklappe elektrisch\nParking Assistant\nParklenkassistent (aktiv ) inkl. Gas/Bremse\nInnenspiegel automatisch abblendend\nAblage für Wireless Charging\nTeleservices\nFernlichtassistent\nAutomatisches Fernlicht\nLordosenstütze für Fahrer und Beifahrer\nAlarmanlage\nAlarmanlage\nGepäckraumpaket\nGESETZLICHER NOTRUF\nM Sicherheitsgurte\nPERSONAL ESIM\nReifendruck-Kontrolle\nM Dachreling Hochglanz Shadow Line\nM Dachhimmel anthrazit\nReifenreparatur Set\nM Sportsitze\n19\"/20\" M Schmiederäder Doppelspeiche 826 M Bicolor Schwarz / MB\nWegfahrsperre\nWegfahrsperre\nAirbag: 2 Seitenairbags vorne\nAirbag Fahrer- und Bei.seite\"Full-Size\"\nBeifahrerairbag\nFahrerairbag\nBremsleuchte, dritte\nServotronic: M Servotronic\nLackierung: Metallic\nLenksäule: elektrisch einstellbar\nAllradantrieb xDrive\nAllradantrieb permanent\nHeckscheibenheizung\nSteckdose (12 V)\nAnti-Blockier-System (ABS) inkl. Bremsas\nAnti-Blockier-System (ABS)\nSpeed Limiter\nGeschwindigkeitsbegrenzung\nOttopartikelfilter\nAirbag: Kopfairbags für 4 äuß.Sitzplät.\nKindersitzbefestigung ISOFIX\nKindersitzbefestigung/Isofix\nLenkrad: M Lederlenkrad mit Multifunkt.\nLenkrad in Leder\nMultifunktionslenkrad\nSportlenkrad\nM Compound Bremsen\nGetränkehalter in Mittelkonsole vorn\nBMW ID\nRegensensor\nRegensensor\nEinstiegs. mit Alu.einleger u Modellschr\nFahrwerk: Adaptives M Fahrwerk\nFahrwerksregelung elektronisch\nHeckleuchten in LED-Technik\nAmbientes Licht\nAmbiente Innenbeleuchtung\nActive Protection\nCrash Sensor\nAirbag sonstiges\nDSC mit erweiterten Umfängen\nESP (Elektronisches Stabilitätsprogramm)\nGetriebe: 8-Gang Steptronic Sport Getr.\nAutomatik 8 Stufen\nPolster: Leder Merino\nRäderzubehör: Radschraubensicherung\nFahrzeugschlüssel, Zentralverriegelung\nZentralverriegelung fernbedienbar\nM Hochglanz Shadow Line mit erw. Umfäng.\nHeimleuchten\nSitze: Fondsitze\nFensterheber, elektrisch\nFensterheber elektrisch hinten\nFensterheber elektrisch vorn\n\nÄnderungen Zwischenverkauf und Irrtümer vorbehalten!\nGerne teilen wir Ihnen den detaillierten Fahrzeugzustand im Rahmen eines persönlichen Gespräches mit unserem Verkaufspersonal mit. Trotz größter Sorgfalt sind Inseratsfehler nicht ausgeschlossen, Irrtümer und Zwischenverkauf vorbehalten.",
  "dealerDetails": {
    "id": 462642,
    "name": "Autohaus Reisacher GmbH",
    "sellerType": "Dealer",
    "phones": [
      "+49 (0)8331 995997674"
    ],
    "languages": [
      "Deutsch",
      "English",
      "Français"
    ],
    "country": "DE",
    "address": "Europastrasse 1, DE-87700 Memmingen",
    "location": {
      "latitude": 47.998307,
      "longitude": 10.1524467
    },
    "activeSince": "1999-11-02T00:00:00.000Z",
    "homepageUrl": "https://home.mobile.de/home/redirect.html?customerId=462642",
    "iconUrl": null,
    "reviewPageUrl": "https://www.mobile.de/bewertungen/REISACHER-MEMMINGEN?lang=en",
    "score": {
      "total": 4,
      "responseTime": 4,
      "friendliness": 4.1,
      "advice": 3.8
    },
    "activeRatingCount": 52,
    "vehicleAsDescribedPercentage": 95,
    "recommendPercentage": 77,
    "soldVehicleCount": null,
    "reviews": []
  },
  "attributes": {
    "Vehicle condition": "Used vehicle",
    "Category": "Estate car, Employee's Car",
    "Vehicle Number": "151990",
    "Mileage": "25,119 km",
    "Cubic Capacity": "2,993 ccm",
    "Power": "390 kW (530 hp)",
    "Drive type": "Internal combustion engine",
    "Fuel": "Petrol",
    "CO₂ class": "Based on CO₂ emissions (combined)",
    "Fuel consumption": [
      "10.4 l/100km (combined)",
      "15.8 l/100km (city)",
      "10.3 l/100km (suburban)",
      "8.8 l/100km (country road)",
      "9.8 l/100km (motorway)"
    ],
    "Number of Seats": "5",
    "Door Count": "4/5",
    "Transmission": "Automatic",
    "Emission Class": "Euro6",
    "Emissions Sticker": "4 (Green)",
    "First Registration": "10/2024",
    "Number of Vehicle Owners": "1",
    "HU": "10/2027",
    "Climatisation": "Automatic air conditioning",
    "Parking sensors": "360° camera, Front, Self-steering systems, Rear",
    "Airbags": "Front and Side and More Airbags",
    "Colour (Manufacturer)": "M Brooklyn Grau metallic",
    "Colour": "Grey Metallic",
    "Interior Design": "Full leather, Black",
    "Energy consumption (comb.)": "10.4 l/100km",
    "CO₂ emissions (comb.)": "234 g/km"
  },
  "features": [
    "ABS",
    "Adaptive cornering lights",
    "Adaptive Cruise Control",
    "Alarm system",
    "Alloy wheels",
    "Ambient lighting",
    "Autom. dimming interior mirror",
    "Bluetooth",
    "Central locking",
    "DAB radio",
    "Distance warning system",
    "Electric seat adjustment",
    "Electric side mirror",
    "Electric tailgate",
    "Electric windows",
    "Emergency brake assist",
    "Emergency call system",
    "ESP",
    "Fog lamp",
    "Four-wheel drive",
    "Full Service History",
    "Hands-free kit",
    "Head-up display",
    "Heated seats",
    "High beam assist",
    "Immobilizer",
    "Induction charging for smartphones",
    "Isofix",
    "Keyless central locking",
    "Leather steering wheel",
    "LED headlights",
    "LED running lights",
    "Light sensor",
    "Lumbar support",
    "Multifunction steering wheel",
    "Navigation system",
    "On-board computer",
    "Power Steering",
    "Rain sensor",
    "Roof rack",
    "Seat ventilation",
    "Sound system",
    "Speed limit control system",
    "Sport seats",
    "Sports package",
    "Sports suspension",
    "Start-stop system",
    "Traction control",
    "Tuner/radio",
    "Tyre pressure monitoring",
    "Warranty"
  ]
},
{
  "title": "BMW M3 Competition Touring M Sportsitze HK HiFi",
  "previewImage": "https://img.classistatic.de/api/v1/mo-prod/images/5b/5b95a043-eb54-4931-8990-31a184867b43?rule=mo-1600.jpg",
  "category": "EstateCar",
  "brand": "BMW",
  "model": "M3",
  "url": "https://suchen.mobile.de/fahrzeuge/details.html?id=421786611",
  "price.total.amount": 84900,
  "priceRating": {
    "rating": "Good price",
    "priceRanges": {
      "Very good price": {
        "start": 64101,
        "end": 83400
      },
      "Good price": {
        "start": 83401,
        "end": 89800
      },
      "Fair price": {
        "start": 89801,
        "end": 99800
      },
      "Increased price": {
        "start": 99801,
        "end": 107200
      },
      "High price": {
        "start": 107201,
        "end": 119100
      }
    }
  },
  "description": "Sonstiges\nAblage für Wireless Charging\nActive Guard\nBlow by-Heizer\nBMW Apps\nDekodierung Zusatzfunktionen\nKaeltemittel\nM Interieurleisten Aluminium Rhombicle Anthrazit\nMWSt ausweisbar\nPersonal eSIM\nSteuerung EfficientDynamics\nSteuerung Karosserie\nUnfallfrei\n\nAntrieb, Fahrwerk\nAdaptives M Fahrwerk\nAllrad\nM Compound-Bremse, schwarz hochglänzend\nM Drive Professional\nM Sportdifferenzial\nSportfahrwerk\n\nEditionen und Pakete\nAblagenpaket\nConnected Package Professional (laufzeitgebundener Dienst)\nConnectedDrive Services (laufzeitgebundener Dienst)\nGepäckraumpaket\nInnovationspaket\n\nExterieur\nDach und Spiegelkappen schwarz\nDachreling\n\nFahrerassistenz\nDriving Assistant Professional\nGesetzlicher Notruf\nParking Assistant Plus\nTeleservices\n\nIndividualumfänge\nIndividual\nM Dachreling Hochglanz Shadow Line\nM Hochglanz Shadow Line\nM Hochglanz Shadow Line mit erweiterten Umfängen\nM Leuchten Shadow Line\n\nKomfort, Innenausstattung\nFondkopfstützen klappbar\nGalvanikapplikation für Bedienelemente\nInnen- und Außenspiegelpaket\nKlimaautomatik\nKomfortzugang\nLeder\nLenkradheizung\nLordose\nLordosenstütze für Fahrer und Beifahrer\nM Sicherheitsgurte\nM Sportsitze\nSitzheizung für Fahrer und Beifahrer\nSitzverstellung elektrisch mit Memory für Fahrersitz\nSonnenschutzrollo für hintere Türseitenscheiben\nSonnenschutzverglasung\n\nMultimedia\nBMW Live Cockpit Professional (laufzeitgebundener Dienst)\nDAB Tuner\nHarman Kardon Surround Sound System\n\nRäder\n19\"/20\" M Schmiederäder Doppelspeiche 826 M Schwarz / MB\nRadschraubensicherung\nReifenreparatur Set\n\nSitzbezug\nBMW Individual erweiterte Lederausstattung 'Merino' Fionarot/Schwarz (SW)\n\nUmwelt, Sicherheit\nAbgasnorm EU6 RDE II\nABS\nActive Protection\nAdaptiver LED-Scheinwerfer\nAktiver Fußgängerschutz\nAlarmanlage mit Fernbedienung\nBeifahrerairbag-Deaktivierung\nFernlichtassistent\nInnenspiegel automatisch abblendend\nReifendruck-Kontrolle\n\nUnverbindliche Preisempfehlung des Herstellers am Tag der Erstzulassung 114.190,00 EUR inkl. MwSt. Irrtümer und Zwischenverkauf vorbehalten.",
  "dealerDetails": {
    "id": 461414,
    "name": "Autohaus Joas OHG",
    "sellerType": "Dealer",
    "phones": [
      "+49 (0)9071 582814855"
    ],
    "languages": [
      "Deutsch",
      "English"
    ],
    "country": "DE",
    "address": "Am Reitweg 10, DE-89407 Dillingen",
    "location": {
      "latitude": 48.5774351,
      "longitude": 10.5001204
    },
    "activeSince": "2002-09-11T00:00:00.000Z",
    "homepageUrl": "https://home.mobile.de/home/redirect.html?customerId=461414",
    "iconUrl": "https://img.classistatic.de/api/v1/mo-prod/images/6e/6e416c29-a61c-4674-9898-90607c116227?rule=mo-640.jpg",
    "reviewPageUrl": "https://www.mobile.de/bewertungen/AH-E-JOAS?lang=en",
    "score": {
      "total": 4.5,
      "responseTime": 4.5,
      "friendliness": 4.6,
      "advice": 4.4
    },
    "activeRatingCount": 37,
    "vehicleAsDescribedPercentage": 97,
    "recommendPercentage": 88,
    "soldVehicleCount": null,
    "reviews": []
  },
  "attributes": {
    "Vehicle condition": "Used vehicle, Accident-free",
    "Category": "Estate car, Employee's Car",
    "Model range": "G81",
    "Trim line": "Touring M Sportsitze HK HiFi ",
    "Vehicle Number": "029167",
    "Availability": "Now",
    "Mileage": "16,400 km",
    "Cubic Capacity": "2,993 ccm",
    "Power": "390 kW (530 hp)",
    "Drive type": "Internal combustion engine",
    "Fuel": "Petrol",
    "Number of Seats": "5",
    "Door Count": "4/5",
    "Transmission": "Automatic",
    "Emission Class": "Euro6",
    "Emissions Sticker": "4 (Green)",
    "First Registration": "09/2024",
    "Number of Vehicle Owners": "1",
    "HU": "New",
    "Climatisation": "Automatic air conditioning",
    "Parking sensors": "Front, Self-steering systems, Rear",
    "Airbags": "Front and Side Airbags",
    "Colour (Manufacturer)": "Aventurinrot",
    "Colour": "Red Metallic",
    "Interior Design": "Full leather, Black",
    "Cylinders": "6"
  },
  "features": [
    "ABS",
    "Adaptive Cruise Control",
    "Adaptive lighting",
    "Alarm system",
    "Alloy wheels",
    "Autom. dimming interior mirror",
    "Blind spot assist",
    "Bluetooth",
    "Central locking",
    "DAB radio",
    "Digital cockpit",
    "Distance warning system",
    "Electric seat adjustment",
    "Electric side mirror",
    "Electric windows",
    "Eletric seat adjustment with memory function",
    "Emergency call system",
    "ESP",
    "Four-wheel drive",
    "Full Service History",
    "Glare-free high beam headlights",
    "Heated seats",
    "Heated steering wheel",
    "High beam assist",
    "Immobilizer",
    "Induction charging for smartphones",
    "Isofix",
    "Keyless central locking",
    "Lane change assist",
    "LED headlights",
    "LED running lights",
    "Light sensor",
    "Lumbar support",
    "Multifunction steering wheel",
    "Navigation system",
    "Non-smoker vehicle",
    "On-board computer",
    "Power Steering",
    "Roof rack",
    "Sound system",
    "Sport seats",
    "Sports suspension",
    "Tinted windows",
    "Touchscreen",
    "Traction control",
    "Tuner/radio",
    "Tyre pressure monitoring",
    "Voice control",
    "Warranty"
  ]
},
{
  "title": "BMW M3 Competition AdapLED DA Prof PA+ Glasd. HK HuD",
  "previewImage": "https://img.classistatic.de/api/v1/mo-prod/images/05/052d8e5e-ad6c-4f85-b6fb-df13a29013a8?rule=mo-1600.jpg",
  "category": "Limousine",
  "brand": "BMW",
  "model": "M3",
  "url": "https://suchen.mobile.de/fahrzeuge/details.html?id=430929109",
  "price.total.amount": 85980,
  "priceRating": {
    "rating": "Fair price",
    "priceRanges": {
      "Very good price": {
        "start": 58901,
        "end": 76600
      },
      "Good price": {
        "start": 76601,
        "end": 82500
      },
      "Fair price": {
        "start": 82501,
        "end": 91800
      },
      "Increased price": {
        "start": 91801,
        "end": 98500
      },
      "High price": {
        "start": 98501,
        "end": 109500
      }
    }
  },
  "description": "Leasingbeispiel\n\nMtl. Leasingrate: 1.409,89 EUR inkl. MwSt.\nAnschaffungspreis 85.980,00 EUR\nSonderzahlung: 0,00 EUR\nLaufleistung p.a. 10.000km\nLaufzeit 36 Monate\nSollzinssatz p.a.: 5,80% (gebunden für die gesamte Vertragslaufzeit)\nEffektiver Jahreszins 5,96%\nGesamtbetrag 50.756,04 EUR\nEin unverbindliches Leasingbeispiel der BMW Bank GmbH, Lilienthalallee 26, 80939 München.\n\n\nAntrieb, Fahrwerk\nAdaptives M Fahrwerk\nM Drive Professional\nM Sportdifferential\nSportfahrwerk\n\nEditionen und Pakete\nAblagenpaket\nConnectedDrive Services (laufzeitgebundener Dienst)\nConnectedPackage Professional (laufzeitgebundener Dienst)\nInnovations-Paket (2)\n\nExterieur\nSchiebe-/Hebedach elektrisch (Glas)\n\nFahrerassistenz\nFahrassistenz-System: Driving Assistant Professional\nGesetzlicher Notruf\nHead-Up Display\nParkassistent-Paket Plus\nRückfahrkamera\nSpurverlassenswarnung\nSpurwechselwarnung\nTeleServices\n\nIndividualumfänge\nBMW Individual Hochglanz Shadow Line\nBMW Individual Hochglanz Shadow Line mit erweiterten Umfängen\nDachhimmel Individual anthrazit\nScheinwerfer BMW Individual Shadow-Line\n\nKomfort, Innenausstattung\nAbstandsregeltempomat\nDurchladesystem\nEinparkhilfe selbstlenkendes System\nFensterheber, elektrisch\nFondkopfstützen klappbar\nGalvanikapplikation für Bedienelemente\nHeckklappenbetätigung automatisch\nInnen- und Aussenspiegel automatisch abblendend\nKeyless Entry\nKlimaautomatic\nKomfortzugang (Öffnungs- und Schließsystem)\nLeder\nLederlenkrad\nLordose\nLordosenstuetze fuer Fahrer und Beifahrer\nM Sicherheitsgurte\nM Sportsitze\nMultifunktionslenkrad\nSitzheizung fuer Fahrer und Beifahrer\nSitzverstellung, elektrisch mit Memory\nSonnenschutzverglasung\nSportsitze\nSpurhalteassistent\nTempomat\nVerglasung Akustikglas\nZentralverriegelung\n\nMultimedia\nBluetooth\nBMW Live Cockpit Professional (laufzeitgebundener Dienst)\nDAB Tuner\nFreisprecheinrichtung\nHarman Kardon Surround Sound System\nNavigationssystem\nRadio\nTelefon\nUSB Schnittstelle\n\nRäder\nAlufelgen\nRadschraubensicherung\nReifenreparatur-Set\nWinterraeder statt Sommerraeder\n\nSitzbezug\nLeder Merino Schwarz\n\nSonstiges\nAbgasnorm EU6 RDE II\nAblage für Wireless Charging\nAblage für Wireless Charging \nAblagenpaket\nActive Guard\nAdaptiver LED-Scheinwerfer\nAdaptives M Fahrwerk\nAktiver Fußgängerschutz\nAkustikverglasung\nAlarmanlage\nAutomatische Heckklappenbetätigung\nBlow by-Heizer\nBMW Live Cockpit Professional\nCO2-Umfang\nCOC Zusatzumfänge\nConnected Package Professional\nConnectedDrive Services\nDAB-Tuner\nDeaktivierung Beifahrerairbag\nDekodierung Zusatzfunktionen\nDeutsch / Bordliteratur\nDeutsch/Betriebsanleitung/Servicehe ft\nDeutschland-Ausfuehrung\nDeutschland-Ausführung\nDriving Assistant Professional\nElektrisch verstellbare Spiegel\nEU spezifische Umfänge\nEU-spezifische Zusatzumfaenge\nFahrassistenz-System: aktiver Spurhalteassistent\nFahrassistenz-System: Ampel-Erkennung\nFahrassistenz-System: Ausweich-Assistent\nFahrassistenz-System: Einparkhilfe Seite\nFahrassistenz-System: Falschfahrwarnung\nFahrassistenz-System: Frontkollisionswarnung\nFahrassistenz-System: Heckaufprall-Vermeidung (Prävention Heckkollision)\nFahrassistenz-System: Kreuzungs-Assistent\nFahrassistenz-System: Park-Assistent\nFahrassistenz-System: Querverkehrs-Assistent\nFahrassistenz-System: Rückfahr-Assistent\nFahrassistenz-System: Rückfahrhilfe Notbremsfunktion (Active PDC)\nFahrassistenz-System: Spurwechselassistent\nFahrassistenz-System: Spurwechsel-Warnsystem\nFernlichtassistent\nFondkopfstützen klappbar\nGalvanikapplikation für Bedienelemente\nGeschwindigkeits-Regelanlage, Aktiv mit Stop&Go-Funktion\nGesetzlicher Notruf\nGlasdach, elektrisch mit Schiebe- und Hebefunktion\nHarman Kardon Surround Sound System\nInnen- und Außenspiegelpaket\nInnenspiegel automatisch abblendend\nInnovationspaket\nInterieurleisten Aluminium Rhombicle Anthrazit \nInterne Steuerung\nKältemittel\nKilometertacho\nKlimaautomatik\nKomfortzugang\nLordosenstütze für Fahrer und Beifahrer\nM Dachhimmel anthrazit\nM Drive Professional\nM Hochglanz Shadow Line\nM Hochglanz Shadow Line mit erweiterten Umfängen\nM Interieurleisten Aluminium Rhombicle Anthrazit\nM Leuchten Shadow Line\nM Sicherheitsgurte\nM Sportdifferenzial\nM Sportsitze\nMetallic-Lackierung\nÖlwartungsintervall 24 Monate/30.000 km\nÖlwartungsintervall 30000 km / 24 Monate\nParking Assistant Plus\nPersonal eSIM\nPersonal eSIM \nRadschraubensicherung\nReifendruck-Kontrolle\nReifendruckkontrollsystem\nReifenreparatur Set\nRückfahrkamera\nRückfahrkamera (Top View)\nService-System: Remote 3D View\nSitzbezug / Polsterung: Leder Merino Schwarz\nSitzheizung für Fahrer und Beifahrer\nSitzverstellung, elektrisch mit Memory für Fahrersitz\nSonnenschutzverglasung\nSprachversion Deutsch\nSteuerung D\nSteuerung EfficientDynamics\nSteuerung FAS 18\nSteuerung Infotainment\nSteuerung Karosserie\nSurround-Kamerasystem (Surround View)\nTeleservices\nWarndreieck und Verbandkasten\nWinterräder statt Sommerräder (nur für Autovermieter)\n\nUmwelt, Sicherheit\nAbgasnorm EU6 RDE II\n* ABS Irrtümer und Zwischenverkauf vorbehalten.",
  "dealerDetails": {
    "id": 37416672,
    "name": "Procar Automobile Wuppertal GmbH & Co. KG",
    "sellerType": "Dealer",
    "phones": [
      "+49 (0)202 2562260224"
    ],
    "languages": [
      "Deutsch"
    ],
    "country": "DE",
    "address": "Friedrich-Ebert-Straße 105, DE-42117 Wuppertal",
    "location": {
      "latitude": 51.25216169999999,
      "longitude": 7.1319626
    },
    "activeSince": "2001-04-27T00:00:00.000Z",
    "homepageUrl": "https://home.mobile.de/home/redirect.html?customerId=37416672",
    "iconUrl": "https://img.classistatic.de/api/v1/mo-prod/images/5d/5db590ef-482c-4d48-a73f-64c05a775ed2?rule=mo-640.jpg",
    "reviewPageUrl": "https://www.mobile.de/bewertungen/PROCARAUTOMOBILEWUPPERTALGMBHCOKGWUPPERTAL?lang=en",
    "score": {
      "total": 4.4,
      "responseTime": 4.7,
      "friendliness": 4.5,
      "advice": 4.1
    },
    "activeRatingCount": 39,
    "vehicleAsDescribedPercentage": 90,
    "recommendPercentage": 82,
    "soldVehicleCount": null,
    "reviews": []
  },
  "attributes": {
    "Vehicle condition": "Used vehicle, Accident-free",
    "Category": "Saloon, Employee's Car",
    "Model range": "G80",
    "Trim line": "AdapLED DA Prof PA+ Glasd. HK HuD",
    "Vehicle Number": "456583-B",
    "Availability": "Now",
    "Mileage": "24,753 km",
    "Cubic Capacity": "2,993 ccm",
    "Power": "375 kW (510 hp)",
    "Drive type": "Internal combustion engine",
    "Fuel": "Petrol",
    "CO₂ class": "Based on CO₂ emissions (combined)",
    "Fuel consumption": [
      "9.9 l/100km (combined)",
      "15.4 l/100km (city)",
      "10.0 l/100km (suburban)",
      "8.4 l/100km (country road)",
      "9.2 l/100km (motorway)"
    ],
    "Energy costs for 15,000 km annual mileage": "€2,667/Year",
    "Fuel price": "€1.80/l (annual average 2024)",
    "Possible CO₂ costs over the next 10 years (15,000 km/year)": [
      "€4,267 (assuming an average CO₂ price of €127/t)",
      "€2,016 (assuming a low average CO₂ price of €60/t)",
      "€6,720 (assuming a high average CO₂ price of €200/t)"
    ],
    "Vehicle tax": "€436/Year",
    "Number of Seats": "5",
    "Door Count": "4/5",
    "Transmission": "Automatic",
    "Emission Class": "Euro6",
    "Emissions Sticker": "4 (Green)",
    "First Registration": "12/2024",
    "Construction Year": "2024",
    "Number of Vehicle Owners": "1",
    "HU": "New",
    "Climatisation": "Automatic climatisation, 3 zones",
    "Parking sensors": "360° camera, Front, Self-steering systems, Rear",
    "Airbags": "Front and Side and More Airbags",
    "Colour (Manufacturer)": "Saphirschwarz ",
    "Colour": "Black Metallic",
    "Interior Design": "Full leather, Black",
    "Weight": "1,805 kg",
    "Tank capacity": "59 l",
    "Energy consumption (comb.)": "9.9 l/100km",
    "CO₂ emissions (comb.)": "224 g/km"
  },
  "features": [
    "ABS",
    "Adaptive cornering lights",
    "Adaptive Cruise Control",
    "Alarm system",
    "Alloy wheels",
    "Ambient lighting",
    "Apple CarPlay",
    "Arm rest",
    "Autom. dimming interior mirror",
    "Blind spot assist",
    "Bluetooth",
    "CD player",
    "Central locking",
    "DAB radio",
    "Digital cockpit",
    "Distance warning system",
    "Dynamic chassis control",
    "Electric seat adjustment",
    "Electric side mirror",
    "Electric tailgate",
    "Electric windows",
    "Eletric seat adjustment with memory function",
    "Emergency brake assist",
    "Emergency call system",
    "ESP",
    "Fatigue warning system",
    "Full Service History",
    "Glare-free high beam headlights",
    "Hands-free kit",
    "Head-up display",
    "Heated seats",
    "High beam assist",
    "Hill-start assist",
    "Immobilizer",
    "Induction charging for smartphones",
    "Integrated music streaming",
    "Isofix",
    "Keyless central locking",
    "Lane change assist",
    "Leather steering wheel",
    "LED headlights",
    "LED running lights",
    "Light sensor",
    "Lumbar support",
    "Multifunction steering wheel",
    "Navigation system",
    "Non-smoker vehicle",
    "On-board computer",
    "Paddle shifters",
    "Particulate filter",
    "Power Steering",
    "Rain sensor",
    "Rear traffic alert",
    "Rear wheel drive",
    "Sound system",
    "Speed limit control system",
    "Sport seats",
    "Sports package",
    "Sports suspension",
    "Start-stop system",
    "Sunroof",
    "Tinted windows",
    "Touchscreen",
    "Traction control",
    "Traffic sign recognition",
    "Tuner/radio",
    "Tyre pressure monitoring",
    "USB port",
    "Voice control",
    "Warranty",
    "Winter tyres"
  ]
},
{
  "title": "BMW M3 Touring Competition xDrive+DR.ASS PRO+MEMORY+",
  "previewImage": "https://img.classistatic.de/api/v1/mo-prod/images/23/23e41621-9c3e-43e6-986f-beaab7ad879d?rule=mo-1600.jpg",
  "category": "EstateCar",
  "brand": "BMW",
  "model": "M3",
  "url": "https://suchen.mobile.de/fahrzeuge/details.html?id=434283628",
  "price.total.amount": 85880,
  "priceRating": {
    "rating": "Good price",
    "priceRanges": {
      "Very good price": {
        "start": 61501,
        "end": 80000
      },
      "Good price": {
        "start": 80001,
        "end": 86100
      },
      "Fair price": {
        "start": 86101,
        "end": 95800
      },
      "Increased price": {
        "start": 95801,
        "end": 102800
      },
      "High price": {
        "start": 102801,
        "end": 114300
      }
    }
  },
  "description": "Antrieb, Fahrwerk\nAdaptives M Fahrwerk\nAllrad\nBremsanlage: Compound - M Bremssystem (Bremssättel Schwarz)\nM Drive Professional\nM Sportdifferential\nSportfahrwerk\n\nAußenausstattung\nDachreling Hochglanz Shadow-Line\nHeckklappenbetätigung automatisch\n\nEditionen und Pakete\nAblagenpaket\nConnectedDrive Services (laufzeitgebundener Dienst)\nConnectedPackage Professional (laufzeitgebundener Dienst)\nGepäckraum-Paket\nInnovations-Paket\n\nExterieur\nDachreling\nElektrische Gepäckraumklappe\n\nFahrerassistenz\nFahrassistenz-System: Driving Assistant Professional\nGesetzlicher Notruf\nPark Distance Control (PDC)\nParkassistent-Paket Plus\nRückfahrkamera\nSpurverlassenswarnung\nSpurwechselwarnung\nTeleServices\n\nIndividualumfänge\nBMW Individual Dachreling Hochglanz Shadow Line\nBMW Individual Hochglanz Shadow Line\nBMW Individual Hochglanz Shadow Line mit erweiterten Umfängen\nDachhimmel Individual anthrazit\nInnenausstattung: Individual Interieurleisten Pianolack\n\nKomfort, Innenausstattung\nAbstandsregeltempomat\nAktive Sitzbelüftung vorn\nDurchladesystem\nEinparkhilfe Sensoren vorne\nFensterheber, elektrisch\nFondkopfstützen klappbar\nFunkfernbedienung\nGalvanikapplikation für Bedienelemente\nInnen- und Aussenspiegel automatisch abblendend\nKeyless Entry\nKlimaautomatic\nKomfortzugang (Öffnungs- und Schließsystem)\nLeder\nLederlenkrad\nLenkrad heizbar\nLordose\nLordosenstuetze fuer Fahrer und Beifahrer\nM Sportsitze\nMultifunktionslenkrad\nSitzheizung\nSitzheizung fuer Fahrer und Beifahrer\nSitzverstellung, elektrisch mit Memory\nSonnenschutzrollo an Türscheiben hinten\nSonnenschutzverglasung (hinten abgedunkelt)\nSportsitze\nSpurhalteassistent\nVerglasung Akustikglas\nZentralverriegelung\n\nMultimedia\nBluetooth\nBMW Live Cockpit Professional\nBordcomputer\nDAB Tuner\nFreisprecheinrichtung\nSound-System Harman-Kardon\nTelefon\nUSB Schnittstelle\n\nRäder\nLM-Felgen vorn/hinten: 9,5x19 / 10,5x20 (Doppelspeichen 825 M, Bicolor, Schwarz)\nRadschraubensicherung\nReifen-Reparaturset (Mobility-Pack)\n\nSitzbezug\nLEDER MERINO\n\nSonstiges\nAblage für Wireless Charging \nActive Guard\nBlow by-Heizer\nBMW Curved Display\nBMW Individuallackierung Tansanit-Blau II Metallic\nCO2-Umfang\nControl-Display mit Farbmonitor (14,9 Zoll)\nDekodierung Zusatzfunktionen\nDeutsch / Bordliteratur\nDeutschland-Ausfuehrung\nElektrisch verstellbare Spiegel\nEntfall spezifischer Designumfänge\nEU-spezifische Zusatzumfaenge\nFahrassistenz-System: aktiver Spurhalteassistent\nFahrassistenz-System: Ampel-Erkennung\nFahrassistenz-System: Ausweich-Assistent\nFahrassistenz-System: Driving Assistant\nFahrassistenz-System: Falschfahrwarnung\nFahrassistenz-System: Frontkollisionswarnung\nFahrassistenz-System: Heckaufprall-Vermeidung (Prävention Heckkollision)\nFahrassistenz-System: Kreuzungs-Assistent\nFahrassistenz-System: Querverkehrs-Assistent\nFahrassistenz-System: Rückfahr-Assistent\nFahrassistenz-System: Spurwechselassistent\nFahrassistenz-System: Spurwechsel-Warnsystem\nFzg. ohne Modell-Schriftzug\nGeschwindigkeits-Regelanlage, Aktiv mit Stop&Go-Funktion\nKältemittel\nKilometertacho\nMetallic-Lackierung\nMüdigkeitswarnsystem\nNotrufsystem\nÖlwartungsintervall 24 Monate/30.000 km\nPersonalisierungssystem (Personal eSIM)\nReifendruckkontrollsystem\nRückfahrkamera (Top View)\nSteuerung Infotainment\nSteuerung Karosserie\nSurround-Kamerasystem (Surround View)\n\nUmwelt, Sicherheit\nAbgasnorm EU6 RDE II\nABS\nAktiver Fussgängerschutz\nAlarmanlage\nAuto Start/Stop Funktion \nBeifahrerairbag\nBeifahrerairbag-Deaktivierung\nESP\nFahrassistenz-System: Fernlichtassistent\nFahrerairbag\nInnenspiegel, automatisch abblendend\nKindersitzbefestigung ISOFIX\nKopfairbag\nNotbremsassistent\nPASM\nRegensensor\nReifen Druck Control\nScheinwerfer Laserlicht\nSeitenairbag\nSicherheitssystem Active Protection\nTraction Control\nWarndreieck\nWegfahrsperre\n\nFinanzierungsbeispiel\n\nMtl. Finanzierungsrate: 909,00 EUR\nAnzahlung: 25.764,00 EUR\nLaufzeit: 36 Monate\nZielrate: 38.627,78 EUR\nNettodarlehensbetrag: 60.116,00 EUR\nSollzinssatz p.a.: 6,51% (gebunden für die gesamte Vertragslaufzeit)\nEffektiver Jahreszins: 6,99%\nGesamtbetrag: 69.533,78 EUR\nEin unverbindliches Finanzierungsbeispiel der BMW Bank GmbH, Lilienthalallee 26, 80939 München.\n\n\nEhemalige unverbondliche Preisempfehlung des Herstellers 115.330,- EURO inkl. MwSt.\n\nGeprüfter Gebrauchtwagen inkl. 24 Monaten BMW PREMIUM SELECTION / MINI NEXT Garantie.\nDamit sich der Weg zu uns lohnt, bitten wir Sie um einen kurzen Anruf vor Besichtigung. Dann prüfen wir gerne für Sie ob das gewünschte Fahrzeug noch verfügbar ist. Vielen Dank! Wir freuen uns auf Ihren Besuch.\nNetto-Verkauf (Kaution in Höhe der MwSt.) innerhalb und außerhalb der EU. Die Details bitte vorab telefonisch klären.\nIrrtümer, Eingabe- und Datenübermittlungsfehler vorbehalten. Die Angaben im Internet sind unverbindliche Beschreibungen und stellen keine zugesicherten Eigenschaften dar. Ausstattungen sind ggfs. gesondert zu prüfen. Es gelten ausschließlich die Angaben im Kaufvertrag.\n* Deutschlandweite Lieferung möglich! Irrtümer und Zwischenverkauf vorbehalten.",
  "dealerDetails": {
    "id": 8064743,
    "name": "Felix Automobile GmbH",
    "sellerType": "Dealer",
    "phones": [
      "+49 (0)2041 370914014"
    ],
    "languages": [
      "Deutsch",
      "English",
      "Polski",
      "Türkçe"
    ],
    "country": "DE",
    "address": "Gladbecker Str. 120, DE-46236 Bottrop",
    "location": {
      "latitude": 51.5325049,
      "longitude": 6.931025
    },
    "activeSince": "2012-07-09T00:00:00.000Z",
    "homepageUrl": "https://home.mobile.de/home/redirect.html?customerId=8064743",
    "iconUrl": "https://img.classistatic.de/api/v1/mo-prod/images/2a/2abd569b-49f4-4a05-a4e8-6e3a676fe0a8?rule=mo-640.jpg",
    "reviewPageUrl": "https://www.mobile.de/bewertungen/FELIXAUTOMOBILEGMBH?lang=en",
    "score": {
      "total": 4.6,
      "responseTime": 4.5,
      "friendliness": 4.5,
      "advice": 4.6
    },
    "activeRatingCount": 22,
    "vehicleAsDescribedPercentage": 100,
    "recommendPercentage": 94,
    "soldVehicleCount": null,
    "reviews": []
  },
  "attributes": {
    "Vehicle condition": "Used vehicle, Accident-free",
    "Category": "Estate car",
    "Model range": "G81",
    "Trim line": "Competition xDrive+DR.ASS PRO+MEMORY+HARMAN-KARDON EUR…",
    "Vehicle Number": "003954",
    "Availability": "Now",
    "Mileage": "10,700 km",
    "Cubic Capacity": "2,993 ccm",
    "Power": "375 kW (510 hp)",
    "Drive type": "Internal combustion engine",
    "Fuel": "Petrol, E10-enabled",
    "Number of Seats": "5",
    "Door Count": "4/5",
    "Transmission": "Automatic",
    "Emission Class": "Euro6d",
    "Emissions Sticker": "4 (Green)",
    "First Registration": "07/2024",
    "Construction Year": "2024",
    "Number of Vehicle Owners": "1",
    "HU": "New",
    "Climatisation": "Automatic climatisation, 3 zones",
    "Parking sensors": "360° camera, Rear, Front, Self-steering systems",
    "Airbags": "Front and Side and More Airbags",
    "Colour (Manufacturer)": "TANSANITBLAU II METALLIC",
    "Colour": "Blue Metallic",
    "Interior Design": "Full leather, Black",
    "Weight": "1,940 kg",
    "Tank capacity": "59 l"
  },
  "features": [
    "ABS",
    "Adaptive cornering lights",
    "Adaptive Cruise Control",
    "Alarm system",
    "Alloy wheels",
    "Ambient lighting",
    "Android Auto",
    "Arm rest",
    "Autom. dimming interior mirror",
    "Blind spot assist",
    "Bluetooth",
    "Cargo barrier",
    "CD player",
    "Central locking",
    "DAB radio",
    "Digital cockpit",
    "Distance warning system",
    "Dynamic chassis control",
    "Electric seat adjustment",
    "Electric side mirror",
    "Electric tailgate",
    "Electric windows",
    "Eletric seat adjustment with memory function",
    "Emergency brake assist",
    "Emergency call system",
    "Emergency tyre repair kit",
    "ESP",
    "Fatigue warning system",
    "Folding exterior mirrors",
    "Four-wheel drive",
    "Full Service History",
    "Glare-free high beam headlights",
    "Hands-free kit",
    "Head-up display",
    "Heated seats",
    "Heated steering wheel",
    "High beam assist",
    "Hill-start assist",
    "Immobilizer",
    "Induction charging for smartphones",
    "Integrated music streaming",
    "Isofix",
    "Keyless central locking",
    "Lane change assist",
    "Laser headlights",
    "Leather steering wheel",
    "LED running lights",
    "Light sensor",
    "Lumbar support",
    "Multifunction steering wheel",
    "Navigation system",
    "Non-smoker vehicle",
    "On-board computer",
    "Paddle shifters",
    "Particulate filter",
    "Power Steering",
    "Rain sensor",
    "Rear traffic alert",
    "Roof rack",
    "Seat ventilation",
    "Sound system",
    "Speed limit control system",
    "Sport seats",
    "Sports package",
    "Sports suspension",
    "Start-stop system",
    "Summer tyres",
    "Tinted windows",
    "Touchscreen",
    "Traction control",
    "Traffic sign recognition",
    "Tuner/radio",
    "Tyre pressure monitoring",
    "USB port",
    "Voice control",
    "Warranty"
  ]
},
{
  "title": "BMW M3 Competition 1.Hand Laser Cabron M Driver´s",
  "previewImage": "https://img.classistatic.de/api/v1/mo-prod/images/2c/2c023ada-8900-4b49-90d1-0fd403aa3879?rule=mo-1600.jpg",
  "category": "Limousine",
  "brand": "BMW",
  "model": "M3",
  "url": "https://suchen.mobile.de/fahrzeuge/details.html?id=422048136",
  "price.total.amount": 85999,
  "priceRating": {
    "rating": "Increased price",
    "priceRanges": {
      "Very good price": {
        "start": 53901,
        "end": 70100
      },
      "Good price": {
        "start": 70101,
        "end": 75500
      },
      "Fair price": {
        "start": 75501,
        "end": 83900
      },
      "Increased price": {
        "start": 83901,
        "end": 90100
      },
      "High price": {
        "start": 90101,
        "end": 100100
      }
    }
  },
  "description": "BMW M3 Competition\n\nSonderausstattung:\nBMW Display-Key, BMW Drive Recorder (Dashcam), Exterieur-Paket M Carbon, Fahrassistenz-System: Driving Assistant Professional, Heckklappenbetätigung automatisch, Innenausstattung: Interieurleisten Carbon, Innovations-Paket, Lenkrad heizbar, LM-Felgen vorn/hinten: 9,5x19 / 10,5x20 (Doppelspeichen 825 M, Bicolor, Schwarz), M Driver´s Package, Metallic-Lackierung, Parkassistent-Paket Plus, Scheinwerfer BMW Individual Shadow-Line, Sicherheitsgurte M, Sicherheitssystem Active Protection, Sonnenschutzverglasung (hinten abgedunkelt), Sound-System Harman-Kardon, Verglasung Akustikglas\n\nWeitere Ausstattung:\nAblage-Paket, Adaptives Fahrwerk M-Technic, Airbag Beifahrerseite abschaltbar, Airbag Fahrer-/Beifahrerseite, Aktives M Differential, Ambiente-Beleuchtung, Ausstattungs-Paket: Connected Professional, Außenausstattung: Shadow-Line Hochglanz, Außenausstattung: Shadow-Line Hochglanz (erweiterter Umfang), Außenspiegel elektr. verstell- und heizbar, Bedienelemente galvanisiert, Blinkleuchte in Außenspiegel integriert, BMW Live Cockpit Professional, Bordcomputer, Competition, DAB-Tuner (Radioempfang digital), Dachhimmel Anthrazit (BMW Individual), Diebstahlsicherung für Räder (Felgenschlösser), Durchladeeinrichtung (Mittelarmlehne hinten), Dynamische Stabilitäts-Control (DSC) mit erweiterter Umfang, Erste Hilfe-Kasten / Verbandkasten, Fahrassistenz-System: Active Guard (Bremsassistent), Fahrassistenz-System: Aufmerksamkeits-Assistent, Freisprecheinrichtung Bluetooth mit USB-/Audio-Schnittstelle, Fußmatten Velours, Gepäckraumbeleuchtung, Getriebe Automatik - mit Steptronic und Drivelogic (8-Stufen), Getränkehalter, Heckleuchten LED, Induktionsladeschale für Smartphone (Wireless Charging), Innenspiegel mit Abblendautomatik, Instrumentenkombination (erweiterter Umfang), Isofix-Aufnahmen für Kindersitz an Rücksitz, Karosserie: 4-türig, Kennzeichenbeleuchtung LED, Klimaautomatik 3-Zonen mit autom. Umluft-Control, Knieairbag Fahrerseite, Kopf-Airbag-System hinten, Kopf-Airbag-System vorn, Kopfstützen hinten klappbar, Leichtbaudach (kohlefaserverstärkter Kunststoff, CFK), Lenksäule (Lenkrad) elektr. verstellbar, Lenksäule (Lenkrad) mechan. verstellbar, Leuchtweitenregelung, M Drive (Fahrprofilauswahl), M Drive Professional (Fahrprofilauswahl), Motor 3,0 Ltr. - 375 kW 24V TwinTurbo KAT (S58), Multifunktion für Lenkrad, Nebelschlussleuchte(n), Otto-Partikelfilter (OPF), Park-Distance-Control (PDC) vorn und hinten, Parkbremse elektrisch, Reifendruck-Kontrollsystem, Reifenpannen-Anzeige, Schadstoffarm nach Abgasnorm Euro 6d, Schaltpunktanzeige, Scheinwerfer LED, Seitenairbag vorn, Service-System: Intelligenter Notruf inkl. TeleServices, Sitzbezug / Polsterung: Leder Merino (erweiterter Umfang), Sitze vorn elektr. verstellbar (mit Memory), Spiegel-Paket, Sportdifferential, Sportsitze vorn (M-Technic), Start-Stop-Knopf, Start/Stop-Anlage (Funktion), Steckdose (12V-Anschluß) in Mittelkonsole vorn, Warndreieck, Wärme-/Sonnenschutzverglasung, Wärme-/Sonnenschutzverglasung kombiniert (hinten abgedunkelt)\nHistorie & Zustand:\n\n- Deutsche Auslieferung aus 1.Hand\n- Kein Reimport / Unfallfrei\n- Service digital Nachweisbar\n- Werksgarantie bis 07/2025\n- Servicepaket bis 07/2025\n- Nichtraucherfahrzeug im nahezu neuwertigem Pflegezustand\n\nVerkauf erfolgt im Kundenauftrag.\nKilometer kann abweichen da das Fahrzeug aktuell täglich bewegt wird.\nIrrtümer, Änderung und Zwischenverkauf vorbehalten\n\nFinanzierung bis zu 96 Monate auch o. Anzahlung möglich!\nauf Wunsch mit Gebrauchtwagengarantie (gegen Aufpreis)\nkulante Inzahlungnahme ihres PKW´s\nweitere Angebote unter www.apr-automobile.de",
  "dealerDetails": {
    "id": 12939536,
    "name": "APR Automobile",
    "sellerType": "Dealer",
    "phones": [
      "+49 (0)911 47774020"
    ],
    "messengers": {
      "WHATS_APP": "+49 (0)173 5652749"
    },
    "languages": [
      "Deutsch",
      "English",
      "Türkçe"
    ],
    "country": "DE",
    "address": "Hauptstraße 79, DE-90607 Rückersdorf",
    "location": {
      "latitude": 49.4960659,
      "longitude": 11.2463859
    },
    "activeSince": "2015-03-27T00:00:00.000Z",
    "homepageUrl": "https://home.mobile.de/home/redirect.html?customerId=12939536",
    "iconUrl": null,
    "reviewPageUrl": "https://www.mobile.de/bewertungen/APR?lang=en",
    "score": {
      "total": 4.4,
      "responseTime": 4.4,
      "friendliness": 4.4,
      "advice": 4.3
    },
    "activeRatingCount": 46,
    "vehicleAsDescribedPercentage": 90,
    "recommendPercentage": 84,
    "soldVehicleCount": null,
    "reviews": []
  },
  "attributes": {
    "Vehicle condition": "Used vehicle, Accident-free",
    "Category": "Saloon",
    "Model range": "Baureihe M3 Lim. (G80)(2020->)",
    "Trim line": "Competition",
    "Origin": "German edition",
    "Mileage": "27,500 km",
    "Cubic Capacity": "2,993 ccm",
    "Power": "375 kW (510 hp)",
    "Drive type": "Internal combustion engine",
    "Fuel": "Petrol",
    "Number of Seats": "5",
    "Door Count": "4/5",
    "Transmission": "Automatic",
    "Emission Class": "Euro6d",
    "Emissions Sticker": "4 (Green)",
    "First Registration": "07/2022",
    "Number of Vehicle Owners": "1",
    "HU": "07/2025",
    "Climatisation": "Automatic climatisation, 3 zones",
    "Parking sensors": "Rear, 360° camera, Front",
    "Airbags": "Front and Side and More Airbags",
    "Colour (Manufacturer)": "PORTIMAO BLAU METALLIC",
    "Colour": "Blue Metallic",
    "Interior Design": "Full leather, Other",
    "Weight": "1,805 kg",
    "Cylinders": "6",
    "Tank capacity": "59 l"
  },
  "features": [
    "ABS",
    "Adaptive cornering lights",
    "Alarm system",
    "Alloy wheels",
    "Android Auto",
    "Apple CarPlay",
    "Arm rest",
    "Autom. dimming interior mirror",
    "Blind spot assist",
    "Bluetooth",
    "Central locking",
    "Cruise control",
    "DAB radio",
    "Digital cockpit",
    "Distance warning system",
    "Dynamic chassis control",
    "Electric seat adjustment",
    "Electric side mirror",
    "Electric tailgate",
    "Electric windows",
    "Eletric seat adjustment with memory function",
    "Emergency brake assist",
    "Emergency call system",
    "ESP",
    "Fatigue warning system",
    "Folding exterior mirrors",
    "Full Service History",
    "Glare-free high beam headlights",
    "Hands-free kit",
    "Head-up display",
    "Heated rear seats",
    "Heated seats",
    "Heated steering wheel",
    "High beam assist",
    "Hill-start assist",
    "Immobilizer",
    "Induction charging for smartphones",
    "Isofix",
    "Lane change assist",
    "Laser headlights",
    "Leather steering wheel",
    "LED running lights",
    "Light sensor",
    "Multifunction steering wheel",
    "Navigation system",
    "Night vision assist",
    "Non-smoker vehicle",
    "On-board computer",
    "Paddle shifters",
    "Power Steering",
    "Rain sensor",
    "Rear traffic alert",
    "Rear wheel drive",
    "Sound system",
    "Speed limit control system",
    "Sport seats",
    "Sports package",
    "Sports suspension",
    "Start-stop system",
    "Tinted windows",
    "Touchscreen",
    "Traction control",
    "Traffic sign recognition",
    "Tuner/radio",
    "TV",
    "Tyre pressure monitoring",
    "USB port",
    "Voice control",
    "Warranty",
    "Winter tyres"
  ]
},
{
  "title": "BMW M3 Competition M xDrive Driving Prof*Sitzbel*",
  "previewImage": "https://img.classistatic.de/api/v1/mo-prod/images/7f/7f497873-adfe-4949-b517-60b016298865?rule=mo-1600.jpg",
  "category": "EstateCar",
  "brand": "BMW",
  "model": "M3",
  "url": "https://suchen.mobile.de/fahrzeuge/details.html?id=434302429",
  "price.total.amount": 85880,
  "priceRating": {
    "rating": "Good price",
    "priceRanges": {
      "Very good price": {
        "start": 65201,
        "end": 84700
      },
      "Good price": {
        "start": 84701,
        "end": 91200
      },
      "Fair price": {
        "start": 91201,
        "end": 101500
      },
      "Increased price": {
        "start": 101501,
        "end": 108900
      },
      "High price": {
        "start": 108901,
        "end": 121000
      }
    }
  },
  "description": "Fahrzeugnummer: 204994\n\nEhemalige unverbindliche Preisempfehlung des Automobilherstellers: 114.920 €\n\nUnsere Datenschutzhinweise finden Sie unter http://www.rhein-bmw.de/datenschutz.html\nHIGHLIGHTS & PAKETE\nBMW Live Cockpit Professional\nInnovationspaket II\nM Shadow Line mit erweitertem Umfang\nHochglanz Shadow-Line\nGepäckraumpaket\nAblagenpaket\n\nASSISTENZSYSTEME\nParkassistenzsystem Plus\n\nMOTOR GETRIEBE & FAHRWERK\nAdaptives M Fahrwerk\nKomfortzugang\n\nAUDIO & KOMMUNIKATION\nConnected Package Professional\nHarman/Kardon Surround Sound System\nDAB-Tuner (DAB+ fähig)\n\nINTERIEUR\nM Sportsitz\nGalvanikapplikation Bedienelemente\nKlimatisierte Sitze vorne\nDachhimmel anthrazit\nSitzverstellung elektrisch mit Memory\nKlimaautomatik\nM Sicherheitsgurte\nLordosenstütze Fahrer u. Beifahrer\nSitzheizung Fahrer/Beifahrer\nLenkradheizung\nInnenspiegel automatisch abblendend\nKopfstützen im Fond klappbar\nDeaktivierung Airbag Beifahrer\n\nLICHT & SICHT\nAdaptiver LED-Scheinwerfer\nFernlichtassistent\n\nRÄDER\nReifendruckanzeige\n\nTECHNIK & SICHERHEIT\nActive Protection\nKilometertacho\nInnen-/Aussensp. mit Abblendautomatik\nAlarmanlage\n\nEXTERIEUR\nAkustik Komfort Verglasung\nAbgedunkelte Verglasung\nM Dachreling Shadow Line \nDie Fahrzeugbeschreibung dient lediglich der allgemeinen Identifizierung des Fahrzeuges und stellt keine Gewährleistung im kaufrechtlichen Sinne dar. Die Angaben erheben nicht den Anspruch auf Vollständigkeit. Die gemachten Angaben und Beschreibungen sowie Bilder sind unverbindlich und dienen nicht als zugesicherte Eigenschaften. Der Verkäufer übernimmt keine Haftung bzw. Gewährleistung für Schreib- oder Datenübermittlungsfehler. Ausstattung sind ggf. gesondert zu prüfen. Änderungen und Zwischenverkauf vorbehalten.",
  "dealerDetails": {
    "id": 454796,
    "name": "Autohaus Rhein Tauberfranken",
    "sellerType": "Dealer",
    "phones": [
      "+49 (0)9343 97349890",
      "+49 (0)9343 600384"
    ],
    "languages": [
      "Deutsch"
    ],
    "country": "DE",
    "address": "Am Wöllerspfad 7, DE-97922 Lauda-Königshofen",
    "location": {
      "latitude": 49.5381663,
      "longitude": 9.740036400000001
    },
    "activeSince": "2004-11-29T00:00:00.000Z",
    "homepageUrl": "https://home.mobile.de/home/redirect.html?customerId=454796",
    "iconUrl": null,
    "reviewPageUrl": "https://www.mobile.de/bewertungen/RHEIN-TAUBERFRANKEN?lang=en",
    "score": {
      "total": 4.1,
      "responseTime": 4.3,
      "friendliness": 4.2,
      "advice": 3.9
    },
    "activeRatingCount": 23,
    "vehicleAsDescribedPercentage": 80,
    "recommendPercentage": 80,
    "soldVehicleCount": null,
    "reviews": []
  },
  "attributes": {
    "Vehicle condition": "Used vehicle, Accident-free",
    "Category": "Estate car, Employee's Car",
    "Model range": "G81",
    "Vehicle Number": "204994",
    "Availability": "Now",
    "Origin": "German edition",
    "Mileage": "15,467 km",
    "Cubic Capacity": "2,996 ccm",
    "Power": "390 kW (530 hp)",
    "Drive type": "Internal combustion engine",
    "Fuel": "Petrol, E10-enabled",
    "Number of Seats": "5",
    "Door Count": "4/5",
    "Transmission": "Automatic",
    "Emissions Sticker": "4 (Green)",
    "First Registration": "09/2024",
    "Number of Vehicle Owners": "1",
    "Climatisation": "Automatic climatisation, 2 zones",
    "Parking sensors": "360° camera, Rear, Front, Self-steering systems",
    "Airbags": "Front and Side and More Airbags",
    "Colour (Manufacturer)": "M Isle of Man Grün",
    "Colour": "Green Metallic",
    "Interior Design": "Full leather, Grey"
  },
  "features": [
    "ABS",
    "Adaptive cornering lights",
    "Adaptive Cruise Control",
    "Alarm system",
    "Alloy wheels",
    "Android Auto",
    "Apple CarPlay",
    "Arm rest",
    "Autom. dimming interior mirror",
    "Blind spot assist",
    "Bluetooth",
    "Cargo barrier",
    "Central locking",
    "DAB radio",
    "Daytime running lights",
    "Digital cockpit",
    "Distance warning system",
    "Electric seat adjustment",
    "Electric side mirror",
    "Electric tailgate",
    "Electric windows",
    "Emergency brake assist",
    "Emergency call system",
    "ESP",
    "Fatigue warning system",
    "Four-wheel drive",
    "Full Service History",
    "Hands-free kit",
    "Head-up display",
    "Heated seats",
    "Heated steering wheel",
    "High beam assist",
    "Hill-start assist",
    "Immobilizer",
    "Induction charging for smartphones",
    "Integrated music streaming",
    "Isofix",
    "Keyless central locking",
    "Lane change assist",
    "Leather steering wheel",
    "LED headlights",
    "Light sensor",
    "Lumbar support",
    "Multifunction steering wheel",
    "Navigation system",
    "Non-smoker vehicle",
    "On-board computer",
    "Paddle shifters",
    "Power Steering",
    "Rain sensor",
    "Roof rack",
    "Seat ventilation",
    "Sound system",
    "Speed limit control system",
    "Sport seats",
    "Sports package",
    "Sports suspension",
    "Start-stop system",
    "Summer tyres",
    "Tinted windows",
    "Touchscreen",
    "Traction control",
    "Traffic sign recognition",
    "Tuner/radio",
    "Tyre pressure monitoring",
    "USB port",
    "Voice control",
    "Warranty"
  ]
},
{
  "title": "BMW M3 Competion M xDrive Touring M3 Competion",
  "previewImage": "https://img.classistatic.de/api/v1/mo-prod/images/f2/f2d36372-de84-4ae8-a492-8d41a85f0929?rule=mo-1600.jpg",
  "category": "EstateCar",
  "brand": "BMW",
  "model": "M3",
  "url": "https://suchen.mobile.de/fahrzeuge/details.html?id=434531477",
  "price.total.amount": 86500,
  "priceRating": {
    "rating": "Good price",
    "priceRanges": {
      "Very good price": {
        "start": 62001,
        "end": 80500
      },
      "Good price": {
        "start": 80501,
        "end": 86700
      },
      "Fair price": {
        "start": 86701,
        "end": 96500
      },
      "Increased price": {
        "start": 96501,
        "end": 103500
      },
      "High price": {
        "start": 103501,
        "end": 115100
      }
    }
  },
  "description": "Verkaufe den weltweit Ersten\n\nM3 Competition Touring in STERNRUBIN ROT\nINDIVIDUAL LACK \n\nSternrubin Rot ist ein exklusiver Porsche Uni Lack der 1980er Jahre\n1.Hand , nur Handwäsche\n9700 km\ndeutsches Auto, Auslieferung BMW Welt 6/24\nPrivatverkauf-MwSt NICHT Ausweisbar\nUnfallfrei\nNachlackierungsfrei\nKein Beschädigungen\nNeuwagengeruch\n\nBMW M3 COMPETITION M XDR\nSTERNRUBIN NEO UNI P9L\nLeder ‚Merino‘ Schwarz \nLenkradheizung\nKomfortzugang\nEntfall spezifischer Designumfänge\nAkustikverglasung\nM-Compound-Bremse , schwarz Hochglanz \nM Leuchten Shadow Line\nM Sicherheitsgurt\nM Interieurleisten Carbon Fiber\nFernlichtassistent\nBMW Laserlicht\nParking Assistent \nHarman Kardon Surround Sound System \nBMW live Cockpit Professional\n\nZwischenverkauf und Irrtümer für dieses Angebot sind ausdrücklich vorbehalten.\nDieses Angebot ist unverbindlich, keine Gewähr auf die Ausstattungsdetails.\nEingabefehler+Irrtum+Zwischenverkauf vorbehalten! Dem Alter bzw. Kilometerstand entsprechende Gebrauchsspuren.\nAlle Angaben ohne Gewähr.\n\n\nDie Fahrzeugbeschreibung dient lediglich der allgemeinen Identifizierung des Fahrzeuges und stellt keine Gewährleistung im kaufrechtlichen Sinne dar. \nDie Angaben erheben nicht den Anspruch auf Vollständigkeit. Die gemachten Angaben, Beschreibungen und Bilder sind unverbindlich und dienen nicht als zugesicherte Eigenschaften. \nDer Verkäufer übernimmt keine Haftung keine Gewährleistung für Tipp- und Datenübermittlungsfehler. Ausstattungen sind gegebenenfalls gesondert zu prüfen .\nDas Angebot ist unverbindlich.",
  "dealerDetails": {
    "id": 813863,
    "sellerType": "Private Seller",
    "phones": [
      "+49 (0)8192 276983704"
    ],
    "country": "DE",
    "address": "DE-86938 Schondorf",
    "location": {
      "latitude": 48.0573578,
      "longitude": 11.0906032
    },
    "iconUrl": null,
    "reviewPageUrl": null,
    "score": null,
    "activeRatingCount": null,
    "vehicleAsDescribedPercentage": null,
    "recommendPercentage": null,
    "soldVehicleCount": null,
    "reviews": []
  },
  "attributes": {
    "Vehicle condition": "Used vehicle, Accident-free",
    "Category": "Estate car",
    "Mileage": "9,700 km",
    "Cubic Capacity": "2,993 ccm",
    "Power": "375 kW (510 hp)",
    "Drive type": "Internal combustion engine",
    "Fuel": "Petrol",
    "Number of Seats": "5",
    "Door Count": "4/5",
    "Transmission": "Automatic",
    "First Registration": "06/2024",
    "Number of Vehicle Owners": "1",
    "HU": "06/2026",
    "Climatisation": "Automatic climatisation, 3 zones",
    "Parking sensors": "Front, Camera, Rear",
    "Interior Design": "Part leather, Black"
  },
  "features": [
    "ABS",
    "Alloy wheels",
    "Android Auto",
    "Apple CarPlay",
    "Autom. dimming interior mirror",
    "Bluetooth",
    "Cargo barrier",
    "Central locking",
    "Cruise control",
    "DAB radio",
    "Digital cockpit",
    "Electric seat adjustment",
    "Electric side mirror",
    "Electric tailgate",
    "Electric windows",
    "Emergency brake assist",
    "Emergency call system",
    "ESP",
    "Four-wheel drive",
    "Full Service History",
    "Head-up display",
    "Heated seats",
    "Heated steering wheel",
    "High beam assist",
    "Hill-start assist",
    "Induction charging for smartphones",
    "Isofix",
    "Lane change assist",
    "Laser headlights",
    "Leather steering wheel",
    "LED running lights",
    "Light sensor",
    "Lumbar support",
    "Multifunction steering wheel",
    "Navigation system",
    "Non-smoker vehicle",
    "On-board computer",
    "Paddle shifters",
    "Particulate filter",
    "Power Steering",
    "Rain sensor",
    "Sound system",
    "Sport seats",
    "Sports suspension",
    "Start-stop system",
    "Touchscreen",
    "Traction control",
    "Traffic sign recognition",
    "Tuner/radio",
    "Tyre pressure monitoring",
    "USB port",
    "Voice control"
  ]
},
{
  "title": "BMW M3 Competition *Facelift*H/K*Glasdach*Keyless*36",
  "previewImage": "https://img.classistatic.de/api/v1/mo-prod/images/c9/c9b11d92-5f07-4691-82bd-782a7f86914d?rule=mo-1600.jpg",
  "category": "Limousine",
  "brand": "BMW",
  "model": "M3",
  "url": "https://suchen.mobile.de/fahrzeuge/details.html?id=434421983",
  "price.total.amount": 85460,
  "priceRating": {
    "rating": "Fair price",
    "priceRanges": {
      "Very good price": {
        "start": 60301,
        "end": 78400
      },
      "Good price": {
        "start": 78401,
        "end": 84500
      },
      "Fair price": {
        "start": 84501,
        "end": 94000
      },
      "Increased price": {
        "start": 94001,
        "end": 100900
      },
      "High price": {
        "start": 100901,
        "end": 112100
      }
    }
  },
  "description": "Sonstiges\nAblage für Wireless Charging\nActive Guard\nBlow by-Heizer\nBMW Apps\nDekodierung Zusatzfunktionen\nKaeltemittel\nM Interieurleisten Aluminium Rhombicle Anthrazit\nMWSt ausweisbar\nPersonal eSIM\nProbefahrt\nSteuerung EfficientDynamics\nSteuerung Karosserie\n\nAntrieb, Fahrwerk\nAdaptives M Fahrwerk\nM Drive Professional\nM Sportdifferenzial\nSportfahrwerk\n\nEditionen und Pakete\nAblagenpaket\nConnected Package Professional (laufzeitgebundener Dienst)\nConnectedDrive Services (laufzeitgebundener Dienst)\nInnovationspaket\n\nExterieur\nGlasdach elektrisch\nSchiebedach\n\nFahrerassistenz\nDriving Assistant Professional\nGesetzlicher Notruf\nParking Assistant Plus\nTeleservices\n\nIndividualumfänge\nIndividual\nM Hochglanz Shadow Line\nM Hochglanz Shadow Line mit erweiterten Umfängen\nM Leuchten Shadow Line\n\nKomfort, Innenausstattung\nAkustikverglasung\nAutomatische Heckklappenbetätigung\nFondkopfstützen klappbar\nGalvanikapplikation für Bedienelemente\nInnen- und Außenspiegelpaket\nKlimaautomatik\nKomfortzugang\nLeder\nLordose\nLordosenstütze für Fahrer und Beifahrer\nM Sicherheitsgurte\nM Sportsitze\nSitzheizung für Fahrer und Beifahrer\nSitzverstellung elektrisch mit Memory für Fahrersitz\nSonnenschutzverglasung\n\nMultimedia\nBMW Live Cockpit Professional (laufzeitgebundener Dienst)\nDAB Tuner\nHarman Kardon Surround Sound System\n\nRäder\nRadschraubensicherung\nReifenreparatur Set\nWinterräder statt Sommerräder (nur für Autovermieter)\n\nSitzbezug\nLeder Merino Schwarz/Schwarz\n\nUmwelt, Sicherheit\nAbgasnorm EU6 RDE II\nABS\nAdaptiver LED-Scheinwerfer\nAktiver Fußgängerschutz\nAlarmanlage mit Fernbedienung\nBeifahrerairbag-Deaktivierung\nFernlichtassistent\nInnenspiegel automatisch abblendend\nReifendruck-Kontrolle\n\nVorbesitz: Autovermieter\n\nFahrzeugkauf leicht gemacht: Überführung innerhalb Deutschland\n\nÜberführung bis 200km Entfernung für nur 299,- € zzgl. MwSt.\nÜberführung ab 200km – 400 km Entfernung für nur 399,- € zzgl. MwSt.\nÜberführung ab 400 km – 600 km Entfernung für nur 549,- € zzgl. MwSt.\nÜberführung ab 600 km Entfernung: Preis auf Anfrage\n\nVideoberatung online über WHATSAPP UNTER 015114609401 \n\n\nWir bieten Ihnen folgenden Service:\nInzahlungnahme\nFinanzierung oder Leasing\nDeutschlandweiter Transport\nÜberführungskennzeichen\nZollabwicklung inkl. Zollzulassung\nKurzzeitkennzeichen\nBilder im XXL Format auf Anfrage\n\n\nDiese Aufzählung dient nur der besseren Identifizierung des Fahrzeugs und ist keine verbindliche Festlegung, Zusicherung oder Beschreibung des Ausstattungsumfanges, sie wird nicht Bestandteil des Kaufvertrages. Prüfen Sie daher bitte den genauen Ausstattungsumfang vor Ort oder fragen Sie unser Verkaufspersonal. Ausschlaggebend für die exakten Ausstattungsdetails sind nur etwaige schriftliche Vereinbarungen im Kaufvertrag.\n\n\n\nIrrtümer und Zwischenverkauf vorbehalten.",
  "dealerDetails": {
    "id": 17648872,
    "name": "Autohaus Michael Schmidt GmbH, BMW Vertragshändler",
    "sellerType": "Dealer",
    "phones": [
      "+49 (0)89 2488021907"
    ],
    "messengers": {
      "WHATS_APP": "+49 (0)1511 4609401"
    },
    "languages": [
      "Deutsch",
      "English",
      "Français"
    ],
    "country": "DE",
    "address": "Industriestr. 8, DE-82110 Germering",
    "location": {
      "latitude": 48.1309561,
      "longitude": 11.3744134
    },
    "activeSince": "2018-02-06T00:00:00.000Z",
    "homepageUrl": "https://home.mobile.de/home/redirect.html?customerId=17648872",
    "iconUrl": null,
    "reviewPageUrl": "https://www.mobile.de/bewertungen/BMWAutohausMichaelSchmidtGmbHBMWVertragshaendler?lang=en",
    "score": {
      "total": 4.5,
      "responseTime": 4.5,
      "friendliness": 4.6,
      "advice": 4.5
    },
    "activeRatingCount": 20,
    "vehicleAsDescribedPercentage": 88,
    "recommendPercentage": 94,
    "soldVehicleCount": null,
    "reviews": []
  },
  "attributes": {
    "Vehicle condition": "Used vehicle",
    "Category": "Saloon, Employee's Car",
    "Model range": "M3",
    "Trim line": "*Facelift*H/K*Glasdach*Keyless*360*LC Prof*HUD*",
    "Vehicle Number": "B3578025501028",
    "Availability": "Now",
    "Origin": "German edition",
    "Mileage": "24,090 km",
    "Cubic Capacity": "2,993 ccm",
    "Power": "375 kW (510 hp)",
    "Drive type": "Internal combustion engine",
    "Fuel": "Petrol",
    "Number of Seats": "5",
    "Door Count": "4/5",
    "Transmission": "Automatic",
    "Emission Class": "Euro6",
    "First Registration": "11/2024",
    "Number of Vehicle Owners": "1",
    "HU": "11/2025",
    "Climatisation": "Automatic climatisation, 2 zones",
    "Parking sensors": "Rear, Front, Self-steering systems, 360° camera",
    "Airbags": "Front and Side and More Airbags",
    "Colour (Manufacturer)": "saphirschwarz",
    "Colour": "Black Metallic",
    "Interior Design": "Full leather, Black",
    "Cylinders": "6"
  },
  "features": [
    "ABS",
    "Adaptive cornering lights",
    "Adaptive Cruise Control",
    "Alarm system",
    "Alloy wheels",
    "Ambient lighting",
    "Apple CarPlay",
    "Arm rest",
    "Autom. dimming interior mirror",
    "Blind spot assist",
    "Bluetooth",
    "Cargo barrier",
    "CD player",
    "Central locking",
    "DAB radio",
    "Digital cockpit",
    "Distance warning system",
    "Dynamic chassis control",
    "Electric seat adjustment",
    "Electric side mirror",
    "Electric tailgate",
    "Electric windows",
    "Eletric seat adjustment with memory function",
    "Emergency brake assist",
    "Emergency call system",
    "ESP",
    "Fatigue warning system",
    "Fog lamp",
    "Folding exterior mirrors",
    "Full Service History",
    "Glare-free high beam headlights",
    "Hands-free kit",
    "Head-up display",
    "Heated seats",
    "High beam assist",
    "Hill-start assist",
    "Immobilizer",
    "Induction charging for smartphones",
    "Integrated music streaming",
    "Isofix",
    "Keyless central locking",
    "Lane change assist",
    "Leather steering wheel",
    "LED headlights",
    "LED running lights",
    "Light sensor",
    "Lumbar support",
    "Multifunction steering wheel",
    "Navigation preparation",
    "Navigation system",
    "Non-smoker vehicle",
    "On-board computer",
    "Paddle shifters",
    "Panoramic roof",
    "Passenger seat Isofix point",
    "Power Steering",
    "Rain sensor",
    "Rear traffic alert",
    "Sound system",
    "Speed limit control system",
    "Sport seats",
    "Sports package",
    "Sports suspension",
    "Start-stop system",
    "Sunroof",
    "Tinted windows",
    "Touchscreen",
    "Traction control",
    "Traffic sign recognition",
    "Tuner/radio",
    "Tyre pressure monitoring",
    "USB port",
    "Voice control",
    "Warranty",
    "Winter tyres",
    "WLAN / Wi-Fi hotspot"
  ]
},
{
  "title": "BMW M3 Competition 19\"/20\" Carbon Exterieur & Sitze ",
  "previewImage": "https://img.classistatic.de/api/v1/mo-prod/images/e0/e04805e5-4815-4fe6-b4cc-b0fe9f634324?rule=mo-1600.jpg",
  "category": "Limousine",
  "brand": "BMW",
  "model": "M3",
  "url": "https://suchen.mobile.de/fahrzeuge/details.html?id=434475446",
  "price.total.amount": 85970,
  "priceRating": {
    "rating": "Good price",
    "priceRanges": {
      "Very good price": {
        "start": 63401,
        "end": 82400
      },
      "Good price": {
        "start": 82401,
        "end": 88800
      },
      "Fair price": {
        "start": 88801,
        "end": 98800
      },
      "Increased price": {
        "start": 98801,
        "end": 106000
      },
      "High price": {
        "start": 106001,
        "end": 117800
      }
    }
  },
  "description": "Sonstiges\nAblage-Paket\nAktives M Differential\nAußenausstattung: Shadow-Line\nAußenausstattung: Shadow-Line Hochglanz\nAußenausstattung: Shadow-Line Hochglanz (erweiterter Umfang)\nAußenspiegel mit Abblendautomatik, links\nAußenspiegel mit Bordsteinautomatik, rechts\nAusstattungs-Paket: Connected Professional\nAusstattungs-Paket: Connected Teaser\nBedienelemente galvanisiert\nBlinkleuchte in Außenspiegel integriert\nCompetition\nDachhimmel Anthrazit (BMW Individual)\nDiebstahlsicherung für Räder (Felgenschlösser)\nDifferenzialsperre\nEinstiegsleisten mit Einleger in Aluminium mit Schriftzug M\nElektrisch verstellbare Spiegel\nErste Hilfe-Kasten / Verbandkasten\nFußmatten Velours\nGepäckraumbeleuchtung\nGetränkehalter\nGetriebe Automatik - mit Steptronic und Drivelogic (8-Stufen)\nHeckleuchten LED\nInduktionsladen für Smartphones\nInstrumentenkombination (erweiterter Umfang)\nKarosserie: 4-türig\nKennzeichenbeleuchtung LED\nKlimaautomatik 3 Zonen\nKopfstützen hinten klappbar\nLeichtbaudach (kohlefaserverstärkter Kunststoff, CFK)\nLenksäule (Lenkrad) elektr. verstellbar\nLenksäule (Lenkrad) mechan. verstellbar\nLeuchtweitenregelung\nM Drive (Fahrprofilauswahl)\nM Drive Professional (Fahrprofilauswahl)\nMotor 3,0 Ltr. - 375 kW 24V\nMotor 3,0 Ltr. - 375 kW 24V TwinTurbo KAT (S58)\nMüdigkeitswarnsystem\nNebelschlussleuchte(n)\nNotrufsystem\nParkbremse elektrisch\nReifendruckkontrollsystem\nSchadstoffarm nach Abgasnorm Euro 6d\nSchaltpunktanzeige\nService-System: Concierge Services\nService-System: ConnectedDrive Services\nService-System: Remote 3D View\nService-System: Remote Services\nSpiegel-Paket\nSportdifferential\nSteckdose (12V-Anschluß) in Mittelkonsole vorn\nWärme-/Sonnenschutzverglasung kombiniert (hinten abgedunkelt)\nWarndreieck\n\nAntrieb, Fahrwerk\nSportfahrwerk\n\nAußenausstattung\nWärme-/Sonnenschutzverglasung\n\nFahrerassistenz\nPark Distance Control (PDC)\nRückfahrkamera\nSpurwechselwarnung\n\nKomfort, Innenausstattung\nAmbiente-Beleuchtung\nAußenspiegel elektr. anklappbar\nAußenspiegel elektr. verstell- und heizbar\nBordcomputer\nDAB-Tuner (Radioempfang digital)\nDurchladeeinrichtung (Mittelarmlehne hinten)\nDurchladesystem\nEinparkhilfe Sensoren vorne\nFensterheber elektrisch\nFensterheber, elektrisch\nFreisprecheinrichtung Bluetooth mit USB-/Audio-Schnittstelle\nFunkfernbedienung\nGeschwindigkeits-Regelanlage mit Bremsfunktion\nInduktionsladeschale für Smartphone (Wireless Charging)\nInnenspiegel mit Abblendautomatik\nIsofix-Aufnahmen für Kindersitz an Rücksitz\nKeyless Entry\nKlimaanlage\nKlimaautomatic\nKlimaautomatik 3-Zonen mit autom. Umluft-Control\nLeder\nLederlenkrad\nLendenwirbelstütze Sitz vorn links und rechts, elektr. verstellbar\nLenkrad (Leder) mit Multifunktion M-Technic\nLordose\nMultifunktion für Lenkrad\nMultifunktionslenkrad\nPark-Distance-Control (PDC) vorn und hinten\nScheibenwischer mit Regensensor\nService-System: Real Time Traffic Information (RTTI)\nSitze vorn elektr. verstellbar (mit Memory)\nSitzheizung\nSitzheizung vorn + hinten\nSitzverstellung, elektrisch fuer Fahrer und Beifahrer\nSportsitze\nStart/Stop-Anlage (Funktion)\nStart-Stop-Knopf\nTempomat\nWidescreen Display\nZentralverriegelung\nZentralverriegelung mit Fernbedienung\n\nMultimedia\nBluetooth\nBordcomputer\nDAB Tuner\nFreisprecheinrichtung\nRadio\nSurround-Sound-System\nTelefon\nUSB Schnittstelle\n\nRäder\nAlufelgen\n\nSicherheit/Umwelt\nAdaptives Fahrwerk M-Technic\nAirbag Beifahrerseite abschaltbar\nAirbag Fahrer-/Beifahrerseite\nAlarmanlage\nAnti-Blockier-System (ABS)\nDiebstahl-Warnanlage\nDynamische Stabilitäts-Control (DSC) mit erweiterter Umfang\nFahrassistenz-System: Active Guard (Bremsassistent)\nFahrassistenz-System: Aufmerksamkeits-Assistent\nGeschwindigkeits-Begrenzeranlage (Speed Limit Device)\nKnieairbag Fahrerseite\nKopf-Airbag-System hinten\nKopf-Airbag-System vorn\nOtto-Partikelfilter (OPF)\nReifendruck-Kontrollsystem\nReifenpannen-Anzeige\nScheinwerfer LED\nSeitenairbag vorn\nService-System: Gesetzlicher Notruf\nService-System: Intelligenter Notruf inkl. TeleServices\nWegfahrsperre\n\nSitzbezug\nLeder\n\nUmwelt, Sicherheit\nABS\nAirbag Fahrer/Beifahrer\nAlarmanlage\nAuto Start/Stop Funktion \nBeifahrerairbag\nBeifahrerairbag-Deaktivierung\nDiebstahlwarnanlage\nESP\nFahrerairbag\nFernlichtassistent\nInnenspiegel, automatisch abblendend\nKindersitzbefestigung ISOFIX\nKopfairbag\nLED-Scheinwerfer\nNotbremsassistent\nPASM\nRegensensor\nReifen Druck Control (RDC)\nSeitenairbag\nTraction Control\nWegfahrsperre\nIrrtümer und Zwischenverkauf vorbehalten.",
  "dealerDetails": {
    "id": 460500,
    "name": "Autohaus Muhra GmbH",
    "sellerType": "Dealer",
    "phones": [
      "+49 (0)208 3067867377"
    ],
    "languages": [
      "Deutsch",
      "Pусский",
      "Slovenščina",
      "English",
      "Türkçe"
    ],
    "country": "DE",
    "address": "Im Erlengrund 1, DE-46149 Oberhausen",
    "location": {
      "latitude": 51.5164652,
      "longitude": 6.819407
    },
    "activeSince": "1998-10-17T00:00:00.000Z",
    "homepageUrl": "https://home.mobile.de/home/redirect.html?customerId=460500",
    "iconUrl": "https://img.classistatic.de/api/v1/mo-prod/images/bc/bcca3056-e92f-4a0f-b164-9a70a9b412ea?rule=mo-640.jpg",
    "reviewPageUrl": "https://www.mobile.de/bewertungen/MUHRA?lang=en",
    "score": {
      "total": 4.7,
      "responseTime": 4.6,
      "friendliness": 4.7,
      "advice": 4.6
    },
    "activeRatingCount": 150,
    "vehicleAsDescribedPercentage": 97,
    "recommendPercentage": 95,
    "soldVehicleCount": null,
    "reviews": []
  },
  "attributes": {
    "Vehicle condition": "Used vehicle, Accident-free",
    "Category": "Saloon",
    "Model range": "G80",
    "Trim line": "19\"/20\" Carbon Exterieur & Sitze LC Prof.",
    "Vehicle Number": "039436",
    "Availability": "Now",
    "Mileage": "6,168 km",
    "Cubic Capacity": "2,993 ccm",
    "Power": "375 kW (510 hp)",
    "Drive type": "Internal combustion engine",
    "Fuel": "Petrol, E10-enabled",
    "Number of Seats": "5",
    "Door Count": "4/5",
    "Transmission": "Automatic",
    "Emission Class": "Euro6d",
    "Emissions Sticker": "4 (Green)",
    "First Registration": "01/2024",
    "Construction Year": "2023",
    "Number of Vehicle Owners": "1",
    "HU": "01/2027",
    "Climatisation": "Automatic climatisation, 3 zones",
    "Parking sensors": "Camera, Self-steering systems, Front, Rear",
    "Airbags": "Front and Side and More Airbags",
    "Colour (Manufacturer)": "Sonderlackierung \"javagruen II\" ",
    "Colour": "Green Metallic",
    "Interior Design": "Full leather, Black",
    "Weight": "1,805 kg",
    "Cylinders": "6",
    "Tank capacity": "59 l"
  },
  "features": [
    "ABS",
    "Alarm system",
    "Alloy wheels",
    "Ambient lighting",
    "Android Auto",
    "Apple CarPlay",
    "Arm rest",
    "Autom. dimming interior mirror",
    "Bluetooth",
    "Central locking",
    "Cruise control",
    "DAB radio",
    "Digital cockpit",
    "Distance warning system",
    "Dynamic chassis control",
    "Electric seat adjustment",
    "Electric side mirror",
    "Electric windows",
    "Eletric seat adjustment with memory function",
    "Emergency brake assist",
    "Emergency call system",
    "ESP",
    "Fatigue warning system",
    "Folding exterior mirrors",
    "Full Service History",
    "Glare-free high beam headlights",
    "Hands-free kit",
    "Head-up display",
    "Heated seats",
    "High beam assist",
    "Hill-start assist",
    "Immobilizer",
    "Induction charging for smartphones",
    "Integrated music streaming",
    "Isofix",
    "Keyless central locking",
    "Lane change assist",
    "Laser headlights",
    "Leather steering wheel",
    "LED running lights",
    "Light sensor",
    "Lumbar support",
    "Multifunction steering wheel",
    "Navigation system",
    "Non-smoker vehicle",
    "On-board computer",
    "Paddle shifters",
    "Particulate filter",
    "Power Steering",
    "Rain sensor",
    "Rear traffic alert",
    "Rear wheel drive",
    "Sound system",
    "Speed limit control system",
    "Sport seats",
    "Sports package",
    "Sports suspension",
    "Start-stop system",
    "Summer tyres",
    "Tinted windows",
    "Touchscreen",
    "Traction control",
    "Traffic sign recognition",
    "Tuner/radio",
    "Tyre pressure monitoring",
    "USB port",
    "Voice control",
    "Warranty"
  ]
},
{
  "title": "BMW M3 Competition M xDrive Tou DAPro.adLED,360°",
  "previewImage": "https://img.classistatic.de/api/v1/mo-prod/images/7f/7f1a2aa9-8324-4028-af27-c3d9eef57736?rule=mo-1600.jpg",
  "category": "EstateCar",
  "brand": "BMW",
  "model": "M3",
  "url": "https://suchen.mobile.de/fahrzeuge/details.html?id=431357370",
  "price.total.amount": 85996,
  "priceRating": {
    "rating": "Good price",
    "priceRanges": {
      "Very good price": {
        "start": 66101,
        "end": 85900
      },
      "Good price": {
        "start": 85901,
        "end": 92500
      },
      "Fair price": {
        "start": 92501,
        "end": 102900
      },
      "Increased price": {
        "start": 102901,
        "end": 110400
      },
      "High price": {
        "start": 110401,
        "end": 122700
      }
    }
  },
  "description": "Ablagenpaket\nInnovationspaket\nAdaptives Licht\nBi-Xenon-Licht\nBordmonitor\nHead up Display\nKurvenlicht Dynamisch\nM DRIVE PROFESSIONAL\nTraktionskontrolle\nInnen- und Außenspiegelpaket\nConnected Package Professional\nSitzheizung für Fahrer und Beifahrer\nSitzheizung Beifahrer\nSitzheizung Fahrer\nKlimaautomatik\nAutomatische Umluft-Kontrolle\nKlimaautomatik\nKomfortzugang\nHarman Kardon Surround Sound System\nSoundsystem\nSitzverstellung, elektrisch mit Memory für Fahrersitz\nPARKING ASSISTANT PLUS\n360° Kamera\nParklenkassistent (aktiv)\nRückfahrkamera\nBMW Live Cockpit Professional\nDriving Assistant Professional\nBremsassistent, aktiv\nNotbremsassistent, City\nTempomat mit Abstandsregelung\nADAPTIVES M FAHRWERK\nLED-Scheinwerfer\nLED Abblendlicht\nLED Tagfahrlicht\nConnectedDrive Services\nInternet Zugang\nDAB-Tuner\nGeschwindigkeitsregelung mit Bremsfunkt.\nTempomat\nSonnenschutzverglasung\nHeckklappenbetätigung automatisch\nHeckklappe elektrisch\nParking Assistant\nParklenkassistent (aktiv ) inkl. Gas/Bremse\nInnenspiegel automatisch abblendend\nAblage für Wireless Charging\nTeleservices\nFernlichtassistent\nAutomatisches Fernlicht\nLordosenstütze für Fahrer und Beifahrer\nAlarmanlage\nAlarmanlage\nGepäckraumpaket\nGESETZLICHER NOTRUF\nM Sicherheitsgurte\nPERSONAL ESIM\nReifendruck-Kontrolle\nM Dachreling Hochglanz Shadow Line\nM Dachhimmel anthrazit\nReifenreparatur Set\n19\"/20\" M Schmiederäder Doppelspeiche 826 M Schwarz / MB\nM Sportsitze\nWegfahrsperre\nWegfahrsperre\nAirbag: 2 Seitenairbags vorne\nAirbag Fahrer- und Bei.seite\"Full-Size\"\nBeifahrerairbag\nFahrerairbag\nBremsleuchte, dritte\nServotronic: M Servotronic\nLenksäule: elektrisch einstellbar\nAllradantrieb xDrive\nAllradantrieb permanent\nLackierung: Uni\nHeckscheibenheizung\nSteckdose (12 V)\nAnti-Blockier-System (ABS) inkl. Bremsas\nAnti-Blockier-System (ABS)\nSpeed Limiter\nGeschwindigkeitsbegrenzung\nOttopartikelfilter\nAirbag: Kopfairbags für 4 äuß.Sitzplät.\nKindersitzbefestigung ISOFIX\nKindersitzbefestigung/Isofix\nLenkrad: M Lederlenkrad mit Multifunkt.\nLenkrad in Leder\nMultifunktionslenkrad\nSportlenkrad\nM Compound Bremsen\nGetränkehalter in Mittelkonsole vorn\nBMW ID\nRegensensor\nRegensensor\nEinstiegs. mit Alu.einleger u Modellschr\nFahrwerk: Adaptives M Fahrwerk\nFahrwerksregelung elektronisch\nHeckleuchten in LED-Technik\nAmbientes Licht\nAmbiente Innenbeleuchtung\nActive Protection\nCrash Sensor\nAirbag sonstiges\nDSC mit erweiterten Umfängen\nESP (Elektronisches Stabilitätsprogramm)\nGetriebe: 8-Gang Steptronic Sport Getr.\nAutomatik 8 Stufen\nPolster: Leder Merino\nRäderzubehör: Radschraubensicherung\nFahrzeugschlüssel, Zentralverriegelung\nZentralverriegelung fernbedienbar\nM Hochglanz Shadow Line mit erw. Umfäng.\nHeimleuchten\nSitze: Fondsitze\nFensterheber, elektrisch\nFensterheber elektrisch hinten\nFensterheber elektrisch vorn\n\nÄnderungen Zwischenverkauf und Irrtümer vorbehalten!\nGerne teilen wir Ihnen den detaillierten Fahrzeugzustand im Rahmen eines persönlichen Gespräches mit unserem Verkaufspersonal mit. Trotz größter Sorgfalt sind Inseratsfehler nicht ausgeschlossen, Irrtümer und Zwischenverkauf vorbehalten.",
  "dealerDetails": {
    "id": 774932,
    "name": "Autohaus Reisacher GmbH",
    "sellerType": "Dealer",
    "phones": [
      "+49 (0)8191 331803064"
    ],
    "languages": [
      "Deutsch",
      "English",
      "Türkçe"
    ],
    "country": "DE",
    "address": "Am Penzinger Feld 1, DE-86899 Landsberg am Lech",
    "location": {
      "latitude": 48.0529981,
      "longitude": 10.8964921
    },
    "activeSince": "2007-10-10T00:00:00.000Z",
    "homepageUrl": "https://home.mobile.de/home/redirect.html?customerId=774932",
    "iconUrl": null,
    "reviewPageUrl": "https://www.mobile.de/bewertungen/REISACHER-LANDSBERG?lang=en",
    "score": {
      "total": 4.2,
      "responseTime": 4.4,
      "friendliness": 4.4,
      "advice": 3.9
    },
    "activeRatingCount": 33,
    "vehicleAsDescribedPercentage": 86,
    "recommendPercentage": 82,
    "soldVehicleCount": null,
    "reviews": []
  },
  "attributes": {
    "Vehicle condition": "Used vehicle",
    "Category": "Estate car, Employee's Car",
    "Vehicle Number": "152359",
    "Mileage": "13,556 km",
    "Cubic Capacity": "2,993 ccm",
    "Power": "390 kW (530 hp)",
    "Drive type": "Internal combustion engine",
    "Fuel": "Petrol",
    "CO₂ class": "Based on CO₂ emissions (combined)",
    "Fuel consumption": [
      "10.4 l/100km (combined)",
      "15.8 l/100km (city)",
      "10.3 l/100km (suburban)",
      "8.8 l/100km (country road)",
      "9.8 l/100km (motorway)"
    ],
    "Number of Seats": "5",
    "Door Count": "4/5",
    "Transmission": "Automatic",
    "Emission Class": "Euro6",
    "Emissions Sticker": "4 (Green)",
    "First Registration": "09/2024",
    "Number of Vehicle Owners": "1",
    "HU": "09/2027",
    "Climatisation": "Automatic air conditioning",
    "Parking sensors": "360° camera, Front, Self-steering systems, Rear",
    "Airbags": "Front and Side and More Airbags",
    "Colour (Manufacturer)": "M Sao Paulo Gelb uni",
    "Colour": "Yellow",
    "Interior Design": "Full leather, Other",
    "Energy consumption (comb.)": "10.4 l/100km",
    "CO₂ emissions (comb.)": "234 g/km"
  },
  "features": [
    "ABS",
    "Adaptive cornering lights",
    "Adaptive Cruise Control",
    "Alarm system",
    "Alloy wheels",
    "Ambient lighting",
    "Autom. dimming interior mirror",
    "Bluetooth",
    "Central locking",
    "DAB radio",
    "Distance warning system",
    "Electric seat adjustment",
    "Electric side mirror",
    "Electric tailgate",
    "Electric windows",
    "Emergency brake assist",
    "Emergency call system",
    "ESP",
    "Fog lamp",
    "Four-wheel drive",
    "Full Service History",
    "Hands-free kit",
    "Head-up display",
    "Heated seats",
    "High beam assist",
    "Immobilizer",
    "Induction charging for smartphones",
    "Isofix",
    "Keyless central locking",
    "Leather steering wheel",
    "LED headlights",
    "LED running lights",
    "Light sensor",
    "Lumbar support",
    "Multifunction steering wheel",
    "Navigation system",
    "On-board computer",
    "Power Steering",
    "Rain sensor",
    "Roof rack",
    "Sound system",
    "Speed limit control system",
    "Sport seats",
    "Sports package",
    "Sports suspension",
    "Start-stop system",
    "Traction control",
    "Tuner/radio",
    "Tyre pressure monitoring",
    "Warranty"
  ]
},
{
  "title": "BMW M3 Touring xDrive Competition/G -Power",
  "previewImage": "https://img.classistatic.de/api/v1/mo-prod/images/38/38ad4c62-16be-4577-bee9-1317ea904131?rule=mo-1600.jpg",
  "category": "EstateCar",
  "brand": "BMW",
  "model": "M3",
  "url": "https://suchen.mobile.de/fahrzeuge/details.html?id=431284973",
  "price.total.amount": 85900,
  "priceRating": {
    "rating": "Good price",
    "priceRanges": {
      "Very good price": {
        "start": 62201,
        "end": 80900
      },
      "Good price": {
        "start": 80901,
        "end": 87100
      },
      "Fair price": {
        "start": 87101,
        "end": 96900
      },
      "Increased price": {
        "start": 96901,
        "end": 104000
      },
      "High price": {
        "start": 104001,
        "end": 115600
      }
    }
  },
  "description": "IHR ANSPRECHPARTNER HERR BLUHME ANRUF UNTER 0170/7100260\nBitte vereinbaren Sie einen Termin!\nFinanzierung/Leasing und Inzahlungnahme gern möglich\nBMW M3 Touring xDrive Competition/G -Power\nMWST AUSWEISBAR\nG-Power mit 640PS Motor und Getriebe Software wurden von G-Optimiert inklusive Downpipes und Abgasanlage\nVMax Anhebung\nGewindefedern \nSportluftfilter alles von G-Power\nCeramic\nCarbon\nCarbon Schalensitze\nAlu 20/21 Zoll EDELWEISS Räder\nVollaustattung\n2.HAND / deutsches KFZ\nBMW Scheckheft gepflegt \nsofort verfügbar\n\n\nSonderausstattung:\nBMW Live Cockpit Professional, Exterieur-Paket M Carbon, Fahrassistenz-System: Driving Assistant Professional, Gepäckraum-Paket, Innovations-Paket, Lenkrad heizbar, M Race Track Paket, Metallic-Lackierung, Parkassistent-Paket Plus, Reifen-Reparaturset (Mobility-Pack), Scheinwerfer BMW Individual Shadow-Line, Sicherheitsgurte M, Sicherheitssystem Active Protection, Sonnenschutzverglasung (hinten abgedunkelt), Sound-System Harman-Kardon, Verglasung Akustikglas\n\nWeitere Ausstattung:\nAblage-Paket, Adaptives Fahrwerk M-Technic, Airbag Beifahrerseite abschaltbar, Aktives M Differential, Ambiente-Beleuchtung, Ausstattungs-Paket: Connected Professional, Außenausstattung: Shadow-Line Hochglanz, Außenausstattung: Shadow-Line Hochglanz (erweiterter Umfang), Außenspiegel elektr. verstell- und heizbar, Bedienelemente galvanisiert, Bordcomputer, Competition, DAB-Tuner (Radioempfang digital), Dachhimmel Anthrazit (BMW Individual), Dachreling Hochglanz Shadow-Line, Diebstahlsicherung für Räder (Felgenschlösser), Durchladeeinrichtung (Mittelarmlehne hinten), Dynamische Stabilitäts-Control (DSC) mit erweiterter Umfang, Einstiegsleisten mit Einleger in Aluminium mit Schriftzug M, Erste Hilfe-Kasten / Verbandkasten, Fahrassistenz-System: Active Guard (Bremsassistent), Fahrassistenz-System: Aufmerksamkeits-Assistent, Freisprecheinrichtung Bluetooth mit USB-/Audio-Schnittstelle, Fußmatten Velours, Gepäckraumbeleuchtung, Getriebe Automatik - mit Steptronic und Drivelogic (8-Stufen), Getränkehalter, Heckklappenbetätigung automatisch, Heckleuchten LED, Induktionsladeschale für Smartphone (Wireless Charging), Innenspiegel mit Abblendautomatik, Instrumentenkombination (erweiterter Umfang), Isofix-Aufnahmen für Kindersitz an Rücksitz, Karosserie: 5-türig, Kennzeichenbeleuchtung LED, Klimaautomatik 3-Zonen mit autom. Umluft-Control, Knieairbag Fahrerseite, Kopf-Airbag-System hinten, Kopf-Airbag-System vorn, Kopfstützen hinten klappbar, Lenksäule (Lenkrad) elektr. verstellbar, Leuchtweitenregelung, M Drive (Fahrprofilauswahl), M Drive Professional (Fahrprofilauswahl), Motor 3,0 Ltr. - 375 kW 24V TwinTurbo KAT (S58), Nebelschlussleuchte(n), Otto-Partikelfilter (OPF), Park-Distance-Control (PDC) vorn und hinten, Parkbremse elektrisch, Reifendruck-Kontrollsystem, Reifenpannen-Anzeige, Schadstoffarm nach Abgasnorm Euro 6d, Schaltpunktanzeige, Seitenairbag vorn, Service-System: ConnectedDrive Services, Service-System: Gesetzlicher Notruf, Service-System: Intelligenter Notruf inkl. TeleServices, Sitzbezug / Polsterung: Leder Merino (erweiterter Umfang), Sitze vorn elektr. verstellbar (mit Memory), Spiegel-Paket, Sportdifferential, Start-Stop-Knopf, Start/Stop-Anlage (Funktion), Steckdose (12V-Anschluß) in Mittelkonsole vorn, Warndreieck, Widescreen Display, Wärme-/Sonnenschutzverglasung, Wärme-/Sonnenschutzverglasung kombiniert (hinten abgedunkelt)\nÖffnungszeiten:\nMontag bis Sonntag : ausschließlich nach Vereinbarung\n\n\nWichtiger Hinweis – Wichtige Information! Trotz sorgfältiger Überprüfung aller Details in unserem Angebot kann es vorkommen, dass sich Fehler einschleichen. Teilweise werden diese durch Übertragungsfehler in den Systemen der verschiedenen Plattformanbieter verursacht. Daher möchten wir darauf hinweisen, dass sich alle Angaben ohne Gewähr verstehen und keinen Rechtsanspruch darstellen.\nRechtliches: Diese Verkaufsanzeige stellt kein Angebot im Sinne des §145 BGB dar. Vielmehr handelt es sich um Informationen zur Vertragsanbahnung. Die hier gemachten Angaben sind ohne Gewähr und stellen somit\nkeine zugesicherten Eigenschaften dar.",
  "dealerDetails": {
    "id": 464023,
    "name": "Car-Center-Eutritzsch Prinz& Bluhme GbR",
    "sellerType": "Dealer",
    "phones": [
      "+49 (0)341 9899230208"
    ],
    "messengers": {
      "WHATS_APP": "+49 (0)170 7100260"
    },
    "languages": [
      "Deutsch",
      "English"
    ],
    "country": "DE",
    "address": "Delitzscherstrasse 84-86, DE-04129 Leipzig",
    "location": {
      "latitude": 51.36686,
      "longitude": 12.38625
    },
    "activeSince": "2006-06-09T00:00:00.000Z",
    "homepageUrl": "https://home.mobile.de/home/redirect.html?customerId=464023",
    "iconUrl": null,
    "reviewPageUrl": "https://www.mobile.de/bewertungen/CARCENTEREUTRITZSCH?lang=en",
    "score": {
      "total": 4.4,
      "responseTime": 4.4,
      "friendliness": 4.4,
      "advice": 4.4
    },
    "activeRatingCount": 17,
    "vehicleAsDescribedPercentage": 85,
    "recommendPercentage": 86,
    "soldVehicleCount": null,
    "reviews": []
  },
  "attributes": {
    "Vehicle condition": "Used vehicle",
    "Category": "Estate car",
    "Model range": "Baureihe M3 Touring (G81)(2022->)",
    "Trim line": "xDrive Competition",
    "Mileage": "69,877 km",
    "Cubic Capacity": "2,993 ccm",
    "Power": "470 kW (639 hp)",
    "Drive type": "Internal combustion engine",
    "Fuel": "Petrol",
    "Number of Seats": "5",
    "Door Count": "4/5",
    "Emission Class": "Euro5",
    "Emissions Sticker": "4 (Green)",
    "First Registration": "10/2023",
    "Number of Vehicle Owners": "2",
    "Parking sensors": "Rear, 360° camera, Front",
    "Airbags": "Front and Side and More Airbags",
    "Colour (Manufacturer)": "SAPHIRSCHWARZ",
    "Colour": "Black Metallic",
    "Interior Design": "Full leather, Black",
    "Weight": "1,940 kg",
    "Cylinders": "6",
    "Tank capacity": "59 l"
  },
  "features": [
    "ABS",
    "Alarm system",
    "Alloy wheels",
    "Ambient lighting",
    "Blind spot assist",
    "Cargo barrier",
    "CD Multichanger",
    "CD player",
    "Central locking",
    "Cruise control",
    "DAB radio",
    "Digital cockpit",
    "Distance warning system",
    "Dynamic chassis control",
    "Electric seat adjustment",
    "Electric side mirror",
    "Electric windows",
    "ESP",
    "Fatigue warning system",
    "Fog lamp",
    "Folding exterior mirrors",
    "Four-wheel drive",
    "Full Service History",
    "Hands-free kit",
    "Heated rear seats",
    "High beam assist",
    "Immobilizer",
    "Integrated music streaming",
    "Isofix",
    "Lane change assist",
    "Leather steering wheel",
    "LED headlights",
    "Light sensor",
    "Multifunction steering wheel",
    "Navigation preparation",
    "Navigation system",
    "Night vision assist",
    "Non-smoker vehicle",
    "On-board computer",
    "Paddle shifters",
    "Panoramic roof",
    "Passenger seat Isofix point",
    "Power Steering",
    "Rain sensor",
    "Roof rack",
    "Sound system",
    "Sport seats",
    "Sports package",
    "Sports suspension",
    "Start-stop system",
    "Summer tyres",
    "Sunroof",
    "Tinted windows",
    "Touchscreen",
    "Traction control",
    "Traffic sign recognition",
    "Tuner/radio",
    "Voice control",
    "Warranty"
  ]
},
{
  "title": "BMW M3 Competition M xDrive Tou DA-Pro,HUD,PA+,HK,20",
  "previewImage": "https://img.classistatic.de/api/v1/mo-prod/images/d8/d84927db-cfe5-4879-a323-3e1ca092daff?rule=mo-1600.jpg",
  "category": "EstateCar",
  "brand": "BMW",
  "model": "M3",
  "url": "https://suchen.mobile.de/fahrzeuge/details.html?id=426637079",
  "price.total.amount": 85900,
  "priceRating": {
    "rating": "Very good price",
    "priceRanges": {
      "Very good price": {
        "start": 66701,
        "end": 86700
      },
      "Good price": {
        "start": 86701,
        "end": 93400
      },
      "Fair price": {
        "start": 93401,
        "end": 103900
      },
      "Increased price": {
        "start": 103901,
        "end": 111500
      },
      "High price": {
        "start": 111501,
        "end": 123900
      }
    }
  },
  "description": "Verbrauch und Emission (WLTP)\nPrimärer Antrieb Verbrauch kombiniert: 10,40 l/100 km\nCO2 Emission kombiniert: 234 g/km\n\nGetriebe\nAutomatikgetriebe DriveLogic, 8 Gänge\n\nAusstattungslinie\nAusstattungslinie Exterieur: Competition\n\nAusstattungspakete\nAusstattungspaket: Connected Package Professional, Connected Professional (laufzeitgebundener Dienst)\nM Sportpaket\nComfort Paket: Gepäckraumpaket\nOptikpaket: BMW Individual Hochglanz Shadow Line mit erweiterten Umfängen\nAblagepaket\nSpiegelpaket: Innen- und Außenspiegelpaket\n\nAssistenzsysteme\nHead-up-Display HUD\nFernlichtassistent\nBMW ParkAssistent: Parking Assistant Plus\nRückfahrkamera\nSurround View\nFahrlichtautomatik\nAktive Geschwindigkeitsregelung mit Stop & Go\nSpracheingabesystem\nMüdigkeitserkennung\nSpurwechselassistent\nSpurhalteassistent\nBremsassistent\nFahrerassistenzpaket: Driving Assistant Professional, Heckaufprall-Vermeidung, Parkassistent-Paket Plus, Rückfahr-Assistent\nActive Guard Auffahrwarnung\nVerkehrszeichenerkennung\nGespannstabilisierung\nAusparkhilfe\n\nLicht und Sicht\nAdaptiver LED-Scheinwerfer\nAdaptives Kurvenlicht\nTagfahrlicht\nRegensensor\nAutomatisch abblendende Innen- und Außenspiegel\nSonnen- und Wärmeschutzverglasung: Akustikverglasung, Sonnenschutzrollo fuer hintere Türseitenscheiben\nDynamische Leuchtweitenregulierung\nAmbientebeleuchtung\nLichtsensor\n\nAudio & Kommunikation\nMultimedia-System\nBMW Live Cockpit Professional: Augmented Reality\nRadio\nMulti-Funktions-Display\nDigitaler Radioempfang DAB\niDrive\nHarman/Kardon Soundsystem\nAudio-Schnittstelle\nBMW ConnectedDrive Services: ConnectedDrive Services (laufzeitgebundener Dienst), Connected Package Professional (laufzeitgebundener Dienst)\nHandyvorbereitung Bluetooth\nAndroid Auto u. Apple CarPlay\nKabelloses Laden für Handys: Ablage für Wireless Charging\nWLAN Hotspot: Personal eSIM\n\nKomfort\nBMW Live Cockpit Professional: BMW Curved Display\nKlimaautomatik, 3 Zonen\nFahrer-/Beifahrersitz elektrisch\nMemoryfunktion Fahrersitz\nLordosenstütze Fahrer/Beifahrer elektrisch\nSitzheizung Fahrer/Beifahrer\nSportsitze: M Sportsitze\nArmauflage vorn und hinten\nServolenkung\nLenksäule verstellbar\nKomfortzugang\nAuto Start Stop Funktion\nZentralver. mit Fernbedienung: mit Diebstahlsicherung und Crashsensor, BMW Digital Key\nFensterheber elektrisch 4-fach\nKopfstützen vorn und hinten: Fondkopfstützen klappbar\nAutomatische Heckklappenbetätigung\nM Drive: M Drive Professional\nGetränkehalter\n\nInterieur\nSitze Leder Merino schwarz\nMultifunktions-Sport-/Lederlenkrad: M, M Sicherheitsgurte, BMW Individual Dachhimmel anthrazit\nBordcomputer\nRücksitze klapp- und teilbar\nLaderaumabdeckung\nDurchladesystem\nDekoreinlagen: Interieurleisten Aluminium Rhombicle Anthrazit, Galvanikapplikation für Bedienelemente\nLenkrad-Schaltwippen\n\nExterieur\nAdaptives Fahrwerk\nAntrieb: Allrad\nM Sportfahrwerk: Adaptives M Fahrwerk\nTouchscreen Bedienung\nDifferentialsperre: Aktives M Differential\nCompound-Bremse: M Compound-Bremse schwarz hochglänzend, BMW Individual Leuchten Shadow Line\nM Leichtmetallräder 20 Zoll: M Schmiederäder Doppelspeiche 826 M Schwarz / MB\nAußenspiegel elekt. anklappbar\nDachreling: BMW Individual Dachreling Hochglanz Shadow Line, Dach und Spiegelkappen schwarz\nReifenpannenset\nInnovationspaket: II\nNotrufsystem: Intelligenter Notruf inkl. TeleServices (laufzeitgebundener Dienst)\nGeschwindigkeitsbegrenzer\nFahrzeugpersonalisierung: BMW ID\n\nSicherheit\nISOFIX Kindersitzbefestigung\nFußgängerschutzsystem: aktiv\nFahrer- /Beifahrerairbag\nKopfairbag vorn\nSeitenairbag vorn und hinten\nKnieairbag Fahrer\nDynamische Traktions Control DTC\nDynamische Stabilitäts Control DSC\nReifen Pannen Anzeige RPA\nDiebstahlwarnanlage\nWegfahrsperre\nAußentemperatur Anzeige\nAntiblockiersystem ABS\nProaktives Insassenschutzsystem: Active Protection\nNotbremsassistent\nAkustischer Umfeldschutz\nQuerverkehrswarnung\n\nWeitere Ausstattung\nM Leuchten Shadow Line\nM Compound-Bremse schwarz hochglänzend\nM Sicherheitsgurte\nGalvanikapplikation für Bedienelemente\nSonnenschutzrollo hintere Türseitenscheiben\nTeleServices (laufzeitgebundener Dienst)\nConnectedPackage Professional\nÖlwartungsintervall - 24 Monate/30.000 k\nDeutschland-Ausführung\nM Dachhimmel Anthrazit\nM Hochglanz Shadow Line erweitert\nDach und Spiegelkappen schwarz\nFalschfahrwarnung\n\nDie im Inserat aufgeführten Ausstattungsmerkmale sind unverbindlich. Maßgeblich für den Kauf ist allein der schriftliche Kaufvertrag. Angaben im Inserat begründen keine Beschaffenheitsvereinbarung. Verbindliche Ausstattungsangaben werden ausschließlich im Kaufvertrag festgelegt.",
  "dealerDetails": {
    "id": 454253,
    "name": "WELLER Premium GmbH - BMW & MINI Vertragshändler",
    "sellerType": "Dealer",
    "phones": [
      "+49 (0)581 2254802151"
    ],
    "languages": [
      "Deutsch",
      "English"
    ],
    "country": "DE",
    "address": "Nordallee 7, DE-29525 Uelzen",
    "location": {
      "latitude": 52.9870397,
      "longitude": 10.5466297
    },
    "activeSince": "2000-10-18T00:00:00.000Z",
    "homepageUrl": "https://home.mobile.de/home/redirect.html?customerId=454253",
    "iconUrl": "https://img.classistatic.de/api/v1/mo-prod/images/02/022e1ec4-d4da-4757-9085-444917c85f98?rule=mo-640.jpg",
    "reviewPageUrl": "https://www.mobile.de/bewertungen/B-K-UELZEN?lang=en",
    "score": {
      "total": 4.3,
      "responseTime": 4.2,
      "friendliness": 4.4,
      "advice": 4.2
    },
    "activeRatingCount": 43,
    "vehicleAsDescribedPercentage": 91,
    "recommendPercentage": 79,
    "soldVehicleCount": null,
    "reviews": []
  },
  "attributes": {
    "Vehicle condition": "Used vehicle, Accident-free",
    "Category": "Estate car, Employee's Car",
    "Trim line": "Competition",
    "Vehicle Number": "1616478",
    "Availability": "Now",
    "Origin": "German edition",
    "Mileage": "11,936 km",
    "Cubic Capacity": "2,993 ccm",
    "Power": "390 kW (530 hp)",
    "Drive type": "Internal combustion engine",
    "Fuel": "Petrol",
    "CO₂ class": "Based on CO₂ emissions (combined)",
    "Fuel consumption": [
      "10.4 l/100km (combined)"
    ],
    "Energy costs for 15,000 km annual mileage": "€2,802/Year",
    "Fuel price": "€1.80/l (annual average 2024)",
    "Possible CO₂ costs over the next 10 years (15,000 km/year)": [
      "€4,036 (assuming an average CO₂ price of €115/t)",
      "€1,755 (assuming a low average CO₂ price of €50/t)",
      "€6,669 (assuming a high average CO₂ price of €190/t)"
    ],
    "Vehicle tax": "€476/Year",
    "Number of Seats": "5",
    "Door Count": "4/5",
    "Transmission": "Automatic",
    "Emission Class": "Euro6d",
    "Emissions Sticker": "4 (Green)",
    "First Registration": "11/2024",
    "Number of Vehicle Owners": "1",
    "HU": "New",
    "Climatisation": "Automatic climatisation, 3 zones",
    "Parking sensors": "Front, Self-steering systems, Rear, 360° camera",
    "Airbags": "Front and Side and More Airbags",
    "Colour (Manufacturer)": "Isle of Man Grün",
    "Colour": "Green Metallic",
    "Interior Design": "Full leather, Black",
    "Cylinders": "6",
    "Energy consumption (comb.)": "10.4 l/100km",
    "CO₂ emissions (comb.)": "234 g/km"
  },
  "features": [
    "ABS",
    "Adaptive cornering lights",
    "Adaptive Cruise Control",
    "Alarm system",
    "Alloy wheels",
    "Ambient lighting",
    "Android Auto",
    "Apple CarPlay",
    "Arm rest",
    "Autom. dimming interior mirror",
    "Blind spot assist",
    "Bluetooth",
    "Central locking",
    "DAB radio",
    "Daytime running lights",
    "Digital cockpit",
    "Distance warning system",
    "Dynamic chassis control",
    "Electric seat adjustment",
    "Electric side mirror",
    "Electric tailgate",
    "Electric windows",
    "Eletric seat adjustment with memory function",
    "Emergency brake assist",
    "Emergency call system",
    "Emergency tyre repair kit",
    "ESP",
    "Folding exterior mirrors",
    "Four-wheel drive",
    "Full Service History",
    "Hands-free kit",
    "Head-up display",
    "Heated seats",
    "High beam assist",
    "Immobilizer",
    "Induction charging for smartphones",
    "Isofix",
    "Keyless central locking",
    "Lane change assist",
    "Leather steering wheel",
    "LED headlights",
    "Light sensor",
    "Lumbar support",
    "Multifunction steering wheel",
    "Navigation system",
    "Non-smoker vehicle",
    "On-board computer",
    "Paddle shifters",
    "Power Steering",
    "Rain sensor",
    "Rear traffic alert",
    "Roof rack",
    "Sound system",
    "Speed limit control system",
    "Sport seats",
    "Sports package",
    "Sports suspension",
    "Start-stop system",
    "Touchscreen",
    "Traction control",
    "Traffic sign recognition",
    "Tuner/radio",
    "Tyre pressure monitoring",
    "Voice control",
    "Warranty",
    "WLAN / Wi-Fi hotspot"
  ]
},
{
  "title": "BMW M3 Competition -M CarbonSitze+Dach-H&K-360K",
  "previewImage": "https://img.classistatic.de/api/v1/mo-prod/images/fb/fbbb973e-40e0-4e06-b652-0b6157288866?rule=mo-1600.jpg",
  "category": "Limousine",
  "brand": "BMW",
  "model": "M3",
  "url": "https://suchen.mobile.de/fahrzeuge/details.html?id=433876097",
  "price.total.amount": 86489,
  "priceRating": {
    "rating": "Increased price",
    "priceRanges": {
      "Very good price": {
        "start": 54201,
        "end": 70400
      },
      "Good price": {
        "start": 70401,
        "end": 75900
      },
      "Fair price": {
        "start": 75901,
        "end": 84400
      },
      "Increased price": {
        "start": 84401,
        "end": 90600
      },
      "High price": {
        "start": 90601,
        "end": 100600
      }
    }
  },
  "description": "Interne Nr.: 0346\nUnfall- & Nachlackierungsfrei\nProduktion: 12.05.2022\nBMW M3 Competition - Individual - Shadow Line mit erweitertem Umfang\n2. Hd\nDeutsches Fahrzeug\n2 x Schlüssel\n1 x COC\nLückenlose Servicehistorie bei BMW wie folgt:\n1. KD = 12 km - 30.05.22\n2. KD = 1363 km - 09.08.22\n3. KD = 18309 km - 19.07.24\n4. KD = 20628 km - 14.07.25\nDas Fahrzeug steht auf 19\"/20\" M Schmiederäder Doppelspeiche 825 M Bicolor Schwarz Mit Sommermischbereifung.\n1CB Co2-umfang\n1DF Abgastechnik Eu6d\n1MB M Drive Professional\n1T6 19\"/20\" M Schmiederäder Doppelspeiche 825 M Bicolor Schwarz Mit Mischbereifung\n230 Eu Spezifische Zusatzumfaenge\n248 Lenkradheizung\n2PA Radschraubensicherung\n2T4 M Sportdifferential\n2VB Reifendruckanzeige\n2VF Adaptives M Fahrwerk\n302 Alarmanlage\n320 Modellschriftzug Entfall\n3M6 M Compound-bremse Schwarz Hochglänzend\n3MF Bmw Individual Leuchten Shadow Line\n420 Sonnenschutzverglasung\n428 Warndreieck\n430 Interior And Exterior Mirror PackaInnen- Und Aussenspiegelpaket\n431 Innenspiegel,automatisch Abblendend\n459 Sitzverstellung, Elektr.mit Memory\n48C M Carbon Schalensitze\n493 Ablagenpaket\n494 Sitzheizung Fuer Fahrer/beifahrer\n4MC Interieurleisten Carbon Fibre\n4NE Blow-by-heizer\n4U0 Galvanikapplikation Fuer Bedienelem\n534 Klimaautomatik\n544 Geschwindigkeitsregel. Mit Bremsf.\n548 Kilometertacho\n5AS Driving Assistant\n5AV Active Guard\n5DA Beifahrerairbag-deaktivierung\n5DC Fondkopfstuetzen Klappbar\n5DN Parking Assistant Plus\n610 Head-up Display\n654 Dab Tuner\n688 Harman/kardon Surround Sound System\n6AE Teleservices\n6A Gesetzlicher Notruf\n6AK Connecteddrive ServicesConnecteddrive Services\n6C4 Connectedpackage Professional\n6NW Telefonie Mit Wireless Charging\n6P1 Spez. Bluetooth & Wi-fi Funktionen, Temporärer Entfall & Vorb. Remote Softw. Up.\n6U3 Bmw Live Cockpit Professional\n6UX Entfall Touch Funktionalität Auf Bmw Controller\n6WD Wlan Hotspot\n760 Individual Hochglanz Shadow Line\n775 Individual Dachhimmel Anthrazit\n7M9 Bmw Individual Hochglanz Shadow Line Mit Erweiterten Umfängen\n801 Deutschland-ausfuehrung\n851 Sprachversion Deutsch\n879 Deutsch / Bordliteratur\n8EK Steuerung Karosserie\n8KA Oelwartungsint. 30.000km/24monate\n8R9 Kaeltemittel\n8TF Aktiver Fussgaengerschutz.\nInseratsfehler - Irrtum - Zwischenverkauf vorbehalten!\nSie haben weitere Fragen ?\nSie erreichen uns auch per Email: scebeta-gmbh@gmx.de !\nWir bearbeiten ihre Anfrage umgehend !\nUnsere Serviceleistungen im Überblick für Sie:\n\nFinanzierungsangebote ab 6,99%.\nEU- & Drittländer Netto Verkauf mit gültiger UmSt.-ID.-Nr. + Kaution möglich / Net sale possible + Caution !!!\nHomepage: www.scebeta.de\nEmail: scebeta-gmbh@gmx.de\nAnsprechpartner\nHerr Ebner: 0152 / 34210164 ( Deutsch / Englisch )\nHerr Scebeta: 0176 / 21715817 ( Deutsch / Englisch )\nÖffnungszeiten: Mo. - Fr. von 9 - 13 und von 14 - 18 Uhr / Samstag: 9 - 13 Uhr\n!!! Besichtigungen sind nur nach vorheriger Terminabsprache möglich !!!",
  "dealerDetails": {
    "id": 10367379,
    "name": "Scebeta KFZ - Handels - GmbH",
    "sellerType": "Dealer",
    "phones": [
      "+49 (0)5921 370220065"
    ],
    "messengers": {
      "WHATS_APP": "+49 (0)1523 4210164"
    },
    "languages": [
      "Deutsch",
      "Pусский",
      "English"
    ],
    "country": "DE",
    "address": "Heinrich-Hertz-Str. 22, DE-48531 Nordhorn",
    "location": {
      "latitude": 52.4713417,
      "longitude": 7.142179899999999
    },
    "activeSince": "2013-07-31T00:00:00.000Z",
    "homepageUrl": "https://home.mobile.de/home/redirect.html?customerId=10367379",
    "iconUrl": null,
    "reviewPageUrl": "https://www.mobile.de/bewertungen/ScebetaKFZHandelsGmbH?lang=en",
    "score": {
      "total": 4.5,
      "responseTime": 4.5,
      "friendliness": 4.6,
      "advice": 4.5
    },
    "activeRatingCount": 12,
    "vehicleAsDescribedPercentage": 91,
    "recommendPercentage": 88,
    "soldVehicleCount": null,
    "reviews": []
  },
  "attributes": {
    "Vehicle condition": "Used vehicle, Accident-free",
    "Category": "Saloon",
    "Model range": "Baureihe M3 Lim. (G80)(2020->)",
    "Trim line": "Competition Individual Shadow Line",
    "Origin": "German edition",
    "Mileage": "21,301 km",
    "Cubic Capacity": "2,993 ccm",
    "Power": "375 kW (510 hp)",
    "Drive type": "Internal combustion engine",
    "Fuel": "Petrol",
    "Number of Seats": "5",
    "Door Count": "4/5",
    "Emission Class": "Euro6d-TEMP",
    "Emissions Sticker": "4 (Green)",
    "First Registration": "06/2022",
    "Number of Vehicle Owners": "2",
    "HU": "New",
    "Climatisation": "Automatic climatisation, 2 zones",
    "Parking sensors": "Rear, 360° camera, Front, Self-steering systems",
    "Airbags": "Front and Side and More Airbags",
    "Colour (Manufacturer)": "FROZEN GREY",
    "Colour": "Grey",
    "Interior Design": "Full leather, Other",
    "Weight": "1,805 kg",
    "Cylinders": "6",
    "Tank capacity": "59 l"
  },
  "features": [
    "ABS",
    "Adaptive cornering lights",
    "Adaptive Cruise Control",
    "Alarm system",
    "Alloy wheels",
    "Ambient lighting",
    "Android Auto",
    "Apple CarPlay",
    "Arm rest",
    "Autom. dimming interior mirror",
    "Blind spot assist",
    "Bluetooth",
    "Central locking",
    "DAB radio",
    "Digital cockpit",
    "Distance warning system",
    "Dynamic chassis control",
    "Electric seat adjustment",
    "Electric side mirror",
    "Electric tailgate",
    "Electric windows",
    "Eletric seat adjustment with memory function",
    "Emergency brake assist",
    "Emergency call system",
    "ESP",
    "Fatigue warning system",
    "Fog lamp",
    "Folding exterior mirrors",
    "Full Service History",
    "Glare-free high beam headlights",
    "Hands-free kit",
    "Head-up display",
    "Heated seats",
    "Heated steering wheel",
    "High beam assist",
    "Hill-start assist",
    "Immobilizer",
    "Induction charging for smartphones",
    "Integrated music streaming",
    "Isofix",
    "Lane change assist",
    "Laser headlights",
    "Leather steering wheel",
    "LED running lights",
    "Light sensor",
    "Lumbar support",
    "Multifunction steering wheel",
    "Navigation system",
    "Non-smoker vehicle",
    "On-board computer",
    "Paddle shifters",
    "Power Steering",
    "Rain sensor",
    "Rear traffic alert",
    "Rear wheel drive",
    "Sound system",
    "Speed limit control system",
    "Sport seats",
    "Sports package",
    "Sports suspension",
    "Start-stop system",
    "Summer tyres",
    "Tinted windows",
    "Touchscreen",
    "Traction control",
    "Traffic sign recognition",
    "Tuner/radio",
    "Tyre pressure monitoring",
    "USB port",
    "Voice control",
    "Warranty",
    "WLAN / Wi-Fi hotspot"
  ]
},
{
  "title": "BMW M3 Competition Touring M xDrive",
  "previewImage": "https://img.classistatic.de/api/v1/mo-prod/images/a4/a435c4c2-9bf9-456e-82b9-3a0c1ffada4a?rule=mo-1600.jpg",
  "category": "EstateCar",
  "brand": "BMW",
  "model": "M3",
  "url": "https://suchen.mobile.de/fahrzeuge/details.html?id=433914862",
  "price.total.amount": 85900,
  "priceRating": {
    "rating": "Good price",
    "priceRanges": {
      "Very good price": {
        "start": 62801,
        "end": 81600
      },
      "Good price": {
        "start": 81601,
        "end": 87900
      },
      "Fair price": {
        "start": 87901,
        "end": 97800
      },
      "Increased price": {
        "start": 97801,
        "end": 104900
      },
      "High price": {
        "start": 104901,
        "end": 116600
      }
    }
  },
  "description": "Airbag für Fahrer und Beifahrer\nAirbag: 2 Seitenairbags vorne\nAirbag: Beifahrerairbag-Deaktivierung\nAirbag: Knieairbag für Fahrer\nAirbag: Kopfairbags für 4 äuß.Sitzplät.\nAlarmanlage\nAllradantrieb xDrive\nAmbientes Licht\nAnti-Blockier-System (ABS) inkl. Bremsas\nAußenspiegel M spezifisch\nBMW Controller\nBMW ID\nBMW Laserlicht - Abblendlicht (LED-Technologie) - Fernlicht (LED-Technologie mit Laser-Modul ab 60 km/h) - Tagfahrlicht Iconlight in 3/4 Rahmenform (LED-Technologie) - Fahrtrichtungsanzeiger in der äusseren Ikone (LED-Technologie) - adaptives Kurvenlicht (LED-Technologie) - Abbiegelicht (LED-Technologie) - inklusive BMW Selective Beam, der blendfreie Fernlichtassistent von BMW - Licht aus blauen Hochleistungs-Laserdioden wird auf einem Phosphorplättchen in hochintensives weißes Licht konzentriert\nBMW Live Cockpit Professional - Volldig. 12,3\"\" Instrumentendisplay und 14,9\"\" Control Display mit Touchbe. - Navigation - Freisprecheinrich. - Intelligent Personal Assist. (Sprachbedienung),BMW Controller mit Dreh-,Drück-und Touchfunk.,Direktwahltasten - Fahrerprofil, ermög. persönliche Einstel. in einem Fahrerprofil zu speichern - Tuner mit Diversity-Empf.und RDS - 2 USB-Anschlüsse, Laden/Daten - Bluetooth/WiFi Schnittstelle - 4G LTE Connectivity, festverb. SIM-Karte - Remote Software Upgrade - BMW Head-Up Display\nBordcomputer inkl. Check-Control\nBremsleuchte, dritte\nConnectedDrive Services\nCrash Sensor\nDach: Leichtbaudach aus Carbon (CFK)\nDriving Assistant Kamera- und radarbasiertes Fahrerassistenzsystem bestehend aus: - Spurverlassenswarnung - Spurwechselwarnung und Frontkollisionswarnung mit Bremseingriff - Querverkehrswarnung hinten - Prävention Heckkollision - Speed Limit Info (Verkehrszeichenerkennung) [Spurwechselassistent, Totwinkel-Assistent]\nDriving Assistant Professional Akt. Geschwindigkeitsreg. mit Stop&amp;Go-F. Aut. Speed Limit Assist Lenk- und Spurführungsassis.: unterstützt im Geschwindigkeitsbereich bis 210 km/h die Spurmitte durch korrigierende Lenkeingriffe zu halten Spurhalteassis. mit akt. Seitenkollisionsschutz: korrigierende Lenkeingriffe im Geschwindigkeitsbereich 70 km/h bis 210 km/h, zum Halten der Spur Querverkehrswarn. vorne Ausweichhilfe Kreuzungswarn. mit City-Bremsfunk. Falschfahrwarn. Nothalteassis. Rettungsgassenassis. Ampelerkennung\nDurchladesystem\nDynamische Stabilitäts Control (DSC)\nEinstiegs. mit Alu.einleger u Modellschr\nFahrwerk: Adaptives Fahrwerk\nFensterheber elektrisch (2)\nFernlichtassistent - automatisches Ein- und Ausschalten des Fernlichtes abhängig von der Verkehrssituation. Steuerung über Sensor an der Vorderseite des Innenspiegels\nGalvanikapplikation für Bedienelemente\nGeschwindigkeitsregelung mit Bremsfunkt.\nGesetzlicher Notruf\nGetriebe:8-Gang M Steptronic mit Drivel.\nGetränkehalter in Mittelkonsole vorn\nHeckklappenbetätigung automatisch\nHeckleuchten in LED-Technik\nHeckscheibenheizung\nInnenspiegel automatisch abblendend\nIntelligenter Notruf\nInterieurleisten schwarz hochglänzend\nKindersitzbefestigung ISOFIX\nKlimaautomatik mit 3-Zonen-Regelung\nKomfortzugang mit Digital Key - Schlüsselloser Zugang zum Fahrzeug an den Türen und der Heckklappe - Welcome Inszenierung - Automatische Ent-/Verriegelung - BMW Digital Key auf einem iPhone (sofern kompatibel) oder die Key Card mit folgenden Funktionen: Ent- und Verriegelung sowie Starten des Fahrzeugs\nKopfstützen (5)\nKopfstützen im Fond, klappbar\nLED-Scheinwerfer\nLackierung: Metallic\nLenkrad: M Lederlenkrad mit Multifunkt.\nLenksäulenverstellung in Höhe und Länge\nLordosenstütze für Fahrer und Beifahrer\nM Compound Bremsen\nM Compound-Bremse, schwarz hochglänzend\nM Dachhimmel Anthrazit\nM Dachreling Shadow Line\nM Drive\nM Drive Professional\nM Hochglanz Shadow Line\nM Hochglanz Shadow Line mit erw. Umfäng.\n\nIm Kundenauftrag\nNetto Export möglich \nVerkauf ins Drittland nicht möglich \n\nStandort:\nAuto Technik Sulingen GmbH Diepholzer Str. 76 , 27232 Sulingen\n\nAnsprechpartner : Holger Kropp \n\nTelefonnummer 04271-956760\n\n\nWir bitten um Verständnis, dass auch nach größter Sorgfalt bei unseren Inseraten irrtümlich falsche Angaben nicht ganz ausgeschlossen werden können. Keine Haftung für Druck und Eingabefehler. Die angegebenen Verbrauchsangaben beziehen sich auf NEFZ-Werte.\n\nUnsere Serviceleistungen :\n\nFinanzierung auch ohne Anzahlung möglich ab 5,99 %\nInzahlungnahme Ihres Gebrauchtwagen\nAnkauf Ihres Gebrauchtwagen\nProbefahrten\n12 Monate Gebrauchtwagen Garantie\n\n\nalles aus einer Hand : \n\nKfz-Meisterwerkstatt- Reparatur aller Fabrikate \nUnfallinstandsetzung + Lackierung\nAn + Verkauf\nEU Neu + Gebrauchtwagen aller Marken\nTransporter Verkauf und Service\n\n\nNicht das gesuchte Fahrzeug dabei ? Kein Problem ! Geimeinsam finden wir für Sie das perfekte Auto!\n\n\n\n\nIhr ATS Team\n\n\nÄnderungen und Irrtümer vorbehalten.",
  "dealerDetails": {
    "id": 14241066,
    "name": "Auto Technik Sulingen GmbH",
    "sellerType": "Dealer",
    "phones": [
      "+49 (0)4271 800993145"
    ],
    "languages": [
      "Deutsch",
      "English"
    ],
    "country": "DE",
    "address": "Diepholzer Straße 76, DE-27232 Sulingen",
    "location": {
      "latitude": 52.6756414,
      "longitude": 8.787633699999999
    },
    "activeSince": "2016-01-27T00:00:00.000Z",
    "homepageUrl": "https://home.mobile.de/home/redirect.html?customerId=14241066",
    "iconUrl": "https://img.classistatic.de/api/v1/mo-prod/images/37/37f183cb-3498-42ff-8f96-89efeacd49a5?rule=mo-640.jpg",
    "reviewPageUrl": "https://www.mobile.de/bewertungen/AutoTechnikSulingenGmbh?lang=en",
    "score": {
      "total": 4.9,
      "responseTime": 4.8,
      "friendliness": 5,
      "advice": 5
    },
    "activeRatingCount": 25,
    "vehicleAsDescribedPercentage": 100,
    "recommendPercentage": 100,
    "soldVehicleCount": null,
    "reviews": []
  },
  "attributes": {
    "Vehicle condition": "Used vehicle, Accident-free",
    "Category": "Estate car",
    "Mileage": "8,500 km",
    "Cubic Capacity": "2,993 ccm",
    "Power": "375 kW (510 hp)",
    "Drive type": "Internal combustion engine",
    "Fuel": "Petrol",
    "Number of Seats": "5",
    "Door Count": "4/5",
    "Transmission": "Automatic",
    "Emission Class": "Euro6d",
    "Emissions Sticker": "4 (Green)",
    "First Registration": "04/2024",
    "Number of Vehicle Owners": "1",
    "Climatisation": "Automatic climatisation, 3 zones",
    "Parking sensors": "Rear, Front, Self-steering systems, 360° camera",
    "Airbags": "Front and Side and More Airbags",
    "Colour (Manufacturer)": "SKYSCRAPER GRAU METALLIC",
    "Interior Design": "Full leather, Black"
  },
  "features": [
    "ABS",
    "Adaptive Cruise Control",
    "Adaptive lighting",
    "Alarm system",
    "Alloy wheels",
    "Ambient lighting",
    "Android Auto",
    "Apple CarPlay",
    "Arm rest",
    "Autom. dimming interior mirror",
    "Blind spot assist",
    "Bluetooth",
    "Cargo barrier",
    "Central locking",
    "DAB radio",
    "Digital cockpit",
    "Distance warning system",
    "Electric seat adjustment",
    "Electric side mirror",
    "Electric tailgate",
    "Electric windows",
    "Emergency brake assist",
    "Emergency call system",
    "ESP",
    "Folding exterior mirrors",
    "Four-wheel drive",
    "Hands-free kit",
    "Head-up display",
    "Heated seats",
    "High beam assist",
    "Hill-start assist",
    "Immobilizer",
    "Induction charging for smartphones",
    "Isofix",
    "Keyless central locking",
    "Lane change assist",
    "Laser headlights",
    "Leather steering wheel",
    "LED running lights",
    "Light sensor",
    "Lumbar support",
    "Multifunction steering wheel",
    "Navigation system",
    "Non-smoker vehicle",
    "On-board computer",
    "Paddle shifters",
    "Particulate filter",
    "Passenger seat Isofix point",
    "Power Steering",
    "Rain sensor",
    "Roof rack",
    "Sound system",
    "Speed limit control system",
    "Sport seats",
    "Sports package",
    "Tinted windows",
    "Touchscreen",
    "Traction control",
    "Traffic sign recognition",
    "Tuner/radio",
    "Tyre pressure monitoring",
    "USB port",
    "Voice control",
    "WLAN / Wi-Fi hotspot"
  ]
},
{
  "title": "BMW M3 Competition Touring M xDrive|*Facelift*|H/K",
  "previewImage": "https://img.classistatic.de/api/v1/mo-prod/images/cd/cdb211a0-2707-4aca-8382-3430b1145f98?rule=mo-1600.jpg",
  "category": "EstateCar",
  "brand": "BMW",
  "model": "M3",
  "url": "https://suchen.mobile.de/fahrzeuge/details.html?id=432530224",
  "price.total.amount": 85888,
  "priceRating": {
    "rating": "Very good price",
    "priceRanges": {
      "Very good price": {
        "start": 68401,
        "end": 88900
      },
      "Good price": {
        "start": 88901,
        "end": 95700
      },
      "Fair price": {
        "start": 95701,
        "end": 106500
      },
      "Increased price": {
        "start": 106501,
        "end": 114300
      },
      "High price": {
        "start": 114301,
        "end": 127000
      }
    }
  },
  "description": "Außenausstattung\n19\"/20\" M Schmiederäder Doppelspeiche 826 M Schwar z / MB\nM Dachreling Hochglanz Shadow Line \nSonnenschutzverglasung \n\nKomfort/Innenausstattung\nAblage für Wireless Charging \nBMW Live Cockpit Professional \nDAB-Tuner \nGeschwindigkeitsregelung mit Bremsfunktion \nHarman Kardon Surround Sound System \nInnenspiegel automatisch abblendend \nKlimaautomatik \nLordosenstütze für Fahrer und Beifahrer \nSitzheizung für Fahrer und Beifahrer \nSitzverstellung, elektrisch mit Memory für Fahrers itz\n\nSicherheit/Umwelt\nAlarmanlage \nReifendruck-Kontrolle \n\nSitzbezug\nLeder Merino schwarz\n\nSonstiges\nAblagenpaket \nActive Guard \nActive Protection \nAktiver Fußgängerschutz \nConnected Package Professional \nConnectedDrive Services \nDach und Spiegelkappen schwarz \nFondkopfstützen klappbar \nGalvanikapplikation für Bedienelemente \nInnen- und Außenspiegelpaket \nM Dachhimmel anthrazit \nM Drive Professional \nM Hochglanz Shadow Line \nM Hochglanz Shadow Line mit erweiterten Umfängen \nM Interieurleisten Aluminium Rhombicle Anthrazit \nM Sicherheitsgurte \nM Sportdifferenzial \nÖlwartungsintervall 30000 km / 24 Monate \nParking Assistant \nPersonal eSIM \n\nSport\nAdaptives M Fahrwerk \nM Sportsitze \n\nFinanzierungsbeispiel\n\nMtl. Finanzierungsrate: 1.555,63 EUR\nAnzahlung: 0,00 EUR\nLaufzeit: 36 Monate\nZielrate: 43.802,88 EUR\nNettodarlehensbetrag: 85.888,00 EUR\nSollzinssatz p.a.: 6,30% (gebunden für die gesamte Vertragslaufzeit)\nEffektiver Jahreszins: 6,49%\nGesamtbetrag: 98.249,93 EUR\nEin unverbindliches Finanzierungsbeispiel der BMW Bank GmbH - Lilienthalallee 26 - 80939 München.\n\n\nEhemalige unverbindliche Preisempfehlung 107.609,- Euro brutto.\n\nHINWEIS: Unsere Angebote werden unverzüglich nach Kauf eingestellt, es kann dadurch sein, dass sich das von Ihnen ausgesuchte Fahrzeug noch nicht in unserer Ausstellung befindet bitte informieren Sie sich vor Besuch bei einem unserer Verkaufsberater, ob das gewünschte Fahrzeug bereits eingetroffen und verkaufsfertig ist.\nVielen Dank, Ihr Verkaufsteam!\n\n\n\n* Lieferservice innerhalb Deutschlands gegen geringen Aufpreis möglich! Irrtümer und Zwischenverkauf vorbehalten.",
  "dealerDetails": {
    "id": 8342118,
    "name": "Fett & Wirtz Automobile GmbH & Co. KG",
    "sellerType": "Dealer",
    "phones": [
      "+49 (0)2831 990413216"
    ],
    "languages": [
      "Deutsch",
      "English"
    ],
    "country": "DE",
    "address": "Martinistr. 52b, DE-47608 Geldern",
    "location": {
      "latitude": 51.5210403,
      "longitude": 6.2904506
    },
    "activeSince": "2012-08-20T00:00:00.000Z",
    "homepageUrl": "https://home.mobile.de/home/redirect.html?customerId=8342118",
    "iconUrl": "https://img.classistatic.de/api/v1/mo-prod/images/6e/6e7dc492-3cdd-4745-8b97-1679fcc192fe?rule=mo-640.jpg",
    "reviewPageUrl": "https://www.mobile.de/bewertungen/FETTWIRTZAUTOMOBILEGMBHCOKGGELDERN?lang=en",
    "score": {
      "total": 4.8,
      "responseTime": 4.7,
      "friendliness": 4.8,
      "advice": 4.8
    },
    "activeRatingCount": 53,
    "vehicleAsDescribedPercentage": 97,
    "recommendPercentage": 98,
    "soldVehicleCount": null,
    "reviews": []
  },
  "attributes": {
    "Vehicle condition": "Used vehicle, Accident-free",
    "Category": "Estate car, Employee's Car",
    "Model range": "G81",
    "Trim line": "Touring M xDrive|*Facelift*|H/K",
    "Vehicle Number": "G412320",
    "Availability": "Now",
    "Mileage": "9,300 km",
    "Cubic Capacity": "2,993 ccm",
    "Power": "390 kW (530 hp)",
    "Drive type": "Internal combustion engine",
    "Fuel": "Petrol",
    "Number of Seats": "5",
    "Door Count": "4/5",
    "Transmission": "Automatic",
    "Emission Class": "Euro6",
    "Emissions Sticker": "4 (Green)",
    "First Registration": "12/2024",
    "Construction Year": "2024",
    "Number of Vehicle Owners": "1",
    "HU": "New",
    "Climatisation": "Automatic climatisation, 3 zones",
    "Parking sensors": "Camera, Rear, Front, Self-steering systems",
    "Airbags": "Front and Side and More Airbags",
    "Colour (Manufacturer)": "Isle of Man Grün",
    "Colour": "Green Metallic",
    "Interior Design": "Full leather, Black",
    "Weight": "1,940 kg",
    "Cylinders": "6",
    "Tank capacity": "59 l"
  },
  "features": [
    "ABS",
    "Alarm system",
    "Alloy wheels",
    "Ambient lighting",
    "Android Auto",
    "Apple CarPlay",
    "Arm rest",
    "Autom. dimming interior mirror",
    "Bluetooth",
    "Cargo barrier",
    "Central locking",
    "Cruise control",
    "DAB radio",
    "Digital cockpit",
    "Distance warning system",
    "Dynamic chassis control",
    "Electric seat adjustment",
    "Electric side mirror",
    "Electric tailgate",
    "Electric windows",
    "Eletric seat adjustment with memory function",
    "Emergency brake assist",
    "Emergency call system",
    "ESP",
    "Four-wheel drive",
    "Full Service History",
    "Hands-free kit",
    "Head-up display",
    "Heated seats",
    "Hill-start assist",
    "Immobilizer",
    "Induction charging for smartphones",
    "Integrated music streaming",
    "Isofix",
    "Leather steering wheel",
    "LED headlights",
    "LED running lights",
    "Light sensor",
    "Lumbar support",
    "Multifunction steering wheel",
    "Navigation system",
    "Non-smoker vehicle",
    "On-board computer",
    "Paddle shifters",
    "Particulate filter",
    "Power Steering",
    "Rain sensor",
    "Roof rack",
    "Sound system",
    "Speed limit control system",
    "Sport seats",
    "Sports package",
    "Sports suspension",
    "Start-stop system",
    "Tinted windows",
    "Touchscreen",
    "Traction control",
    "Tuner/radio",
    "Tyre pressure monitoring",
    "USB port",
    "Voice control",
    "Warranty"
  ]
},
{
  "title": "BMW M3 Competition M xDrive Driv.Assist.Prof Kamera",
  "previewImage": "https://img.classistatic.de/api/v1/mo-prod/images/74/744412d7-58e6-4cbe-b984-1ed08f72f9d2?rule=mo-1600.jpg",
  "category": "EstateCar",
  "brand": "BMW",
  "model": "M3",
  "url": "https://suchen.mobile.de/fahrzeuge/details.html?id=430064365",
  "price.total.amount": 86480,
  "priceRating": {
    "rating": "Good price",
    "priceRanges": {
      "Very good price": {
        "start": 62501,
        "end": 81300
      },
      "Good price": {
        "start": 81301,
        "end": 87500
      },
      "Fair price": {
        "start": 87501,
        "end": 97300
      },
      "Increased price": {
        "start": 97301,
        "end": 104500
      },
      "High price": {
        "start": 104501,
        "end": 116100
      }
    }
  },
  "description": "Gerne informiert Sie einer unserer Verkaufsberater, vor Besuch unserer Niederlassung, über die Verfügbarkeit des gewünschten Fahrzeuges. In diesem Zuge vereinbaren Sie gerne auch Ihren persönlichen Beratungstermin.Vielen Dank, ihr Verkaufsteam!\n\nAntrieb, Fahrwerk\nAdaptives M Fahrwerk\nAllrad\nM Sportdifferenzial\n\nEditionen und Pakete\nAblagenpaket\nConnected Package Professional (laufzeitgebundener Dienst)\nConnectedDrive Services (laufzeitgebundener Dienst)\nGepäckraumpaket\nInnovationspaket\n\nExterieur\nDach und Spiegelkappen schwarz\nDachreling\n\nFahrerassistenz\nDriving Assistant Professional\nGesetzlicher Notruf\nParking Assistant Plus\n\nIndividualumfänge\nM Dachreling Hochglanz Shadow Line\nM Hochglanz Shadow Line\nM Hochglanz Shadow Line mit erweiterten Umfängen\n\nKomfort, Innenausstattung\nFondkopfstützen klappbar\nGalvanikapplikation für Bedienelemente\nInnen- und Außenspiegelpaket\nKlimaautomatik\nKomfortzugang\nLordosenstütze für Fahrer und Beifahrer\nM Sicherheitsgurte\nM Sportsitze\nSitzheizung für Fahrer und Beifahrer\nSitzverstellung elektrisch\nSitzverstellung elektrisch mit Memory für Fahrersitz\nSonnenschutzverglasung\n\nMultimedia\nBMW Live Cockpit Professional (laufzeitgebundener Dienst)\nDAB Tuner\nHarman Kardon Surround Sound System\n\nSitzbezug\nLeder Merino Schwarz/Schwarz\n\nSonstiges\n19\"/20\" M Schmiederäder Doppelspeiche 826 M Bicolor Schwarz / MB\nAblage für Wireless Charging\nABS\nActive Guard\nBlow by-Heizer\nBMW Apps\nIndividual\nKlimaanlage oder -automatik\nLeder\nLordose\nM Compound-Bremse, rot hochglänzend\nM Drive Professional\nM Interieurleisten Aluminium Rhombicle Anthrazit\nPersonal eSIM\nSitzheizung\nSportfahrwerk\nUnfallfrei\n\nUmwelt, Sicherheit\nAbgasnorm EU6 RDE II\nActive Protection\nAdaptiver LED-Scheinwerfer\nAktiver Fußgängerschutz\nAlarmanlage mit Fernbedienung\nBeifahrerairbag-Deaktivierung\nFernlichtassistent\nInnenspiegel automatisch abblendend\nReifendruck-Kontrolle\n\nWKR 36115A71A86, ehemal. Neupreis Euro 111.740 (brutto)\n\nBitte haben Sie Verständnis dafür, dass es sich bei den ausgewiesenen Angebotspreisen um Festpreise handelt.Vielen Dank, Ihr Verkaufsteam!Irrtümer und Zwischenverkauf vorbehalten.",
  "dealerDetails": {
    "id": 452744,
    "name": "BMW AG Niederlassung Dreieich",
    "sellerType": "Dealer",
    "phones": [
      "+49 (0)6103 374017843"
    ],
    "languages": [
      "Deutsch",
      "Slovenščina",
      "English",
      "Italiano",
      "Français",
      "Türkçe"
    ],
    "country": "DE",
    "address": "Gustav-Otto-Straße 1, DE-63303 Dreieich-Sprendlingen",
    "location": {
      "latitude": 50.0336698,
      "longitude": 8.7025703
    },
    "activeSince": "2003-05-27T00:00:00.000Z",
    "homepageUrl": "https://home.mobile.de/home/redirect.html?customerId=452744",
    "iconUrl": "https://img.classistatic.de/api/v1/mo-prod/images/01/0194d669-b138-435c-ac6b-bda3563b75fe?rule=mo-640.jpg",
    "reviewPageUrl": "https://www.mobile.de/bewertungen/BMW-GROUP-DREIEICH?lang=en",
    "score": {
      "total": 4.4,
      "responseTime": 4.5,
      "friendliness": 4.5,
      "advice": 4.2
    },
    "activeRatingCount": 116,
    "vehicleAsDescribedPercentage": 87,
    "recommendPercentage": 85,
    "soldVehicleCount": null,
    "reviews": []
  },
  "attributes": {
    "Vehicle condition": "Used vehicle",
    "Category": "Estate car",
    "Model range": "M3 touring",
    "Trim line": "M xDrive Driv.Assist.Prof Kamera",
    "Vehicle Number": "XE591469",
    "Availability": "Now",
    "Mileage": "30,784 km",
    "Cubic Capacity": "2,993 ccm",
    "Power": "390 kW (530 hp)",
    "Drive type": "Internal combustion engine",
    "Fuel": "Petrol, E10-enabled",
    "Number of Seats": "5",
    "Door Count": "4/5",
    "Transmission": "Automatic",
    "Emission Class": "Euro6",
    "Emissions Sticker": "4 (Green)",
    "First Registration": "10/2024",
    "Construction Year": "2024",
    "Number of Vehicle Owners": "1",
    "HU": "10/2027",
    "Climatisation": "Automatic climatisation, 2 zones",
    "Parking sensors": "Self-steering systems, Rear, 360° camera, Front",
    "Airbags": "Front and Side and More Airbags",
    "Colour (Manufacturer)": "Alpinweiß uni",
    "Colour": "White",
    "Interior Design": "Full leather, Black"
  },
  "features": [
    "ABS",
    "Adaptive cornering lights",
    "Adaptive Cruise Control",
    "Alarm system",
    "Alloy wheels",
    "Arm rest",
    "Autom. dimming interior mirror",
    "Blind spot assist",
    "Bluetooth",
    "Central locking",
    "DAB radio",
    "Digital cockpit",
    "Distance warning system",
    "Dynamic chassis control",
    "Electric seat adjustment",
    "Electric side mirror",
    "Electric windows",
    "Eletric seat adjustment with memory function",
    "Emergency brake assist",
    "Emergency call system",
    "ESP",
    "Fatigue warning system",
    "Four-wheel drive",
    "Full Service History",
    "Glare-free high beam headlights",
    "Hands-free kit",
    "Heated seats",
    "High beam assist",
    "Hill-start assist",
    "Immobilizer",
    "Induction charging for smartphones",
    "Isofix",
    "Keyless central locking",
    "Lane change assist",
    "Leather steering wheel",
    "LED headlights",
    "LED running lights",
    "Light sensor",
    "Lumbar support",
    "Multifunction steering wheel",
    "Navigation system",
    "On-board computer",
    "Paddle shifters",
    "Power Steering",
    "Rain sensor",
    "Roof rack",
    "Sound system",
    "Speed limit control system",
    "Sport seats",
    "Sports package",
    "Sports suspension",
    "Start-stop system",
    "Summer tyres",
    "Tinted windows",
    "Touchscreen",
    "Traction control",
    "Traffic sign recognition",
    "Tuner/radio",
    "Tyre pressure monitoring",
    "USB port",
    "Voice control",
    "Warranty"
  ]
},
{
  "title": "BMW M3 Competion M xDrive Touring / NP= 114.870,- /",
  "previewImage": "https://img.classistatic.de/api/v1/mo-prod/images/2e/2e2b6d6c-7d04-4fb7-860e-fa75c8218745?rule=mo-1600.jpg",
  "category": "EstateCar",
  "brand": "BMW",
  "model": "M3",
  "url": "https://suchen.mobile.de/fahrzeuge/details.html?id=432608099",
  "price.total.amount": 86390,
  "priceRating": {
    "rating": "Good price",
    "priceRanges": {
      "Very good price": {
        "start": 63401,
        "end": 82400
      },
      "Good price": {
        "start": 82401,
        "end": 88700
      },
      "Fair price": {
        "start": 88701,
        "end": 98600
      },
      "Increased price": {
        "start": 98601,
        "end": 105900
      },
      "High price": {
        "start": 105901,
        "end": 117700
      }
    }
  },
  "description": "Sonderausstattung\nMetallic-Lackierung\nS03KA Akustikverglasung\nS03MF M Leuchten Shadow Line\nS0417 Sonnenschutzrollo für hintere Türseitenscheiben, mechanisch\nS0418 Gepäckraumpaket\nS0453 Aktive Sitzbelüftung vorn\nS04NW Instrumententafel Luxury\nS05AC Fernlichtassistent\nS05AL Active Protection\nS05AU Driving Assistant Professional\nS05DN Parking Assistant Plus\nS07A2 Innovationspaket\n\nSonderausstattung ab Werk\nM Sportdifferenzial\nReifenreparatur Set\nAdaptives Fahrwerk\nAlarmanlage\nKomfortzugang\nM Dachreling Hochglanz shadow line\nSonnenschutzverglasung\nInnen- und Außenspiegelpaket\nInnenspiegel.automatisch abblendend\nSitzverstellung elektrisch mit Memory\nLordosenstütze für Fahrer und Beifahrer\nAblagenpaket\nSitzheizung für Fahrer und Beifahrer\nM Sicherheitsgurte\nM Interieurleisten Aluminium Rhombicle Antrazit\nGalvanikapplikation für Bedienelemente\nKlimaautomatik mit 2-Zonen-Regelung\nAdaptiver LED-Scheinwerfer\nHarman Kardon Surround Sound System\nWireless Charging Ablage\nBMW Live Cockpit Professional\nM Sportsitze\nM Hochglanz Shadow Line\nM Dachhimmel anthrazit\nBMW Individual Hochglanz Shadow Line mit erweiterten Umfängen\n\n\nGarantie\nBMW Premium Selection\nLeasingangebot\nRate: 1.249,08 Euro/Monat\nSonderzahlung: 0,00 Euro\nLaufzeit: 48 Monate\nLaufleistung: 10.000 km/Jahr\n\nEin unverbindliches Leasingbeispiel der BMW Bank GmbH, Lilienthalallee 26, D-80939 München.\nBarzahlungspreis: 86.390,00 Euro, Gesamtbetrag: 59.955,84 Euro, Nettodarlehensbetrag: 86.390,00 Euro\n\n\nIrrtümer und Zwischenverkauf vorbehalten.\n\n(MOJS 22.08.2025 00.27)",
  "dealerDetails": {
    "id": 456167,
    "name": "Erwin Schmidt GmbH & Co. KG Vertragshändler der BMW Group",
    "sellerType": "Dealer",
    "phones": [
      "+49 (0)2389 900500059"
    ],
    "languages": [
      "Deutsch",
      "Pусский",
      "English",
      "Türkçe"
    ],
    "country": "DE",
    "address": "Fürstenhof 50, DE-59368 Werne",
    "location": {
      "latitude": 51.6689101,
      "longitude": 7.634842600000001
    },
    "activeSince": "2004-02-25T00:00:00.000Z",
    "homepageUrl": "https://home.mobile.de/home/redirect.html?customerId=456167",
    "iconUrl": "https://img.classistatic.de/api/v1/mo-prod/images/99/99389708-1dcb-40bf-acba-2edecc65d4f7?rule=mo-640.jpg",
    "reviewPageUrl": "https://www.mobile.de/bewertungen/BMW-SCHMIDT-WERNE?lang=en",
    "score": {
      "total": 4,
      "responseTime": 4,
      "friendliness": 4.2,
      "advice": 3.8
    },
    "activeRatingCount": 37,
    "vehicleAsDescribedPercentage": 80,
    "recommendPercentage": 76,
    "soldVehicleCount": null,
    "reviews": []
  },
  "attributes": {
    "Vehicle condition": "Used vehicle, Accident-free",
    "Category": "Estate car, Employee's Car",
    "Model range": "G81",
    "Trim line": "M3",
    "Vehicle Number": "19822",
    "Availability": "Now",
    "Origin": "German edition",
    "Mileage": "27,005 km",
    "Cubic Capacity": "2,993 ccm",
    "Power": "390 kW (530 hp)",
    "Drive type": "Internal combustion engine",
    "Fuel": "Petrol, E10-enabled",
    "CO₂ class": "Based on CO₂ emissions (combined)",
    "Fuel consumption": [
      "10.3 l/100km (combined)"
    ],
    "Energy costs for 15,000 km annual mileage": "€2,775/Year",
    "Fuel price": "€1.80/l (annual average 2025)",
    "Vehicle tax": "€476/Year",
    "Number of Seats": "5",
    "Door Count": "4/5",
    "Transmission": "Automatic",
    "Emission Class": "Euro 6e",
    "Emissions Sticker": "4 (Green)",
    "First Registration": "12/2024",
    "Number of Vehicle Owners": "1",
    "HU": "12/2025",
    "Climatisation": "Automatic climatisation, 3 zones",
    "Parking sensors": "Front, 360° camera, Rear, Self-steering systems",
    "Airbags": "Front and Side and More Airbags",
    "Colour (Manufacturer)": "Saphirschwarz Metallic",
    "Colour": "Black Metallic",
    "Interior Design": "Full leather, Black",
    "Weight": "1,940 kg",
    "Cylinders": "6",
    "Tank capacity": "59 l",
    "Energy consumption (comb.)": "10.3 l/100km",
    "CO₂ emissions (comb.)": "234 g/km"
  },
  "features": [
    "ABS",
    "Adaptive cornering lights",
    "Adaptive Cruise Control",
    "Alarm system",
    "Alloy wheels",
    "Ambient lighting",
    "Android Auto",
    "Apple CarPlay",
    "Arm rest",
    "Autom. dimming interior mirror",
    "Blind spot assist",
    "Bluetooth",
    "Cargo barrier",
    "Central locking",
    "DAB radio",
    "Digital cockpit",
    "Distance warning system",
    "Dynamic chassis control",
    "Electric seat adjustment",
    "Electric side mirror",
    "Electric tailgate",
    "Electric windows",
    "Eletric seat adjustment with memory function",
    "Emergency brake assist",
    "Emergency call system",
    "ESP",
    "Fatigue warning system",
    "Folding exterior mirrors",
    "Four-wheel drive",
    "Full Service History",
    "Glare-free high beam headlights",
    "Hands-free kit",
    "Head-up display",
    "Heated seats",
    "High beam assist",
    "Hill-start assist",
    "Immobilizer",
    "Induction charging for smartphones",
    "Integrated music streaming",
    "Isofix",
    "Keyless central locking",
    "Lane change assist",
    "Leather steering wheel",
    "LED headlights",
    "LED running lights",
    "Light sensor",
    "Lumbar support",
    "Multifunction steering wheel",
    "Navigation system",
    "Non-smoker vehicle",
    "On-board computer",
    "Paddle shifters",
    "Particulate filter",
    "Power Steering",
    "Rain sensor",
    "Rear traffic alert",
    "Roof rack",
    "Seat ventilation",
    "Sound system",
    "Speed limit control system",
    "Sport seats",
    "Sports package",
    "Sports suspension",
    "Start-stop system",
    "Tinted windows",
    "Touchscreen",
    "Traction control",
    "Traffic sign recognition",
    "Tuner/radio",
    "Tyre pressure monitoring",
    "USB port",
    "Voice control",
    "Warranty",
    "WLAN / Wi-Fi hotspot"
  ]
},
{
  "title": "BMW M3 Competition xDrive Touring*H&K*Memory*DAB*LED",
  "previewImage": "https://img.classistatic.de/api/v1/mo-prod/images/e2/e2e97342-0c62-4a03-8625-fe7337c7b84a?rule=mo-1600.jpg",
  "category": "EstateCar",
  "brand": "BMW",
  "model": "M3",
  "url": "https://suchen.mobile.de/fahrzeuge/details.html?id=430815044",
  "price.total.amount": 86990,
  "priceRating": {
    "rating": "Good price",
    "priceRanges": {
      "Very good price": {
        "start": 64001,
        "end": 83200
      },
      "Good price": {
        "start": 83201,
        "end": 89600
      },
      "Fair price": {
        "start": 89601,
        "end": 99600
      },
      "Increased price": {
        "start": 99601,
        "end": 106900
      },
      "High price": {
        "start": 106901,
        "end": 118800
      }
    }
  },
  "description": "Sonstiges\nAblage für Wireless Charging\nActive Guard\nBlow by-Heizer\nBMW Apps\nDekodierung Zusatzfunktionen\nInstrumententafel Luxury\nKaeltemittel\nM Interieurleisten Aluminium Rhombicle Anthrazit\nMWSt ausweisbar\nPersonal eSIM\nProbefahrt\nSteuerung EfficientDynamics\nSteuerung Karosserie\n\nAntrieb, Fahrwerk\nAdaptives M Fahrwerk\nAllrad\nM Drive Professional\nM Sportdifferenzial\nSportfahrwerk\n\nEditionen und Pakete\nAblagenpaket\nConnected Package Professional (laufzeitgebundener Dienst)\nConnectedDrive Services (laufzeitgebundener Dienst)\nGepäckraumpaket\nInnovationspaket\n\nExterieur\nDach und Spiegelkappen schwarz\nDachreling\n\nFahrerassistenz\nDriving Assistant Professional\nGesetzlicher Notruf\nParking Assistant Plus\nTeleservices\n\nIndividualumfänge\nIndividual\nM Dachreling Hochglanz Shadow Line\nM Hochglanz Shadow Line\nM Hochglanz Shadow Line mit erweiterten Umfängen\nM Leuchten Shadow Line\n\nKomfort, Innenausstattung\nAktive Sitzbelüftung vorn\nAkustikverglasung\nFondkopfstützen klappbar\nGalvanikapplikation für Bedienelemente\nInnen- und Außenspiegelpaket\nKlimaautomatik\nKomfortzugang\nLeder\nLordose\nLordosenstütze für Fahrer und Beifahrer\nM Sicherheitsgurte\nM Sportsitze\nSitzheizung für Fahrer und Beifahrer\nSitzverstellung elektrisch mit Memory für Fahrersitz\nSonnenschutzrollo für hintere Türseitenscheiben\nSonnenschutzverglasung\n\nMultimedia\nBMW Live Cockpit Professional (laufzeitgebundener Dienst)\nDAB Tuner\nHarman Kardon Surround Sound System\n\nRäder\nRadschraubensicherung\nReifenreparatur Set\nWinterräder statt Sommerräder (nur für Autovermieter)\n\nSitzbezug\nLeder Merino Schwarz/Schwarz\n\nUmwelt, Sicherheit\nAbgasnorm EU6 RDE II\nABS\nActive Protection\nAdaptiver LED-Scheinwerfer\nAktiver Fußgängerschutz\nAlarmanlage mit Fernbedienung\nBeifahrerairbag-Deaktivierung\nFernlichtassistent\nInnenspiegel automatisch abblendend\nReifendruck-Kontrolle\n\nFahrzeugkauf leicht gemacht: Überführung innerhalb Deutschland\n\nÜberführung bis 200km Entfernung für nur 299,- € zzgl. MwSt.\nÜberführung ab 200km – 400 km Entfernung für nur 399,- € zzgl. MwSt.\nÜberführung ab 400 km – 600 km Entfernung für nur 549,- € zzgl. MwSt.\nÜberführung ab 600 km Entfernung: Preis auf Anfrage\n\nVideoberatung online über WHATSAPP UNTER 015114609401 \n\nVorbesitz: Autovermieter.\n\nWir bieten Ihnen folgenden Service:\nInzahlungnahme\nFinanzierung oder Leasing\nDeutschlandweiter Transport\nÜberführungskennzeichen\nZollabwicklung inkl. Zollzulassung\nKurzzeitkennzeichen\nBilder im XXL Format auf Anfrage\n\n\nDiese Aufzählung dient nur der besseren Identifizierung des Fahrzeugs und ist keine verbindliche Festlegung, Zusicherung oder Beschreibung des Ausstattungsumfanges, sie wird nicht Bestandteil des Kaufvertrages. Prüfen Sie daher bitte den genauen Ausstattungsumfang vor Ort oder fragen Sie unser Verkaufspersonal. Ausschlaggebend für die exakten Ausstattungsdetails sind nur etwaige schriftliche Vereinbarungen im Kaufvertrag. Irrtümer und Zwischenverkauf vorbehalten.",
  "dealerDetails": {
    "id": 469778,
    "name": "Autohaus Michael Schmidt GmbH, BMW Vertragshändler",
    "sellerType": "Dealer",
    "phones": [
      "+49 (0)8171 908966804"
    ],
    "messengers": {
      "WHATS_APP": "+49 (0)1511 4609401"
    },
    "languages": [
      "Deutsch",
      "Pусский",
      "English",
      "Italiano",
      "Français",
      "Română",
      "Türkçe"
    ],
    "country": "DE",
    "address": "Leitenstraße 18, DE-82538 Geretsried - Gelting",
    "location": {
      "latitude": 47.891208,
      "longitude": 11.433338
    },
    "activeSince": "2007-09-03T00:00:00.000Z",
    "homepageUrl": "https://home.mobile.de/home/redirect.html?customerId=469778",
    "iconUrl": null,
    "reviewPageUrl": "https://www.mobile.de/bewertungen/AUTOHAUSMICHAELSCHMIDT?lang=en",
    "score": {
      "total": 4.3,
      "responseTime": 4.3,
      "friendliness": 4.5,
      "advice": 4.2
    },
    "activeRatingCount": 78,
    "vehicleAsDescribedPercentage": 92,
    "recommendPercentage": 82,
    "soldVehicleCount": null,
    "reviews": []
  },
  "attributes": {
    "Vehicle condition": "Used vehicle",
    "Category": "Estate car, Employee's Car",
    "Model range": "M3 touring",
    "Trim line": "xDrive Touring*H&K*Memory*DAB*LED*Driv.Asist.Prof.*Hea…",
    "Vehicle Number": "B3158525500992",
    "Availability": "Now",
    "Origin": "German edition",
    "Mileage": "28,121 km",
    "Cubic Capacity": "2,993 ccm",
    "Power": "390 kW (530 hp)",
    "Drive type": "Internal combustion engine",
    "Fuel": "Petrol",
    "CO₂ class": "Based on CO₂ emissions (combined)",
    "Fuel consumption": [
      "10.4 l/100km (combined)",
      "15.8 l/100km (city)",
      "10.3 l/100km (suburban)",
      "8.8 l/100km (country road)",
      "9.8 l/100km (motorway)"
    ],
    "Energy costs for 15,000 km annual mileage": "€0/Year",
    "Fuel price": "€1.80/l (annual average 2024)",
    "Possible CO₂ costs over the next 10 years (15,000 km/year)": [
      "€0 (assuming an average CO₂ price of €127/t)",
      "€0 (assuming a low average CO₂ price of €60/t)",
      "€0 (assuming a high average CO₂ price of €200/t)"
    ],
    "Number of Seats": "5",
    "Door Count": "4/5",
    "Transmission": "Manual gearbox",
    "Emission Class": "Euro6",
    "First Registration": "12/2024",
    "Number of Vehicle Owners": "1",
    "HU": "12/2025",
    "Climatisation": "Automatic air conditioning",
    "Parking sensors": "Rear, Front, Camera, Self-steering systems",
    "Airbags": "Front and Side Airbags",
    "Colour (Manufacturer)": "saphirschwarz",
    "Colour": "Black Metallic",
    "Interior Design": "Full leather, Black",
    "Cylinders": "6",
    "Energy consumption (comb.)": "10.4 l/100km",
    "CO₂ emissions (comb.)": "235 g/km"
  },
  "features": [
    "ABS",
    "Adaptive Cruise Control",
    "Adaptive lighting",
    "Alarm system",
    "Alloy wheels",
    "Ambient lighting",
    "Apple CarPlay",
    "Arm rest",
    "Autom. dimming interior mirror",
    "Blind spot assist",
    "Bluetooth",
    "Cargo barrier",
    "CD player",
    "Central locking",
    "DAB radio",
    "Digital cockpit",
    "Distance warning system",
    "Electric seat adjustment",
    "Electric side mirror",
    "Electric tailgate",
    "Electric windows",
    "Eletric seat adjustment with memory function",
    "Emergency call system",
    "ESP",
    "Fatigue warning system",
    "Four-wheel drive",
    "Full Service History",
    "Glare-free high beam headlights",
    "Hands-free kit",
    "Head-up display",
    "Heated seats",
    "High beam assist",
    "Immobilizer",
    "Induction charging for smartphones",
    "Integrated music streaming",
    "Isofix",
    "Keyless central locking",
    "Lane change assist",
    "Leather steering wheel",
    "LED headlights",
    "LED running lights",
    "Light sensor",
    "Lumbar support",
    "Multifunction steering wheel",
    "Navigation preparation",
    "Navigation system",
    "Non-smoker vehicle",
    "On-board computer",
    "Paddle shifters",
    "Power Steering",
    "Rain sensor",
    "Roof rack",
    "Seat ventilation",
    "Sound system",
    "Sport seats",
    "Sports package",
    "Sports suspension",
    "Start-stop system",
    "Tinted windows",
    "Touchscreen",
    "Traction control",
    "Traffic sign recognition",
    "Tuner/radio",
    "Tyre pressure monitoring",
    "USB port",
    "Voice control",
    "Warranty",
    "Winter tyres"
  ]
},
{
  "title": "BMW M3 Harman Kardon*Memory*Driving A Prof*360 Kamer",
  "previewImage": "https://img.classistatic.de/api/v1/mo-prod/images/41/41b4da7d-2f43-4056-8083-4d2f093ece05?rule=mo-1600.jpg",
  "category": "EstateCar",
  "brand": "BMW",
  "model": "M3",
  "url": "https://suchen.mobile.de/fahrzeuge/details.html?id=429673440",
  "price.total.amount": 87490,
  "priceRating": {
    "rating": "Good price",
    "priceRanges": {
      "Very good price": {
        "start": 66301,
        "end": 86200
      },
      "Good price": {
        "start": 86201,
        "end": 92800
      },
      "Fair price": {
        "start": 92801,
        "end": 103200
      },
      "Increased price": {
        "start": 103201,
        "end": 110800
      },
      "High price": {
        "start": 110801,
        "end": 123100
      }
    }
  },
  "description": "Getriebe: Automatik\nTechnik: Allrad, Bordcomputer, Sperrdifferential, Adaptives Daempfungssystem, Start-Stop-Automatik, Volldigitales Kombiinstrument\nAssistenten: Totwinkel-Assistent, Müdigkeitserkennung, Verkehrszeichenerkennung, Park-Lenk-Assistent, Regensensor, Fernlichtassistent, Lichtsensor, Notbremsassistent, Berganfahrassistent, Spurhalteassistent, Spurwechselassistent, Abstandsregeltempomat, Ausparkassistent, Abstands-/Kollisionswarner\nKomfort: Klimaautomatik, Servolenkung, Zentralverriegelung, Elektrischer Fensterheber, Lederausstattung, Sitzheizung, Elektrische Aussenspiegel, Teilbare Ruecksitzlehne, Tempomat, Multifunktionslenkrad, Keyless Go Startfunktion, Elektrische Sitze, Innenspiegel autom. abblendbar, Mittelarmlehne, Innenraumfilter, Lenksaeule einstellbar, Sportsitze, ParkDistanceControl vorne und hinten, Elektrische Heckklappe, Keyless Entry, Memory Sitze, Ambientebeleuchtung, Lordosenstütze, Lederlenkrad, Geschwindigkeitsbegrenzungsanlage, Klimaautomatik-2-Zonen, Klimaautomatik-3-Zonen, Funkfernbedienung\nSicht: LED-Hauptscheinwerfer, adaptives Kurvenlicht, LED-Tagfahrlicht, 360 Grad Kamera, HEAD-UP-Display, LED-Rueckleuchten, Scheinwerferregulierung, Colorverglasung, Privacyverglasung\nSicherheit: ABS, Airbag, Beifahrer-Airbag, Wegfahrsperre, Seitenairbags, Alarmanlage, ESP, Antriebsschlupfregelung, Reifendruckkontrolle, Traktionskontrolle, Kopfairbag, Knieairbag, Kindersitzbefestigung, Anhängerstabilisierung, Notrufsystem, Pannenkit\nEntertainment: Navigationssystem, Soundsystem, Radio, Telefonvorbereitung, USB-Anschluss, MP3, Harman-Kardon, Bluetooth, Freisprecheinrichtung, Apple CarPlay, Android Auto, Sprachsteuerung, DAB, WLAN, Touchscreen, Induktionsladen für Smartphones, Musikstreaming, Navigationsvorbereitung\nUmwelt: Grüne Umweltplakette\nQualität: Garantie, Scheckheftgepflegt, HUAU neu, Nichtraucherfahrzeug\nSonstiges: Katalysator, Metallic, Sportausstattung, Alufelgen, Dachreling, Gepaeckraumabdeckung, Sportpaket, Sportfahrwerk, Lenkradheizung, Fahrerprofilauswahl, Sommerreifen, Gepäckraumabtrennung\nWeiteres: Leder Merino Kyalami Orange/Schwarz, Abgasnorm EU6 RDE II, M Drive Professional, EU spezifische Umfänge, Lenkradheizung, Reifendruck-Kontrolle, Reifenreparatur Set, Alarmanlage, KOMFORTZUGANG, M Compound-Bremse, rot hochglänzend, M Leuchten Shadow Line, SONNENSCHUTZVERGLASUNG, M Interieurleisten Carbon Fibre, Galvanikapplikation für, Adaptiver LED-Scheinwerfer, FERNLICHTASSISTENT, Active Protection, DRIVING ASSISTANT PROFESSIONAL, Fondkopfstützen klappbar, PARKING ASSISTANT PLUS, DAB-Tuner, Harman Kardon Surround Sound System, gesetzlicher Notruf, Connecteddrive Services, Ablage für Wireless Charging, Personal eSIM, BMW Live Cockpit Professional, Innovationspaket, M Drivers Package, Deutschland-Ausführung, Ölwartungsintervall 30000 km / 24, COC Zusatzumfänge, Steuerung FAS 18, Steuerung D, 19/20 M Schmiederäder, M Sportdifferenzial, Adaptives M Fahrwerk, M Dachreling Hochglanz Shadow Line, oxfordgrün II metallic, Innenspiegel automatisch Abblendend, Sitzverstellung, elektrisch mit, Lordosenstütze für Fahrer und, KLIMAAUTOMATIK, M Sportsitze, M Hochglanz Shadow Line, M Dachhimmel anthrazit, M Hochglanz Shadow Line mit, KAELTEMITTEL, Aktiver Fußgängerschutz, Reifendruck-Kontrollsystem, Scheibenwischer mit Regensensor, Scheinwerfer LED, Knieairbag Fahrerseite, Heckleuchten LED, Ambiente-Beleuchtung, Leuchtweitenregelung, Multifunktion für Lenkrad, Lenksäule (Lenkrad) mechan. verstellbar, Reifen-Reparaturset (Mobility-Pack), Anhänger-Stabilisierungs-Programm (ASL), Sonnenschutzverglasung (hinten abgedunkelt), Klimaautomatik 3-Zonen mit autom. Umluft-Control, M Drive Professional (Fahrprofilauswahl), Schadstoffarm nach Abgasnorm Euro 6e, Aktives M Differential, Control-Display mit Farbmonitor (14,9 Zoll), Adaptives Fahrwerk M-Technic, LM-Felgen, Radioempfang digital (DAB+), Motor 3,0 Ltr. - 390 kW 24V, Personalisierungssystem (BMW ID), Einstiegsleisten mit Einleger in Aluminium mit Schriftzug M, Head-up-Display Full Color, Antriebsart: Allradantrieb, Spiegel-Paket, Motor 3,0 Ltr. - 390 kW 24V TwinPower Turbo (S58), Rückfahrkamera, Geschwindigkeits-Regelanlage, Aktiv mit Stop&Go-Funktion, Komfortzugang (Öffnungs- und Schließsystem), Sitzbezug / Polsterung: Leder Merino Kyalami Orange / Schwarz, Parkassistent-Paket Plus\nInt.KnNr: 072168\nÄnderungen, Zwischenverkauf und Irrtümer vorbehalten. \nTrotz größter Mühe und Sorgfalt sind Fehler in dieser Fahrzeugbeschreibung nicht ausgeschlossen. Die Fahrzeugbeschreibung ist unverbindlich und stellt keinen Vertragsbestandteil im rechtlichen Sinne dar sondern dient nur der allgemeinen Identifizierung des Fahrzeugs. Ausschlaggebend sind einzig und allein die Vereinbarungen im Kaufvertrag / Auftragsbestätigung. Den genauen Ausstattungsumfang sowie alle weiteren Spezifikationen des Fahrzeugs erhalten Sie von unserem Verkaufspersonal.\n\nquality by dotzilla",
  "dealerDetails": {
    "id": 454448,
    "name": "BMW Autohaus Sperber GmbH & Co. KG",
    "sellerType": "Dealer",
    "phones": [
      "+49 (0)951 96433385",
      "+49 (0)951 96430330"
    ],
    "languages": [
      "Deutsch",
      "English",
      "Français"
    ],
    "country": "DE",
    "address": "Ohmstrasse 10a, DE-96050 Bamberg",
    "location": {
      "latitude": 49.8972862,
      "longitude": 10.919498
    },
    "activeSince": "2002-07-22T00:00:00.000Z",
    "homepageUrl": "https://home.mobile.de/home/redirect.html?customerId=454448",
    "iconUrl": null,
    "reviewPageUrl": "https://www.mobile.de/bewertungen/AH-SPERBER?lang=en",
    "score": {
      "total": 4.4,
      "responseTime": 4.4,
      "friendliness": 4.6,
      "advice": 4.3
    },
    "activeRatingCount": 148,
    "vehicleAsDescribedPercentage": 91,
    "recommendPercentage": 82,
    "soldVehicleCount": null,
    "reviews": []
  },
  "attributes": {
    "Vehicle condition": "Used vehicle, Accident-free",
    "Category": "Estate car",
    "Trim line": "m3",
    "Vehicle Number": "072168",
    "Availability": "Now",
    "Mileage": "20,539 km",
    "Cubic Capacity": "2,993 ccm",
    "Power": "390 kW (530 hp)",
    "Drive type": "Internal combustion engine",
    "Fuel": "Petrol",
    "CO₂ class": "Based on CO₂ emissions (combined)",
    "Fuel consumption": [
      "10.4 l/100km (combined)",
      "15.8 l/100km (city)",
      "10.3 l/100km (suburban)",
      "8.8 l/100km (country road)",
      "9.8 l/100km (motorway)"
    ],
    "Energy costs for 15,000 km annual mileage": "€2,802/Year",
    "Fuel price": "€1.80/l (annual average 2024)",
    "Possible CO₂ costs over the next 10 years (15,000 km/year)": [
      "€4,477 (assuming an average CO₂ price of €127/t)",
      "€2,115 (assuming a low average CO₂ price of €60/t)",
      "€7,050 (assuming a high average CO₂ price of €200/t)"
    ],
    "Vehicle tax": "€480/Year",
    "Number of Seats": "5",
    "Door Count": "4/5",
    "Transmission": "Automatic",
    "Emissions Sticker": "4 (Green)",
    "First Registration": "12/2024",
    "Construction Year": "2024",
    "Number of Vehicle Owners": "1",
    "HU": "New",
    "Climatisation": "Automatic climatisation, 3 zones",
    "Parking sensors": "Self-steering systems, Rear, 360° camera, Front",
    "Airbags": "Front and Side and More Airbags",
    "Colour (Manufacturer)": "ISLE OF MAN GRUEN",
    "Colour": "Green Metallic",
    "Interior Design": "Full leather, Brown",
    "Cylinders": "6",
    "Energy consumption (comb.)": "10.4 l/100km",
    "CO₂ emissions (comb.)": "235 g/km"
  },
  "features": [
    "ABS",
    "Adaptive cornering lights",
    "Adaptive Cruise Control",
    "Alarm system",
    "Alloy wheels",
    "Ambient lighting",
    "Android Auto",
    "Apple CarPlay",
    "Arm rest",
    "Autom. dimming interior mirror",
    "Blind spot assist",
    "Bluetooth",
    "Cargo barrier",
    "Central locking",
    "DAB radio",
    "Digital cockpit",
    "Distance warning system",
    "Dynamic chassis control",
    "Electric seat adjustment",
    "Electric side mirror",
    "Electric tailgate",
    "Electric windows",
    "Eletric seat adjustment with memory function",
    "Emergency brake assist",
    "Emergency call system",
    "Emergency tyre repair kit",
    "ESP",
    "Fatigue warning system",
    "Folding exterior mirrors",
    "Four-wheel drive",
    "Full Service History",
    "Hands-free kit",
    "Head-up display",
    "Heated seats",
    "Heated steering wheel",
    "High beam assist",
    "Hill-start assist",
    "Immobilizer",
    "Induction charging for smartphones",
    "Integrated music streaming",
    "Isofix",
    "Keyless central locking",
    "Lane change assist",
    "Leather steering wheel",
    "LED headlights",
    "LED running lights",
    "Light sensor",
    "Lumbar support",
    "Multifunction steering wheel",
    "Navigation preparation",
    "Navigation system",
    "Non-smoker vehicle",
    "On-board computer",
    "Power Steering",
    "Rain sensor",
    "Rear traffic alert",
    "Roof rack",
    "Sound system",
    "Speed limit control system",
    "Sport seats",
    "Sports package",
    "Sports suspension",
    "Start-stop system",
    "Summer tyres",
    "Tinted windows",
    "Touchscreen",
    "Traction control",
    "Traffic sign recognition",
    "Tuner/radio",
    "Tyre pressure monitoring",
    "USB port",
    "Voice control",
    "Warranty",
    "WLAN / Wi-Fi hotspot"
  ]
},
{
  "title": "BMW M3 Competion M X D. Touring M3 Competion/Carbon",
  "previewImage": "https://img.classistatic.de/api/v1/mo-prod/images/ad/ad13b70a-ab6b-466f-8046-5690667f1c4c?rule=mo-1600.jpg",
  "category": "EstateCar",
  "brand": "BMW",
  "model": "M3",
  "url": "https://suchen.mobile.de/fahrzeuge/details.html?id=421580679",
  "price.total.amount": 86900,
  "priceRating": {
    "rating": "Fair price",
    "priceRanges": {
      "Very good price": {
        "start": 61401,
        "end": 79800
      },
      "Good price": {
        "start": 79801,
        "end": 85900
      },
      "Fair price": {
        "start": 85901,
        "end": 95600
      },
      "Increased price": {
        "start": 95601,
        "end": 102600
      },
      "High price": {
        "start": 102601,
        "end": 114000
      }
    }
  },
  "description": "Top Fahrzeug ...das Fahrzeug steht seit Ende November in der Garage und wurde den ganzen Winter nicht bewegt. Wurde alles dokumentiert mit der App von BMW. Habe auch für das Fahrzeug keine Winterräder.... \nDas Fahrzeug hat auch das BMW M Driver\"s Package kostet Aufpreis 2500.-\nAlso keine Begrenzung bei 250 Kmh\n\nAusstattung:\nAbgedunkelte Scheiben\nAmbiente-Beleuchtung\nArmlehne\nBeheizbares Lenkrad\nElektr. Fensterheber\nElektr. Heckklappe\nElektr. Seitenspiegel\nElektr. Seitenspiegel anklappbar\nElektr. Sitzeinstellung\nElektr. Sitzeinstellung mit Memory-Funktion\nInnenspiegel autom. abblendend\nLederlenkrad\nLordosenstütze\nSchlüssellose Zentralverriegelung\nSitzheizung\nZentralverriegelung\nBerganfahrassistent\nBordcomputer\nHead-Up Display\nMultifunktionslenkrad\nSchaltwippen\nServolenkung\nVolldigitales Kombiinstrument\nBluetooth\nApple CarPlay\nFreisprecheinrichtung\nInduktionsladen für Smartphones\nMusikstreaming integriert\nNavigationssystem\nNavigationsvorbereitung\nSoundsystem\nSprachsteuerung\nTouchscreen\nTV\nUSB\nWLAN / Wifi Hotspot\nSommerreifen\nLeichtmetallfelgen\nDachreling\n\nTuner/Radio:\nRadio DAB\n\nGeschwindigkeitsregulierung:\nAbstandstempomat\n\nKlimatisierung:\nKlimaautomatik\n\nSicherheit:\nAlarmanlage\nABS\nAbstandswarner\nAdaptives Fahrwerk\nBlendfreies Fernlicht\nElektr. Wegfahrsperre\nESP\nFernlichtassistent\nGepäckraumabtrennung\nGeschwindigkeitsbegrenzer\nIsofix\nIsofix Beifahrersitz\nLichtsensor\nMüdigkeitswarner\nNotbremsassistent\nNotrufsystem\nRegensensor\nReifendruckkontrolle\nSpurhalteassistent\nStart/Stopp-Automatik\nTotwinkel-Assistent\nTraktionskontrolle\nVerkehrszeichenerkennung\n\nAirbags:\nFront-, Seiten- und weitere Airbags\n\nTagfahrlicht (Art):\nLED-Tagfahrlicht\n\nHauptscheinwerfer:\nLED-Scheinwerfer\n\nKurvenlicht (Art):\nAdaptives Kurvenlicht\n\nPannenhilfe:\nPannenkit\n\nEinparkhilfe:\nAusparkassistent\n360°-Kamera\nHinten\nVorne\n\nSport:\nSportfahrwerk\nSportpaket pro\nSportsitze\n\nInnenausstattung:\nVollleder\n\nFarbe der Innenausstattung:\nSchwarz Leder",
  "dealerDetails": {
    "id": 28166196,
    "sellerType": "Private Seller",
    "phones": [
      "+49 (0)171 7575505"
    ],
    "country": "DE",
    "address": "DE-91550 Dinkelsbühl",
    "location": {
      "latitude": 49.0765217,
      "longitude": 10.3166484
    },
    "iconUrl": null,
    "reviewPageUrl": null,
    "score": null,
    "activeRatingCount": null,
    "vehicleAsDescribedPercentage": null,
    "recommendPercentage": null,
    "soldVehicleCount": null,
    "reviews": []
  },
  "attributes": {
    "Vehicle condition": "Used vehicle, Accident-free",
    "Category": "Estate car",
    "Mileage": "6,900 km",
    "Cubic Capacity": "2,993 ccm",
    "Power": "375 kW (510 hp)",
    "Drive type": "Internal combustion engine",
    "Fuel": "Petrol",
    "Number of Seats": "5",
    "Door Count": "4/5",
    "Transmission": "Automatic",
    "Emissions Sticker": "4 (Green)",
    "First Registration": "01/2024",
    "Number of Vehicle Owners": "1",
    "Climatisation": "Automatic climatisation, 3 zones",
    "Parking sensors": "Rear, 360° camera, Front",
    "Colour": "White",
    "Interior Design": "Full leather, Black"
  },
  "features": [
    "ABS",
    "Adaptive cornering lights",
    "Alloy wheels",
    "Android Auto",
    "Apple CarPlay",
    "Arm rest",
    "Autom. dimming interior mirror",
    "Blind spot assist",
    "Bluetooth",
    "Cargo barrier",
    "Central locking",
    "DAB radio",
    "Daytime running lights",
    "Digital cockpit",
    "Distance warning system",
    "Electric seat adjustment",
    "Electric side mirror",
    "Electric tailgate",
    "Electric windows",
    "Emergency brake assist",
    "Emergency call system",
    "ESP",
    "Fatigue warning system",
    "Fog lamp",
    "Four-wheel drive",
    "Full Service History",
    "Glare-free high beam headlights",
    "Hands-free kit",
    "Head-up display",
    "Heated seats",
    "High beam assist",
    "Hill-start assist",
    "Induction charging for smartphones",
    "Isofix",
    "Keyless central locking",
    "Lane change assist",
    "Leather steering wheel",
    "Light sensor",
    "Lumbar support",
    "Multifunction steering wheel",
    "Navigation system",
    "Non-smoker vehicle",
    "On-board computer",
    "Paddle shifters",
    "Particulate filter",
    "Power Steering",
    "Rain sensor",
    "Roof rack",
    "Sound system",
    "Speed limit control system",
    "Sport seats",
    "Sports package",
    "Sports suspension",
    "Start-stop system",
    "Summer tyres",
    "Touchscreen",
    "Traction control",
    "Traffic sign recognition",
    "Tyre pressure monitoring",
    "USB port",
    "Voice control",
    "Warranty"
  ]
},
{
  "title": "BMW M3Tour xdrive/Schalensitze/Laser/V-max/DrivPark+",
  "previewImage": "https://img.classistatic.de/api/v1/mo-prod/images/46/467576e0-037a-432b-afff-4fdd326a19c4?rule=mo-1600.jpg",
  "category": "EstateCar",
  "brand": "BMW",
  "model": "M3",
  "url": "https://suchen.mobile.de/fahrzeuge/details.html?id=431780491",
  "price.total.amount": 86900,
  "priceRating": {
    "rating": "Fair price",
    "priceRanges": {
      "Very good price": {
        "start": 60501,
        "end": 78600
      },
      "Good price": {
        "start": 78601,
        "end": 84700
      },
      "Fair price": {
        "start": 84701,
        "end": 94200
      },
      "Increased price": {
        "start": 94201,
        "end": 101100
      },
      "High price": {
        "start": 101101,
        "end": 112300
      }
    }
  },
  "description": "Bei Interesse an diesem Fahrzeug bitten wir um telefonische Kontaktaufnahme.\n\n*Bitte keine E-Mail Anfragen *Ein Anruf klärt mehr als viele E-Mails\n\n\nZur Kenntnisnahme *\nWir erstellen keine Finanzierungs-Angebote mehr ohne vorherige telefonische Kontaktaufnahme zur Klärung aller Details.\n\n\n\nBMW M3 Competition Touring xdrive in Individual Sonderlack Tansanitblau 2 metallic mit Leder schwarz und Carbon-Schalensitzen + M Driver Package ( V-max Aufhebung )\n\n1. Hand BMW AG, Dienstwagen eines BMW Angestellten, unfallfrei und in top gepflegtem Zustand ohne Beschädigungen.\n\nBMW Neuwagen-Garantie bis 04/2027, verlängerbar bei BMW bis 04/2029\n\nUnverb. NP d. Herst. bei Erstzulassung 122100,- Euro\n\n\n07ME M Driver's Package ( V-max. Aufhebung)\n048C M Carbon Schalensitze elektrisch mit Memory\n04MC Interieurleisten Carbon Fibre\n01MB M DRIVE PROFESSIONAL\n05AZ BMW Laserlicht mit Kurvenlicht\n02VF Adaptives M Fahrwerk\n01U0 19/20 Zoll BMW LM Rad 826M schwarz\n0654 DAB-Tuner (DAB+ fähig)\n0688 Harman/Kardon Surround Sound System\n05AU Driving Assistant Professional (Aktive Geschwindigkeitsregelung mit Stop&Go-Funktion, automatischer Speed Limit Assistent,\nKreuzungswarnung mit City-Bremsfunktion, Lenk- und Spurführungsassistent, Spurhalteassistent mit\naktivem Seitenkollisionsschutz, Ausweichhilfe, Falschfahrwarnung,\nLokale Gefahrenwarnung.\n05DN Parkassistenzsystem Plus ( Rückfahrkamera mit 360° Surround View System inkl.Top View, Active Park Distance Control, seitliche Einparkhilfe für das Einparken am Straßenrand, automatischer Park - & Rückfahrassistent, selbstlenkendes Einparksystem,\n02PA Radschraubensicherung\n02T4 M Sportdifferenzial\n02VB Reifendruckanzeige\n0302 Alarmanlage mit FB\n0322 Komfortzugang ( Keyless )\n0383 Dach und Spiegelkappen schwarz\n03MC Individual Dachreling Hochgl Shadow Line\n0418 Gepäckraumpaket\n0420 Abgedunkelte Verglasung Heckbereich ( Sonnenschutzverglasung )\n0428 Warndreieck und Verbandstasche\n0430 Innen-/Aussensp. mit Abblendautomatik\n0431 Innenspiegel automatisch abblendend\n0459 Sitzverstellung elektrisch mit Memory\n0493 Ablagenpaket\n0494 Sitzheizung Fahrer/Beifahrer\n04GQ M Sicherheitsgurte\n04NE Blow-by-Heizer\n04U0 Galvanikapplikation Bedienelemente\n0534 Klimaautomatik\n05AC Fernlichtassistent\n05AL Active Protection\n05AV Active Guard\n05DA Deaktivierung Airbag Beifahrer\n05DC Kopfstützen im Fond klappbar\n06AE Teleservices\n06AF Gesetzlicher Notruf\n06AK Connected Drive Services\n06C4 Connected Package Professional\n06NX Storage tray wireless charging\n06U3 BMW Live Cockpit Professional\n06VB Steuerung Infotainment\n0760 Hochglanz Shadow-Line\n0775 Dachhimmel anthrazit\n07M9 Individual Hochglanz Shadow-Line\n0851 Sprachversion deutsch\n0879 Bordliteratur deutsch\n08KA Ölwartungsintervall 24 Monate/30.000 km\n08TF Aktiver Fussgängerschutz\n01DF Abgasnorm EU6 rde II\n08WD Steuerung Fahrerassistenzsysteme\nL070 L070 Batteriegröße 70AH\n\n*Für weitere Informationen zum Fahrzeug bitten wir um telefonische\nKontaktaufnahme. *Ein Anruf klärt mehr als viele E-Mails\n\n\n\nZur Kenntnisnahme *\nWir erstellen keine Finanzierungs-Angebote mehr ohne vorherige telefonische Kontaktaufnahme zur Klärung aller Details.\n\n\nBitte beachten Sie, dass Fahrzeugbesichtigungen grundsätzlich nur nach vorheriger Terminvereinbarung möglich sind.\n\nFahrzeugbeschreibungen dienen lediglich der allgemeinen Identifizierung des Fahrzeuges und stellen keine Gewährleistung im kaufrechtlichen Sinne dar.\n\nDie gemachten Angaben und Beschreibungen sowie Bilder sind unverbindlich und dienen nicht als zugesicherte Eigenschaften.\nDer Verkäufer übernimmt keine Haftung / Gewährleistung für Schreib- oder Datenübermittlungsfehler. Ausstattungen sind ggf. gesondert zu prüfen. Änderungen und Zwischenverkauf vorbehalten.",
  "dealerDetails": {
    "id": 470056,
    "name": "Autohaus Trost",
    "sellerType": "Dealer",
    "phones": [
      "+49 (0)7022 279595542"
    ],
    "languages": [
      "Deutsch",
      "English"
    ],
    "country": "DE",
    "address": "Hauptstrasse 65, DE-72636 Frickenhausen ( bei Esslingen )",
    "location": {
      "latitude": 48.5889605,
      "longitude": 9.3633825
    },
    "activeSince": "2000-06-23T00:00:00.000Z",
    "homepageUrl": "https://home.mobile.de/home/redirect.html?customerId=470056",
    "iconUrl": null,
    "reviewPageUrl": "https://www.mobile.de/bewertungen/AUTOHAUS-TROST?lang=en",
    "score": {
      "total": 5,
      "responseTime": 5,
      "friendliness": 5,
      "advice": 5
    },
    "activeRatingCount": 15,
    "vehicleAsDescribedPercentage": 100,
    "recommendPercentage": 100,
    "soldVehicleCount": null,
    "reviews": []
  },
  "attributes": {
    "Vehicle condition": "Used vehicle, Accident-free",
    "Category": "Estate car, Employee's Car",
    "Model range": "G81",
    "Trim line": "M3 Competion",
    "Origin": "German edition",
    "Mileage": "15,750 km",
    "Cubic Capacity": "2,993 ccm",
    "Power": "375 kW (510 hp)",
    "Drive type": "Internal combustion engine",
    "Fuel": "Petrol, E10-enabled",
    "Fuel consumption": [
      "10.3 l/100km (combined)"
    ],
    "Number of Seats": "5",
    "Door Count": "4/5",
    "Transmission": "Automatic",
    "Emission Class": "Euro6",
    "Emissions Sticker": "4 (Green)",
    "First Registration": "04/2024",
    "Number of Vehicle Owners": "1",
    "HU": "04/2027",
    "Climatisation": "Automatic climatisation, 3 zones",
    "Parking sensors": "Rear, 360° camera, Front, Self-steering systems",
    "Airbags": "Front and Side and More Airbags",
    "Colour (Manufacturer)": "Tansanitblau Individual",
    "Colour": "Blue Metallic",
    "Interior Design": "Full leather, Black",
    "Cylinders": "6",
    "Energy consumption (comb.)": "10.3 l/100km",
    "CO₂ emissions (comb.)": "232 g/km"
  },
  "features": [
    "ABS",
    "Adaptive cornering lights",
    "Adaptive Cruise Control",
    "Alarm system",
    "Alloy wheels",
    "Ambient lighting",
    "Android Auto",
    "Apple CarPlay",
    "Arm rest",
    "Autom. dimming interior mirror",
    "Blind spot assist",
    "Bluetooth",
    "Cargo barrier",
    "Central locking",
    "DAB radio",
    "Digital cockpit",
    "Distance warning system",
    "Dynamic chassis control",
    "Electric seat adjustment",
    "Electric side mirror",
    "Electric tailgate",
    "Electric windows",
    "Eletric seat adjustment with memory function",
    "Emergency brake assist",
    "Emergency call system",
    "ESP",
    "Fatigue warning system",
    "Folding exterior mirrors",
    "Four-wheel drive",
    "Full Service History",
    "Glare-free high beam headlights",
    "Hands-free kit",
    "Head-up display",
    "Heated seats",
    "High beam assist",
    "Hill-start assist",
    "Immobilizer",
    "Induction charging for smartphones",
    "Isofix",
    "Keyless central locking",
    "Lane change assist",
    "Laser headlights",
    "Leather steering wheel",
    "LED running lights",
    "Light sensor",
    "Multifunction steering wheel",
    "Navigation preparation",
    "Navigation system",
    "Non-smoker vehicle",
    "On-board computer",
    "Paddle shifters",
    "Particulate filter",
    "Power Steering",
    "Rain sensor",
    "Rear traffic alert",
    "Roof rack",
    "Sound system",
    "Speed limit control system",
    "Sport seats",
    "Sports package",
    "Sports suspension",
    "Start-stop system",
    "Summer tyres",
    "Tinted windows",
    "Touchscreen",
    "Traction control",
    "Traffic sign recognition",
    "Tuner/radio",
    "Tyre pressure monitoring",
    "USB port",
    "Voice control",
    "Warranty",
    "WLAN / Wi-Fi hotspot"
  ]
},
{
  "title": "BMW M3 Carbon Exterieur*360 Kamera*Harman kardon*Dri",
  "previewImage": "https://img.classistatic.de/api/v1/mo-prod/images/d6/d64f1349-5406-4a8e-8a16-859bc6a8035c?rule=mo-1600.jpg",
  "category": "EstateCar",
  "brand": "BMW",
  "model": "M3",
  "url": "https://suchen.mobile.de/fahrzeuge/details.html?id=428003328",
  "price.total.amount": 86490,
  "priceRating": {
    "rating": "Good price",
    "priceRanges": {
      "Very good price": {
        "start": 65601,
        "end": 85300
      },
      "Good price": {
        "start": 85301,
        "end": 91800
      },
      "Fair price": {
        "start": 91801,
        "end": 102100
      },
      "Increased price": {
        "start": 102101,
        "end": 109600
      },
      "High price": {
        "start": 109601,
        "end": 121800
      }
    }
  },
  "description": "Getriebe: Automatik\nTechnik: Allrad, Bordcomputer, Sperrdifferential, Adaptives Daempfungssystem, Start-Stop-Automatik, Volldigitales Kombiinstrument\nAssistenten: Totwinkel-Assistent, Müdigkeitserkennung, Verkehrszeichenerkennung, Park-Lenk-Assistent, Regensensor, Fernlichtassistent, Lichtsensor, Notbremsassistent, Berganfahrassistent, Bergabfahrassistent, Spurhalteassistent, Spurwechselassistent, Abstandsregeltempomat, Ausparkassistent, Abstands-/Kollisionswarner\nKomfort: Klimaautomatik, Servolenkung, Zentralverriegelung, Elektrischer Fensterheber, Lederausstattung, Sitzheizung, Elektrische Aussenspiegel, Teilbare Ruecksitzlehne, Tempomat, Multifunktionslenkrad, Elektrische Sitze, Innenspiegel autom. abblendbar, Mittelarmlehne, Innenraumfilter, Lenksaeule einstellbar, Sportsitze, ParkDistanceControl vorne und hinten, Elektrische Heckklappe, Keyless Entry, Memory Sitze, Ambientebeleuchtung, Lordosenstütze, Lederlenkrad, Geschwindigkeitsbegrenzungsanlage, Klimaautomatik-2-Zonen, Klimaautomatik-3-Zonen, Funkfernbedienung\nSicht: LED-Hauptscheinwerfer, adaptives Kurvenlicht, Dynamisches Kurvenlicht, Blendfreies Fernlicht, LED-Tagfahrlicht, 360 Grad Kamera, HEAD-UP-Display, LED-Rueckleuchten, Scheinwerferregulierung, Colorverglasung, Aussenspiegel beheizbar, Privacyverglasung\nSicherheit: ABS, Airbag, Beifahrer-Airbag, Wegfahrsperre, Seitenairbags, Alarmanlage, ESP, Antriebsschlupfregelung, Reifendruckkontrolle, Traktionskontrolle, Kopfairbag, Knieairbag, Kindersitzbefestigung, Anhängerstabilisierung, Notrufsystem, Pannenkit\nEntertainment: Navigationssystem, Soundsystem, Radio, Telefonvorbereitung, USB-Anschluss, MP3, Harman-Kardon, Bluetooth, Freisprecheinrichtung, Apple CarPlay, Android Auto, Sprachsteuerung, DAB, WLAN, Touchscreen, Induktionsladen für Smartphones, Musikstreaming, Navigationsvorbereitung\nUmwelt: Grüne Umweltplakette\nQualität: Garantie, Scheckheftgepflegt, HUAU neu, Nichtraucherfahrzeug\nSonstiges: Katalysator, Metallic, Sportausstattung, Alufelgen, Dachreling, Gepaeckraumabdeckung, Sportpaket, Sportfahrwerk, Lenkradheizung, Fahrerprofilauswahl, Sommerreifen, Gepäckraumabtrennung\nWeiteres: Leder Merino Schwarz/Schwarz, Abgasnorm EU6 RDE II, M Drive Professional, EU spezifische Umfänge, Lenkradheizung, Reifendruck-Kontrolle, Reifenreparatur Set, Alarmanlage, Modellschriftzug entfall, KOMFORTZUGANG, M Compound-Bremse, schwarz, M Leuchten Shadow Line, Sonnenschutzrollo für hintere, SONNENSCHUTZVERGLASUNG, M Interieurleisten Carbon Fibre, Galvanikapplikation für, Adaptiver LED-Scheinwerfer, FERNLICHTASSISTENT, Active Protection, DRIVING ASSISTANT PROFESSIONAL, Fondkopfstützen klappbar, PARKING ASSISTANT PLUS, DAB-Tuner, Harman Kardon Surround Sound System, gesetzlicher Notruf, Connecteddrive Services, BMW Drive Recorder, Ablage für Wireless Charging, Personal eSIM, BMW Live Cockpit Professional, M Carbon Exterieurpaket, Innovationspaket, Deutschland-Ausführung, Ölwartungsintervall 30000 km / 24, COC Zusatzumfänge, KAELTEMITTEL, Steuerung FAS 18, Steuerung D, 19/20 M Schmiederäder, M Sportdifferenzial, Adaptives M Fahrwerk, M Dachreling Hochglanz Shadow Line, oxfordgrün II metallic, Innenspiegel automatisch Abblendend, Sitzverstellung, elektrisch mit, Lordosenstütze für Fahrer und, KLIMAAUTOMATIK, M Sportsitze, M Hochglanz Shadow Line, M Dachhimmel anthrazit, M Hochglanz Shadow Line mit, Aktiver Fußgängerschutz, Scheibenwischer mit Regensensor, Scheinwerfer LED, Knieairbag Fahrerseite, Heckleuchten LED, Ambiente-Beleuchtung, Leuchtweitenregelung, Multifunktion für Lenkrad, Lenksäule (Lenkrad) mechan. verstellbar, Reifendruck-Kontrollsystem, Anhänger-Stabilisierungs-Programm (ASL), Klimaautomatik 3-Zonen mit autom. Umluft-Control, Reifen-Reparaturset (Mobility-Pack), Sportdifferential, Dachreling Hochglanz Shadow-Line, LM-Felgen, Schadstoffarm nach Abgasnorm Euro 6e, Aktives M Differential, Control-Display mit Farbmonitor (14,9 Zoll), Sonnenschutzverglasung (hinten abgedunkelt), Adaptives Fahrwerk M-Technic, Radioempfang digital (DAB+), Motor 3,0 Ltr. - 390 kW 24V, Personalisierungssystem (BMW ID), Einstiegsleisten mit Einleger in Aluminium mit Schriftzug M, Head-up-Display Full Color, Antriebsart: Allradantrieb, Spiegel-Paket\nInt.KnNr: 071846\nÄnderungen, Zwischenverkauf und Irrtümer vorbehalten. \nTrotz größter Mühe und Sorgfalt sind Fehler in dieser Fahrzeugbeschreibung nicht ausgeschlossen. Die Fahrzeugbeschreibung ist unverbindlich und stellt keinen Vertragsbestandteil im rechtlichen Sinne dar sondern dient nur der allgemeinen Identifizierung des Fahrzeugs. Ausschlaggebend sind einzig und allein die Vereinbarungen im Kaufvertrag / Auftragsbestätigung. Den genauen Ausstattungsumfang sowie alle weiteren Spezifikationen des Fahrzeugs erhalten Sie von unserem Verkaufspersonal.\n\nquality by dotzilla",
  "dealerDetails": {
    "id": 454448,
    "name": "BMW Autohaus Sperber GmbH & Co. KG",
    "sellerType": "Dealer",
    "phones": [
      "+49 (0)951 96433385",
      "+49 (0)951 96430330"
    ],
    "languages": [
      "Deutsch",
      "English",
      "Français"
    ],
    "country": "DE",
    "address": "Ohmstrasse 10a, DE-96050 Bamberg",
    "location": {
      "latitude": 49.8972862,
      "longitude": 10.919498
    },
    "activeSince": "2002-07-22T00:00:00.000Z",
    "homepageUrl": "https://home.mobile.de/home/redirect.html?customerId=454448",
    "iconUrl": null,
    "reviewPageUrl": "https://www.mobile.de/bewertungen/AH-SPERBER?lang=en",
    "score": {
      "total": 4.4,
      "responseTime": 4.4,
      "friendliness": 4.6,
      "advice": 4.3
    },
    "activeRatingCount": 148,
    "vehicleAsDescribedPercentage": 91,
    "recommendPercentage": 82,
    "soldVehicleCount": null,
    "reviews": []
  },
  "attributes": {
    "Vehicle condition": "Used vehicle, Accident-free",
    "Category": "Estate car",
    "Trim line": "m3",
    "Vehicle Number": "071846",
    "Availability": "Now",
    "Mileage": "17,751 km",
    "Cubic Capacity": "2,993 ccm",
    "Power": "390 kW (530 hp)",
    "Drive type": "Internal combustion engine",
    "Fuel": "Petrol",
    "CO₂ class": "Based on CO₂ emissions (combined)",
    "Fuel consumption": [
      "10.4 l/100km (combined)",
      "15.8 l/100km (city)",
      "10.3 l/100km (suburban)",
      "8.8 l/100km (country road)",
      "9.8 l/100km (motorway)"
    ],
    "Energy costs for 15,000 km annual mileage": "€2,802/Year",
    "Fuel price": "€1.80/l (annual average 2024)",
    "Possible CO₂ costs over the next 10 years (15,000 km/year)": [
      "€4,477 (assuming an average CO₂ price of €127/t)",
      "€2,115 (assuming a low average CO₂ price of €60/t)",
      "€7,050 (assuming a high average CO₂ price of €200/t)"
    ],
    "Vehicle tax": "€480/Year",
    "Number of Seats": "5",
    "Door Count": "4/5",
    "Transmission": "Automatic",
    "Emissions Sticker": "4 (Green)",
    "First Registration": "10/2024",
    "Construction Year": "2024",
    "Number of Vehicle Owners": "1",
    "HU": "New",
    "Climatisation": "Automatic climatisation, 3 zones",
    "Parking sensors": "Front, Rear, Self-steering systems, 360° camera",
    "Airbags": "Front and Side and More Airbags",
    "Colour (Manufacturer)": "SAO PAULO GELB",
    "Colour": "Yellow Metallic",
    "Interior Design": "Full leather, Black",
    "Cylinders": "6",
    "Energy consumption (comb.)": "10.4 l/100km",
    "CO₂ emissions (comb.)": "235 g/km"
  },
  "features": [
    "ABS",
    "Adaptive cornering lights",
    "Adaptive Cruise Control",
    "Alarm system",
    "Alloy wheels",
    "Ambient lighting",
    "Android Auto",
    "Apple CarPlay",
    "Arm rest",
    "Autom. dimming interior mirror",
    "Blind spot assist",
    "Bluetooth",
    "Cargo barrier",
    "Central locking",
    "DAB radio",
    "Digital cockpit",
    "Distance warning system",
    "Dynamic chassis control",
    "Electric seat adjustment",
    "Electric side mirror",
    "Electric tailgate",
    "Electric windows",
    "Eletric seat adjustment with memory function",
    "Emergency brake assist",
    "Emergency call system",
    "Emergency tyre repair kit",
    "ESP",
    "Fatigue warning system",
    "Folding exterior mirrors",
    "Four-wheel drive",
    "Full Service History",
    "Glare-free high beam headlights",
    "Hands-free kit",
    "Head-up display",
    "Heated seats",
    "Heated steering wheel",
    "High beam assist",
    "Hill-start assist",
    "Immobilizer",
    "Induction charging for smartphones",
    "Integrated music streaming",
    "Isofix",
    "Keyless central locking",
    "Lane change assist",
    "Leather steering wheel",
    "LED headlights",
    "LED running lights",
    "Light sensor",
    "Lumbar support",
    "Multifunction steering wheel",
    "Navigation preparation",
    "Navigation system",
    "Non-smoker vehicle",
    "On-board computer",
    "Power Steering",
    "Rain sensor",
    "Rear traffic alert",
    "Roof rack",
    "Sound system",
    "Speed limit control system",
    "Sport seats",
    "Sports package",
    "Sports suspension",
    "Start-stop system",
    "Summer tyres",
    "Tinted windows",
    "Touchscreen",
    "Traction control",
    "Traffic sign recognition",
    "Tuner/radio",
    "Tyre pressure monitoring",
    "USB port",
    "Voice control",
    "Warranty",
    "WLAN / Wi-Fi hotspot"
  ]
},
{
  "title": "BMW M3 Competition xDrive Touring [HUD, Laser, h&k S",
  "previewImage": "https://img.classistatic.de/api/v1/mo-prod/images/35/35049dc5-7a0c-4bcc-8c50-69b15fa5cdc6?rule=mo-1600.jpg",
  "category": "EstateCar",
  "brand": "BMW",
  "model": "M3",
  "url": "https://suchen.mobile.de/fahrzeuge/details.html?id=424121684",
  "price.total.amount": 86690,
  "priceRating": {
    "rating": "Fair price",
    "priceRanges": {
      "Very good price": {
        "start": 61701,
        "end": 80200
      },
      "Good price": {
        "start": 80201,
        "end": 86300
      },
      "Fair price": {
        "start": 86301,
        "end": 96000
      },
      "Increased price": {
        "start": 96001,
        "end": 103100
      },
      "High price": {
        "start": 103101,
        "end": 114500
      }
    }
  },
  "description": "Sonstiges\nAblage für Wireless Charging\nActive Guard\nBlow by-Heizer\nBMW Apps\nKaeltemittel\nMWSt ausweisbar\nProbefahrt\nSteuerung EfficientDynamics\nSteuerung Karosserie\nUnfallfrei\n\nAntrieb, Fahrwerk\nAdaptives M Fahrwerk\nAllrad\nM Drive Professional\nM Sportdifferenzial\nSportfahrwerk\n\nEditionen und Pakete\nAblagenpaket\nConnected Package Professional (laufzeitgebundener Dienst)\nConnectedDrive Services (laufzeitgebundener Dienst)\nInnovationspaket\n\nExterieur\nDach und Spiegelkappen schwarz\nDachreling\n\nFahrerassistenz\nGeschwindigkeitsregelung mit Bremsfunktion\nGesetzlicher Notruf\nParking Assistant Plus\nTeleservices\n\nIndividualumfänge\nIndividual\nM Dachreling Hochglanz Shadow Line\nM Hochglanz Shadow Line\nM Hochglanz Shadow Line mit erweiterten Umfängen\nM Leuchten Shadow Line\n\nKomfort, Innenausstattung\nAktive Sitzbelüftung vorn\nAkustikverglasung\nFondkopfstützen klappbar\nGalvanikapplikation für Bedienelemente\nInnen- und Außenspiegelpaket\nKlimaautomatik\nKomfortzugang\nLeder\nLenkradheizung\nLordose\nLordosenstütze für Fahrer und Beifahrer\nM Interieurleisten 'Carbon Fibre'\nM Sportsitze\nSitzheizung für Fahrer und Beifahrer\nSitzverstellung elektrisch mit Memory für Fahrersitz\nSonnenschutzverglasung\n\nMultimedia\nBMW Live Cockpit Professional (laufzeitgebundener Dienst)\nDAB Tuner\nHarman Kardon Surround Sound System\n\nRäder\n19\"/20\" M Schmiederäder Doppelspeiche 825 M Orbitgrau matt / MB\nRadschraubensicherung\nReifenreparatur Set\n\nSitzbezug\nVollleder Merino Yas Marina Blau/Schwarz\n\nUmwelt, Sicherheit\nAbgasnorm EU6 RDE II\nABS\nActive Protection\nAktiver Fussgängerschutz\nAlarmanlage mit Fernbedienung\nBeifahrerairbag-Deaktivierung\nBMW Laserlicht\nDriving Assistant\nFernlichtassistent\nInnenspiegel automatisch abblendend\nReifendruck-Kontrolle\nWir unterbreiten Ihnen gerne ein auf Sie zugeschnittenes Finanzierungs- oder Leasingangebot der BMW-Bank. Fahrzeug Inzahlungnahme auf Anfrage möglich. \nBei Fragen kontaktieren Sie einfach unser kompetentes Verkaufsteam. \nIrrtum und Zwischenverkauf vorbehalten! Irrtümer und Zwischenverkauf vorbehalten.",
  "dealerDetails": {
    "id": 463975,
    "name": "Hubauer GmbH (BMW Vertragshändler, MINI Agent)",
    "sellerType": "Dealer",
    "phones": [
      "+49 (0)871 2065975800"
    ],
    "languages": [
      "Deutsch",
      "English"
    ],
    "country": "DE",
    "address": "Ingolstädter Str. 19, DE-84030 Landshut",
    "location": {
      "latitude": 48.5633675,
      "longitude": 12.136574
    },
    "activeSince": "2001-12-04T00:00:00.000Z",
    "homepageUrl": "https://home.mobile.de/home/redirect.html?customerId=463975",
    "iconUrl": null,
    "reviewPageUrl": "https://www.mobile.de/bewertungen/HUBAUER-GMBH?lang=en",
    "score": {
      "total": 4.3,
      "responseTime": 4.5,
      "friendliness": 4.3,
      "advice": 4.1
    },
    "activeRatingCount": 31,
    "vehicleAsDescribedPercentage": 88,
    "recommendPercentage": 85,
    "soldVehicleCount": null,
    "reviews": []
  },
  "attributes": {
    "Vehicle condition": "Used vehicle, Accident-free",
    "Category": "Estate car, Employee's Car",
    "Model range": "G81",
    "Trim line": "xDrive Touring [HUD, Laser, h&k Sound]",
    "Vehicle Number": "9300872",
    "Availability": "Now",
    "Origin": "German edition",
    "Mileage": "12,100 km",
    "Cubic Capacity": "2,993 ccm",
    "Power": "375 kW (510 hp)",
    "Drive type": "Internal combustion engine",
    "Fuel": "Petrol",
    "Number of Seats": "5",
    "Door Count": "4/5",
    "Transmission": "Automatic",
    "Emission Class": "Euro6",
    "First Registration": "07/2024",
    "Number of Vehicle Owners": "1",
    "HU": "New",
    "Climatisation": "Automatic climatisation, 2 zones",
    "Parking sensors": "Rear, 360° camera, Front, Self-steering systems",
    "Airbags": "Front and Side Airbags",
    "Colour (Manufacturer)": "M Sao Paulo Gelb uni",
    "Colour": "Yellow",
    "Interior Design": "Full leather, Blue",
    "Cylinders": "6"
  },
  "features": [
    "ABS",
    "Adaptive cornering lights",
    "Alarm system",
    "Alloy wheels",
    "Ambient lighting",
    "Apple CarPlay",
    "Autom. dimming interior mirror",
    "Bluetooth",
    "Central locking",
    "Cruise control",
    "DAB radio",
    "Digital cockpit",
    "Distance warning system",
    "Electric seat adjustment",
    "Electric side mirror",
    "Electric tailgate",
    "Electric windows",
    "Eletric seat adjustment with memory function",
    "Emergency brake assist",
    "Emergency call system",
    "ESP",
    "Four-wheel drive",
    "Glare-free high beam headlights",
    "Hands-free kit",
    "Head-up display",
    "Heated seats",
    "Heated steering wheel",
    "High beam assist",
    "Immobilizer",
    "Induction charging for smartphones",
    "Isofix",
    "Keyless central locking",
    "Lane change assist",
    "Laser headlights",
    "Leather steering wheel",
    "LED running lights",
    "Light sensor",
    "Lumbar support",
    "Multifunction steering wheel",
    "Navigation system",
    "On-board computer",
    "Paddle shifters",
    "Power Steering",
    "Rain sensor",
    "Rear traffic alert",
    "Roof rack",
    "Seat ventilation",
    "Sound system",
    "Speed limit control system",
    "Sport seats",
    "Sports package",
    "Sports suspension",
    "Start-stop system",
    "Summer tyres",
    "Tinted windows",
    "Touchscreen",
    "Traction control",
    "Traffic sign recognition",
    "Tuner/radio",
    "Tyre pressure monitoring",
    "USB port",
    "Voice control",
    "Warranty"
  ]
},
{
  "title": "BMW M3 M xDrive Competition Touring*CARBON*H&K*",
  "previewImage": "https://img.classistatic.de/api/v1/mo-prod/images/8f/8f6b9cc2-6c57-43f8-9f6d-1766a4ee73bf?rule=mo-1600.jpg",
  "category": "EstateCar",
  "brand": "BMW",
  "model": "M3",
  "url": "https://suchen.mobile.de/fahrzeuge/details.html?id=412905359",
  "price.total.amount": 87000,
  "priceRating": {
    "rating": "Fair price",
    "priceRanges": {
      "Very good price": {
        "start": 56501,
        "end": 73400
      },
      "Good price": {
        "start": 73401,
        "end": 79100
      },
      "Fair price": {
        "start": 79101,
        "end": 88000
      },
      "Increased price": {
        "start": 88001,
        "end": 94400
      },
      "High price": {
        "start": 94401,
        "end": 104900
      }
    }
  },
  "description": "Willkommen bei MobCon GmbH, Ihrem vertrauenswürdigen Partner für den nationalen und internationalen Autohandel und Import-Export von Fahrzeugen. Wir sind stolz darauf, Ihnen Zugang zu einer breiten Palette von erstklassigen Fahrzeugen zu bieten, die sowohl auf dem deutschen Markt als auch weltweit verfügbar sind.\nWWW.MOBCON-GMBH.DE\nSonderausstattung:\nAktive Sitzbelüftung vorn\nBMW Drive Recorder (Dashcam)\nBMW Live Cockpit Professional\nBMW Curved Display\nControl-Display mit Farbmonitor (14,9 Zoll)\nBremsanlage: Compound - M Bremssystem (Bremssättel Schwarz)\nEntfall spezifischer Designumfänge\nExterieur-Paket M Carbon\nAbdeckkappen Außenspiegel M Carbon\nHeckdiffusor Carbon\nFahrassistenz-System: Driving Assistant Professional\nFahrassistenz-System: Spurwechselassistent\nFahrassistenz-System: Falschfahrwarnung\nGeschwindigkeits-Begrenzeranlage (Speed Limit Device)\nGeschwindigkeits-Regelanlage, Aktiv mit Stop&Go-Funktion\nFahrassistenz-System: Frontkollisionswarnung\nFahrassistenz-System: Heckaufprall-Vermeidung (Prävention Heckkollision)\nFahrassistenz-System: Kreuzungs-Assistent\nFahrassistenz-System: Querverkehrs-Assistent\nFahrassistenz-System: Ausweich-Assistent\nFahrassistenz-System: Ampel-Erkennung\nFahrassistenz-System: Spurwechsel-Warnsystem\nFahrassistenz-System: aktiver Spurhalteassistent\nInnenausstattung: BMW Individual Voll-Leder Merino (Fiona-Rot / Schwarz)\nInnenausstattung: Interieurleisten Carbon\nInnovations-Paket\nScheinwerfer Laserlicht\nFahrassistenz-System: Fernlichtassistent\nKomfortzugang (Öffnungs- und Schließsystem)\nFahrassistenz-System: Driving Assistant\nFahrassistenz-System: Spurwechselassistent\nFahrassistenz-System: Frontkollisionswarnung\nFahrassistenz-System: Heckaufprall-Vermeidung (Prävention Heckkollision)\nFahrassistenz-System: Querverkehrs-Assistent\nFahrassistenz-System: Spurwechsel-Warnsystem\nLenkrad heizbar\nLM-Felgen\nMetallic-Lackierung\nParkassistent-Paket Plus\nService-System: Remote 3D View\nRückfahrkamera (Top View)\nSurround-Kamerasystem (Surround View)\nFahrassistenz-System: Rückfahr-Assistent\nScheinwerfer BMW Individual Shadow-Line\nSicherheitssystem Active Protection\nSonnenschutzverglasung (hinten abgedunkelt)\nSound-System Harman-Kardon\nVerglasung Akustikglas\n\nSerienausstattung:\nAblage-Paket\nAdaptives Fahrwerk M-Technic\nAirbag Beifahrerseite abschaltbar\nAlarmanlage\nAmbiente-Beleuchtung\nAntriebsart: Allradantrieb\nAntriebsart: xDrive (Allrad)\nAusstattungs-Paket: Connected Professional\nService-System: Remote Services\nService-System: Concierge Services\nService-System: Real Time Traffic Information (RTTI)\nService-System: Remote 3D View\nAußenausstattung: Shadow-Line Hochglanz\nAußenausstattung: Shadow-Line Hochglanz (erweiterter Umfang)\nAußenspiegel elektr. verstell- und heizbar\nBedienelemente galvanisiert\nBordcomputer\nCompetition\nDAB-Tuner (Radioempfang digital)\nDachhimmel Anthrazit (BMW Individual)\nDiebstahlsicherung für Räder (Felgenschlösser)\nDurchladeeinrichtung (Mittelarmlehne hinten)\nDynamische Stabilitäts-Control (DSC) mit erweiterter Umfang\nErste Hilfe-Kasten / Verbandkasten\nFahrassistenz-System: Active Guard (Bremsassistent)\nFahrassistenz-System: Aufmerksamkeits-Assistent\nFensterheber elektrisch\nFreisprecheinrichtung Bluetooth mit USB-/Audio-Schnittstelle\nFußmatten Velours\nGepäckraumbeleuchtung\nGeschwindigkeits-Begrenzeranlage (Speed Limit Device)\nGetriebe Automatik - mit Steptronic und Drivelogic (8-Stufen)\nGetränkehalter\nHeckklappenbetätigung automatisch\nHeckleuchten LED\nInduktionsladeschale für Smartphone (Wireless Charging)\nInnenspiegel mit Abblendautomatik\nInstrumentenkombination (erweiterter Umfang)\nIsofix-Aufnahmen für Kindersitz an Rücksitz\nKarosserie: 5-türig\nKlimaautomatik 3-Zonen mit autom. Umluft-Control\nKnieairbag Fahrerseite\nKopf-Airbag-System hinten\nKopf-Airbag-System vorn\nLenkrad (Leder) mit Multifunktion M-Technic\nLenksäule (Lenkrad) elektr. verstellbar\nLeuchtweitenregelung\nM Drive (Fahrprofilauswahl)\nM Drive Professional (Fahrprofilauswahl)\nMotor 3,0 Ltr. - 375 kW 24V TwinTurbo KAT (S58)\nNebelschlussleuchte(n)\nOtto-Partikelfilter (OPF)\nPark-Distance-Control (PDC) vorn und hinten\nParkbremse elektrisch\nReifendruck-Kontrollsystem\nReifenpannen-Anzeige\nSchadstoffarm nach Abgasnorm Euro 6d\nSchaltpunktanzeige\nScheibenwischer mit Regensensor\nSeitenairbag vorn\nService-System: ConnectedDrive Services\nService-System: Gesetzlicher Notruf\nSitzbezug / Polsterung: Leder Merino (erweiterter Umfang)\nSitze vorn elektr. verstellbar (mit Memory)\nSitzheizung vorn + hinten\nSpiegel-Paket\nAußenspiegel elektr. anklappbar\nAußenspiegel mit Abblendautomatik, links\nAußenspiegel mit Bordsteinautomatik, rechts\nSportdifferential\nSportsitze vorn (M-Technic)\nStart-Stop-Knopf\nStart/Stop-Anlage (Funktion)\nWarndreieck\nWegfahrsperre\nWärme-/Sonnenschutzverglasung kombiniert (hinten abgedunkelt)\nZentralverriegelung mit Fernbedienung\n\n* Finanzierung auch ohne Anzahlung möglich, Fragen Sie uns nach einem passendem Angeb",
  "dealerDetails": {
    "id": 31604350,
    "name": "MobCon GmbH",
    "sellerType": "Dealer",
    "phones": [
      "+49 (0)7181 207270307"
    ],
    "languages": [
      "Deutsch",
      "English",
      "Română"
    ],
    "country": "DE",
    "address": "Spanninger Straße 2, DE-73650 Winterbach",
    "location": {
      "latitude": 48.8046783,
      "longitude": 9.4724771
    },
    "activeSince": "2023-03-29T00:00:00.000Z",
    "homepageUrl": "https://home.mobile.de/home/redirect.html?customerId=31604350",
    "iconUrl": "https://img.classistatic.de/api/v1/mo-prod/images/d6/d68793a3-faf2-40c5-949e-499ee78ce67b?rule=mo-640.jpg",
    "reviewPageUrl": "https://www.mobile.de/bewertungen/MobConGmbH?lang=en",
    "score": {
      "total": 5,
      "responseTime": 4.9,
      "friendliness": 5,
      "advice": 4.9
    },
    "activeRatingCount": 18,
    "vehicleAsDescribedPercentage": 100,
    "recommendPercentage": 100,
    "soldVehicleCount": null,
    "reviews": []
  },
  "attributes": {
    "Vehicle condition": "Used vehicle, Accident-free",
    "Category": "Estate car",
    "Model range": "Baureihe M3 Touring (G81)(2022->)",
    "Trim line": "xDrive Competition",
    "Vehicle Number": "11",
    "Availability": "Available in 1 day after order",
    "Origin": "German edition",
    "Mileage": "48,000 km",
    "Cubic Capacity": "2,993 ccm",
    "Power": "375 kW (510 hp)",
    "Drive type": "Internal combustion engine",
    "Fuel": "Petrol",
    "CO₂ class": "Based on CO₂ emissions (combined)",
    "Fuel consumption": [
      "8.0 l/100km (combined)"
    ],
    "Energy costs for 15,000 km annual mileage": "€2,304/Year",
    "Fuel price": "€1.92/l (annual average 2024)",
    "Number of Seats": "5",
    "Door Count": "4/5",
    "Transmission": "Automatic",
    "Emission Class": "Euro6d",
    "First Registration": "04/2023",
    "Number of Vehicle Owners": "2",
    "Climatisation": "Automatic air conditioning",
    "Parking sensors": "Front, 360° camera, Rear, Self-steering systems",
    "Airbags": "Front and Side and More Airbags",
    "Colour (Manufacturer)": "BLACK SAPPHIRE METALLIC",
    "Colour": "Black Metallic",
    "Interior Design": "Full leather, Other",
    "Weight": "1,940 kg",
    "Cylinders": "6",
    "Energy consumption (comb.)": "8.0 l/100km",
    "CO₂ emissions (comb.)": "-- g/km"
  },
  "features": [
    "ABS",
    "Adaptive cornering lights",
    "Adaptive Cruise Control",
    "Alarm system",
    "Alloy wheels",
    "Ambient lighting",
    "Android Auto",
    "Apple CarPlay",
    "Arm rest",
    "Autom. dimming interior mirror",
    "Blind spot assist",
    "Bluetooth",
    "Cargo barrier",
    "Central locking",
    "DAB radio",
    "Digital cockpit",
    "Distance warning system",
    "Dynamic chassis control",
    "Electric seat adjustment",
    "Electric side mirror",
    "Electric tailgate",
    "Electric windows",
    "Emergency brake assist",
    "Emergency call system",
    "Emergency tyre repair kit",
    "ESP",
    "Fatigue warning system",
    "Folding exterior mirrors",
    "Four-wheel drive",
    "Full Service History",
    "Glare-free high beam headlights",
    "Hands-free kit",
    "Head-up display",
    "Heated rear seats",
    "Heated seats",
    "Heated steering wheel",
    "High beam assist",
    "Hill-start assist",
    "Immobilizer",
    "Induction charging for smartphones",
    "Integrated music streaming",
    "Isofix",
    "Keyless central locking",
    "Lane change assist",
    "Leather steering wheel",
    "LED headlights",
    "LED running lights",
    "Light sensor",
    "Lumbar support",
    "Multifunction steering wheel",
    "Navigation system",
    "Non-smoker vehicle",
    "On-board computer",
    "Paddle shifters",
    "Power Steering",
    "Rain sensor",
    "Rear traffic alert",
    "Seat ventilation",
    "Ski bag",
    "Sound system",
    "Speed limit control system",
    "Sport seats",
    "Sports package",
    "Sports suspension",
    "Start-stop system",
    "Summer tyres",
    "Tinted windows",
    "Touchscreen",
    "Traction control",
    "Traffic sign recognition",
    "Tuner/radio",
    "Tyre pressure monitoring",
    "USB port",
    "Voice control",
    "Warranty",
    "Winter package",
    "Winter tyres",
    "WLAN / Wi-Fi hotspot"
  ]
},
{
  "title": "BMW M3 Competition Touring LC PROF+HUD+KAMERA+ESITZE",
  "previewImage": "https://img.classistatic.de/api/v1/mo-prod/images/90/90b1784d-c2a2-44e1-b792-ddee58476f23?rule=mo-1600.jpg",
  "category": "EstateCar",
  "brand": "BMW",
  "model": "M3",
  "url": "https://suchen.mobile.de/fahrzeuge/details.html?id=434300974",
  "price.total.amount": 86930,
  "priceRating": {
    "rating": "Very good price",
    "priceRanges": {
      "Very good price": {
        "start": 69001,
        "end": 89700
      },
      "Good price": {
        "start": 89701,
        "end": 96600
      },
      "Fair price": {
        "start": 96601,
        "end": 107500
      },
      "Increased price": {
        "start": 107501,
        "end": 115400
      },
      "High price": {
        "start": 115401,
        "end": 128200
      }
    }
  },
  "description": "Antrieb, Fahrwerk\nAdaptives M Fahrwerk\nAllrad\nM Drive Professional\nM Sportdifferenzial\nSportfahrwerk\n\nAußenausstattung\nDachreling Hochglanz Shadow-Line\nHeckklappenbetätigung automatisch\nLM-Felgen\nSonnenschutzverglasung (hinten abgedunkelt)\n\nEditionen und Pakete\nAblagenpaket\nConnected Package Professional (laufzeitgebundener Dienst)\nConnectedDrive Services (laufzeitgebundener Dienst)\n\nExterieur\nDach und Spiegelkappen schwarz\nDachreling\nElektrische Gepäckraumklappe\n\nFahrerassistenz\nGeschwindigkeitsregelung mit Bremsfunktion\nGesetzlicher Notruf\nHead-Up Display\nParking Assistant\nRückfahrkamera\nTeleservices\n\nIndividualumfänge\nM Dachreling Hochglanz Shadow Line\nM Hochglanz Shadow Line\nM Hochglanz Shadow Line mit erweiterten Umfängen\n\nKomfort, Innenausstattung\nAmbiente-Beleuchtung\nAußenspiegel elektr. anklappbar\nBMW Live Cockpit Professional\nDurchladeeinrichtung (Mittelarmlehne hinten)\nDurchladesystem\nEinparkhilfe selbstlenkendes System\nFahrassistenz-System: Einparkhilfe Seite\nFahrassistenz-System: Park-Assistent\nFensterheber elektrisch vorn + hinten\nFensterheber, elektrisch\nFondkopfstützen klappbar\nFreisprecheinrichtung Bluetooth mit USB-/Audio-Schnittstelle\nGalvanikapplikation für Bedienelemente\nGepäckraum-Abtrennung (Netz)\nGeschwindigkeits-Regelanlage mit Bremsfunktion\nHead-up-Display Full Color\nInduktionsladeschale für Smartphone (Wireless Charging)\nInnen- und Außenspiegelpaket\nInnenspiegel mit Abblendautomatik\nIsofix-Aufnahmen für Kindersitz\nKlimaautomatik\nKlimaautomatik 3-Zonen mit autom. Umluft-Control\nLeder\nLederlenkrad\nLendenwirbelstütze Sitz vorn links und rechts, elektr. verstellbar\nLenkrad (Leder) mit Multifunktion M-Technic\nLicht- und Regensensor\nLordose\nLordosenstütze für Fahrer und Beifahrer\nM Sicherheitsgurte\nM Sportsitze\nMultifunktion für Lenkrad\nMultifunktionslenkrad\nRadioempfang digital (DAB+)\nScheibenwischer mit Regensensor\nService-System: Augmented Reality für Navigation\nSitze vorn elektr. verstellbar (mit Memory)\nSitzheizung für Fahrer und Beifahrer\nSitzheizung vorn\nSitzverstellung elektrisch mit Memory für Fahrersitz\nSonnenschutzverglasung\nSound-System Harman-Kardon\nSportsitze\nStart/Stop-Anlage (Funktion)\nZentralverriegelung\nZentralverriegelung mit Diebstahlsicherung und Crashsensor\n\nMultimedia\nBluetooth\nBMW Live Cockpit Professional (laufzeitgebundener Dienst)\nDAB Tuner\nFreisprecheinrichtung\nHarman Kardon Surround Sound System\nNavigationssystem\nRadio\nTelefon\nUSB Schnittstelle\n\nRäder\n19\"/20\" M Schmiederäder Doppelspeiche 826 M Schwarz / MB\nRadschraubensicherung\nReifenreparatur Set\n\nSicherheit/Umwelt\nAdaptives Fahrwerk M-Technic\nAirbag Beifahrerseite abschaltbar\nAirbag Fahrer-/Beifahrerseite\nAlarmanlage\nAnti-Blockier-System (ABS)\nAntriebsart: Allradantrieb\nAntriebsart: xDrive (Allrad)\nDynamische Stabilitäts-Control (DSC)\nDynamische Stabilitäts-Control (DSC) mit erweiterter Umfang\nFahrassistenz-System: Active Guard (Bremsassistent)\nFahrassistenz-System: Rückfahrhilfe Notbremsfunktion (Active PDC)\nGeschwindigkeits-Begrenzeranlage (Speed Limit Device)\nKnieairbag Fahrerseite\nKopf-Airbag-System hinten\nKopf-Airbag-System vorn\nLichtassistent (Follow me home)\nOtto-Partikelfilter (OPF)\nReifendruck-Kontrollsystem\nReifenpannen-Anzeige\nScheinwerfer LED\nSeitenairbag vorn\nService-System: Gesetzlicher Notruf\nService-System: Intelligenter Notruf inkl. TeleServices\n\nSitzbezug\nLeder Merino Schwarz/Schwarz\n\nSonstiges\nAblage für Wireless Charging\nAblage-Paket\nActive Guard\nActive Protection\nAktives M Differential\nAnhänger-Stabilisierungs-Programm (ASL)\nBlow by-Heizer\nDeutsch / Bordliteratur\nDeutschland-Ausfuehrung\nElektrisch verstellbare Spiegel\nEU-spezifische Zusatzumfaenge\nInduktionsladen für Smartphones\nKaeltemittel\nKilometertacho\nM Interieurleisten Aluminium Rhombicle Anthrazit\nMetallic-Lackierung\nÖlwartungsintervall 24 Monate/30.000 km\nPersonal eSIM\nReifendruckkontrollsystem\nSitzbezug / Polsterung: Leder Merino Schwarz\nSteuerung EfficientDynamics\nSteuerung Infotainment\nSteuerung Karosserie\n\nUmwelt, Sicherheit\nAbgasnorm EU6 RDE II\nABS\nAktiver Fußgängerschutz\nAlarmanlage mit Fernbedienung\nAuto Start/Stop Funktion \nBeifahrerairbag\nBeifahrerairbag-Deaktivierung\nESP\nFahrerairbag\nInnenspiegel automatisch abblendend\nKindersitzbefestigung ISOFIX\nKopfairbag\nLED-Scheinwerfer\nLichtsensor\nNotbremsassistent\nPASM\nRegensensor\nReifendruck-Kontrolle\nSeitenairbag\nSicherheitssystem Active Protection\nTraction Control\nWarndreieck\n\n\nEin Finanzierungs- oder Leasingangebot zu marktgerechten Konditionen ist mit ausreichender Bonität möglich, auch ohne eine Anzahlung. Die im Internet gemachten Angaben sind unverbindliche Beschreibungen. Sie stellen keine zugesicherten Eigenschaften dar. Die Autohaus Kruft GmbH haftet nicht für Irrtümer, Eingabefehler und Datenübermittlungsfehler / Änderungen vorbehalten. Abweichung bei Reifendimension /Styling gegenüber Line-/M-Sport-Edition-/ Sportpaket-Standard möglich. Irrtümer und Zwischenverkauf vorbehalten.",
  "dealerDetails": {
    "id": 467354,
    "name": "Autohaus Kruft GmbH",
    "sellerType": "Dealer",
    "phones": [
      "+49 (0)208 3067853468"
    ],
    "languages": [
      "Deutsch",
      "English"
    ],
    "country": "DE",
    "address": "Werthfeldstr. 1, DE-46117 Oberhausen",
    "location": {
      "latitude": 51.5005201,
      "longitude": 6.867221799999999
    },
    "activeSince": "1998-10-17T00:00:00.000Z",
    "homepageUrl": "https://home.mobile.de/home/redirect.html?customerId=467354",
    "iconUrl": null,
    "reviewPageUrl": "https://www.mobile.de/bewertungen/KRUFT?lang=en",
    "score": {
      "total": 4.3,
      "responseTime": 4.3,
      "friendliness": 4.4,
      "advice": 4.3
    },
    "activeRatingCount": 22,
    "vehicleAsDescribedPercentage": 100,
    "recommendPercentage": 89,
    "soldVehicleCount": null,
    "reviews": []
  },
  "attributes": {
    "Vehicle condition": "Used vehicle, Accident-free",
    "Category": "Estate car, Employee's Car",
    "Model range": "G81",
    "Trim line": "Touring LC PROF+HUD+KAMERA+ESITZE+HK SOUND",
    "Vehicle Number": "058582",
    "Availability": "From Sep 3, 2025",
    "Origin": "German edition",
    "Mileage": "8,888 km",
    "Cubic Capacity": "2,993 ccm",
    "Power": "390 kW (530 hp)",
    "Drive type": "Internal combustion engine",
    "Fuel": "Petrol, E10-enabled",
    "Battery": "included",
    "CO₂ class": "Based on CO₂ emissions (combined)",
    "Fuel consumption": [
      "10.4 l/100km (combined)",
      "15.8 l/100km (city)",
      "10.3 l/100km (suburban)",
      "8.8 l/100km (country road)",
      "9.8 l/100km (motorway)"
    ],
    "Energy costs for 15,000 km annual mileage": "€2,802/Year",
    "Fuel price": "€1.80/l (annual average 2024)",
    "Possible CO₂ costs over the next 10 years (15,000 km/year)": [
      "€4,458 (assuming an average CO₂ price of €127/t)",
      "€2,106 (assuming a low average CO₂ price of €60/t)",
      "€7,020 (assuming a high average CO₂ price of €200/t)"
    ],
    "Vehicle tax": "€476/Year",
    "Number of Seats": "5",
    "Door Count": "4/5",
    "Transmission": "Automatic",
    "Emission Class": "Euro6",
    "Emissions Sticker": "4 (Green)",
    "First Registration": "01/2025",
    "Construction Year": "2024",
    "Number of Vehicle Owners": "1",
    "HU": "New",
    "Climatisation": "Automatic climatisation, 3 zones",
    "Parking sensors": "Camera, Self-steering systems, Front, Rear",
    "Airbags": "Front and Side and More Airbags",
    "Colour (Manufacturer)": "Skyscraper Grau",
    "Colour": "Grey Metallic",
    "Interior Design": "Full leather, Black",
    "Weight": "1,940 kg",
    "Cylinders": "6",
    "Tank capacity": "59 l",
    "Energy consumption (comb.)": "10.4 l/100km",
    "CO₂ emissions (comb.)": "234 g/km"
  },
  "features": [
    "ABS",
    "Alarm system",
    "Alloy wheels",
    "Ambient lighting",
    "Android Auto",
    "Apple CarPlay",
    "Arm rest",
    "Autom. dimming interior mirror",
    "Bluetooth",
    "Cargo barrier",
    "Central locking",
    "Cruise control",
    "DAB radio",
    "Digital cockpit",
    "Distance warning system",
    "Dynamic chassis control",
    "Electric seat adjustment",
    "Electric side mirror",
    "Electric tailgate",
    "Electric windows",
    "Eletric seat adjustment with memory function",
    "Emergency brake assist",
    "Emergency call system",
    "ESP",
    "Folding exterior mirrors",
    "Four-wheel drive",
    "Full Service History",
    "Hands-free kit",
    "Head-up display",
    "Heated seats",
    "Hill-start assist",
    "Immobilizer",
    "Induction charging for smartphones",
    "Integrated music streaming",
    "Isofix",
    "Keyless central locking",
    "Leather steering wheel",
    "LED headlights",
    "LED running lights",
    "Light sensor",
    "Lumbar support",
    "Multifunction steering wheel",
    "Navigation preparation",
    "Navigation system",
    "Non-smoker vehicle",
    "On-board computer",
    "Paddle shifters",
    "Particulate filter",
    "Power Steering",
    "Rain sensor",
    "Roof rack",
    "Sound system",
    "Speed limit control system",
    "Sport seats",
    "Sports package",
    "Sports suspension",
    "Start-stop system",
    "Summer tyres",
    "Tinted windows",
    "Touchscreen",
    "Traction control",
    "Traffic sign recognition",
    "Tuner/radio",
    "Tyre pressure monitoring",
    "USB port",
    "Voice control",
    "Warranty"
  ]
},
{
  "title": "BMW M3 Competition M xDrive Touring Head-Up HK HiFi",
  "previewImage": "https://img.classistatic.de/api/v1/mo-prod/images/f5/f5a0b4a7-7ddb-4da1-9b7c-5e201e2aecdd?rule=mo-1600.jpg",
  "category": "EstateCar",
  "brand": "BMW",
  "model": "M3",
  "url": "https://suchen.mobile.de/fahrzeuge/details.html?id=433061848",
  "price.total.amount": 86932,
  "priceRating": {
    "rating": "Good price",
    "priceRanges": {
      "Very good price": {
        "start": 66301,
        "end": 86200
      },
      "Good price": {
        "start": 86201,
        "end": 92800
      },
      "Fair price": {
        "start": 92801,
        "end": 103200
      },
      "Increased price": {
        "start": 103201,
        "end": 110800
      },
      "High price": {
        "start": 110801,
        "end": 123100
      }
    }
  },
  "description": "Antrieb, Fahrwerk\nAdaptives M Fahrwerk\nAllrad\nBremsanlage: Compound - M Bremssystem (Bremssättel Rot)\nM Drive Professional\nM Sportdifferenzial\nSportfahrwerk\n\nAußenausstattung\nDachreling Hochglanz Shadow-Line\nHeckklappenbetätigung automatisch\nLM-Felgen\nSonnenschutzverglasung (hinten abgedunkelt)\n\nEditionen und Pakete\nAblagenpaket\nConnected Package Professional (laufzeitgebundener Dienst)\nConnectedDrive Services (laufzeitgebundener Dienst)\nInnovations-Paket (2)\n\nExterieur\nDach und Spiegelkappen schwarz\nDachreling\nElektrische Gepäckraumklappe\n\nFahrerassistenz\nBMW Drive Recorder (Dashcam)\nGeschwindigkeitsregelung mit Bremsfunktion\nGesetzlicher Notruf\nHead-Up Display\nParkassistent-Paket Plus\nRückfahrkamera\nSpurwechselwarnung\nTeleservices\n\nIndividualumfänge\nM Dachreling Hochglanz Shadow Line\nM Hochglanz Shadow Line\nM Hochglanz Shadow Line mit erweiterten Umfängen\nScheinwerfer BMW Individual Shadow-Line\n\nKomfort, Innenausstattung\nAmbiente-Beleuchtung\nAußenspiegel elektr. anklappbar\nBMW Live Cockpit Professional\nDurchladeeinrichtung (Mittelarmlehne hinten)\nDurchladesystem\nEinparkhilfe selbstlenkendes System\nFensterheber elektrisch vorn + hinten\nFensterheber, elektrisch\nFondkopfstützen klappbar\nFreisprecheinrichtung Bluetooth mit USB-/Audio-Schnittstelle\nGalvanikapplikation für Bedienelemente\nGepäckraum-Abtrennung (Netz)\nGeschwindigkeits-Regelanlage mit Bremsfunktion\nHead-up-Display Full Color\nInduktionsladeschale für Smartphone (Wireless Charging)\nInnen- und Außenspiegelpaket\nInnenausstattung: Interieurleisten Carbon\nInnenspiegel mit Abblendautomatik\nIsofix-Aufnahmen für Kindersitz\nKeyless Entry\nKlimaautomatik\nKlimaautomatik 3-Zonen mit autom. Umluft-Control\nKomfortzugang (Öffnungs- und Schließsystem)\nLeder\nLederlenkrad\nLendenwirbelstütze Sitz vorn links und rechts, elektr. verstellbar\nLenkrad (Leder) mit Multifunktion M-Technic\nLicht- und Regensensor\nLordose\nLordosenstütze für Fahrer und Beifahrer\nM Sicherheitsgurte\nM Sportsitze\nMultifunktion für Lenkrad\nMultifunktionslenkrad\nRadioempfang digital (DAB+)\nScheibenwischer mit Regensensor\nService-System: Augmented Reality für Navigation\nSitze vorn elektr. verstellbar (mit Memory)\nSitzheizung für Fahrer und Beifahrer\nSitzheizung vorn\nSitzverstellung elektrisch mit Memory für Fahrersitz\nSonnenschutzverglasung\nSportsitze\nZentralverriegelung\n\nMultimedia\nBluetooth\nBMW Live Cockpit Professional (laufzeitgebundener Dienst)\nDAB Tuner\nFreisprecheinrichtung\nHarman Kardon Surround Sound System\nNavigationssystem\nRadio\nTelefon\nUSB Schnittstelle\n\nRäder\n19\"/20\" M Schmiederäder Doppelspeiche 826 M Schwarz / MB\nRadschraubensicherung\nReifenreparatur Set\n\nSitzbezug\nLeder Merino Schwarz/Schwarz\n\nSonstiges\nAblage für Wireless Charging\nActive Guard\nActive Protection\nAdaptiver LED-Scheinwerfer\nBlow by-Heizer\nBMW Digital Key\nBMW Drive Recorder\nDeutsch / Bordliteratur\nDeutschland-Ausfuehrung\nDriving Assistant\nElektrisch verstellbare Spiegel\nEU-spezifische Zusatzumfaenge\nFahrassistenz-System: Einparkhilfe Seite\nFahrassistenz-System: Frontkollisionswarnung\nFahrassistenz-System: Heckaufprall-Vermeidung (Prävention Heckkollision)\nFahrassistenz-System: Park-Assistent\nFahrassistenz-System: Querverkehrs-Assistent\nFahrassistenz-System: Rückfahr-Assistent\nFahrassistenz-System: Rückfahrhilfe Notbremsfunktion (Active PDC)\nFahrassistenz-System: Spurwechselassistent\nFahrassistenz-System: Spurwechsel-Warnsystem\nFernlichtassistent\nInduktionsladen für Smartphones\nInnovationspaket\nKaeltemittel\nKilometertacho\nKomfortzugang\nM Compound-Bremse, rot hochglänzend\nM Interieurleisten 'Carbon Fibre'\nM Leuchten Shadow Line\nMetallic-Lackierung\nÖlwartungsintervall 24 Monate/30.000 km\nParking Assistant Plus\nPersonal eSIM\nReifendruckkontrollsystem\nRückfahrkamera\nRückfahrkamera (Top View)\nService-System: Remote 3D View\nSitzbezug / Polsterung: Leder Merino Schwarz\nSteuerung EfficientDynamics\nSteuerung Infotainment\nSteuerung Karosserie\nSurround-Kamerasystem (Surround View)\n\nUmwelt, Sicherheit\nAbgasnorm EU6 RDE II\nABS\nAktiver Fußgängerschutz\nAlarmanlage mit Fernbedienung\nAuto Start/Stop Funktion \nBeifahrerairbag\nBeifahrerairbag-Deaktivierung\nESP\nFahrassistenz-System: Driving Assistant\nFahrassistenz-System: Fernlichtassistent\nFahrerairbag\nInnenspiegel automatisch abblendend\nKindersitzbefestigung ISOFIX\nKopfairbag\nLED-Scheinwerfer\nLichtsensor\nNotbremsassistent\nPASM\nRegensensor\nReifendruck-Kontrolle\nScheinwerfer LED mit adaptiver Lichtverteilung\nSeitenairbag\nSicherheitssystem Active Protection\nTraction Control\nWarndreieck\n\nFinanzierungsbeispiel\n\nMtl. Finanzierungsrate: 996,07 EUR\nAnzahlung: 17.386,40 EUR\nLaufzeit: 48 Monate\nZielrate: 37.380,76 EUR\nNettodarlehensbetrag: 69.545,60 EUR\nSollzinssatz p.a.: 6,78% (gebunden für die gesamte Vertragslaufzeit)\nEffektiver Jahreszins: 6,99%\nGesamtbetrag: 84.196,05 EUR\nEin unverbindliches Finanzierungsbeispiel der BMW Bank GmbH - Lilienthalallee 26 - 80939 München.\n\nIrrtümer und Zwischenverkauf vorbehalten.",
  "dealerDetails": {
    "id": 39056461,
    "name": "Langenhan GmbH Filiale Jena",
    "sellerType": "Dealer",
    "phones": [
      "+49 (0)3641 554925127"
    ],
    "languages": [
      "Deutsch"
    ],
    "country": "DE",
    "address": "Göschwitzer Straße 2, DE-07745 Jena",
    "location": {
      "latitude": 50.8975439,
      "longitude": 11.5937777
    },
    "activeSince": "2001-02-28T00:00:00.000Z",
    "homepageUrl": "https://home.mobile.de/home/redirect.html?customerId=39056461",
    "iconUrl": "https://img.classistatic.de/api/v1/mo-prod/images/f0/f0b5bd93-630b-484b-bb6f-d17ce934adab?rule=mo-640.jpg",
    "reviewPageUrl": "https://www.mobile.de/bewertungen/LANGENHANGMBHFILIALEJENA?lang=en",
    "score": {
      "total": 3.9,
      "responseTime": 4,
      "friendliness": 4.3,
      "advice": 3.5
    },
    "activeRatingCount": 5,
    "vehicleAsDescribedPercentage": 100,
    "recommendPercentage": 75,
    "soldVehicleCount": null,
    "reviews": []
  },
  "attributes": {
    "Vehicle condition": "Used vehicle",
    "Category": "Estate car, Employee's Car",
    "Model range": "G80",
    "Trim line": "M xDrive Touring Head-Up HK HiFi",
    "Availability": "Now",
    "Mileage": "14,900 km",
    "Cubic Capacity": "2,993 ccm",
    "Power": "390 kW (530 hp)",
    "Drive type": "Internal combustion engine",
    "Fuel": "Petrol, E10-enabled",
    "Number of Seats": "5",
    "Door Count": "4/5",
    "Transmission": "Automatic",
    "Emission Class": "Euro6",
    "First Registration": "11/2024",
    "Construction Year": "2024",
    "Number of Vehicle Owners": "1",
    "HU": "11/2027",
    "Climatisation": "Automatic climatisation, 3 zones",
    "Parking sensors": "Rear, Front, Self-steering systems, 360° camera",
    "Airbags": "Front and Side and More Airbags",
    "Colour (Manufacturer)": "M Isle of Man Grün",
    "Colour": "Green Metallic",
    "Interior Design": "Full leather, Black",
    "Weight": "1,940 kg",
    "Cylinders": "6",
    "Tank capacity": "59 l"
  },
  "features": [
    "ABS",
    "Adaptive lighting",
    "Alarm system",
    "Alloy wheels",
    "Ambient lighting",
    "Arm rest",
    "Autom. dimming interior mirror",
    "Blind spot assist",
    "Bluetooth",
    "Cargo barrier",
    "Central locking",
    "Cruise control",
    "DAB radio",
    "Digital cockpit",
    "Distance warning system",
    "Dynamic chassis control",
    "Electric seat adjustment",
    "Electric side mirror",
    "Electric tailgate",
    "Electric windows",
    "Eletric seat adjustment with memory function",
    "Emergency brake assist",
    "Emergency call system",
    "ESP",
    "Four-wheel drive",
    "Glare-free high beam headlights",
    "Hands-free kit",
    "Head-up display",
    "Heated seats",
    "High beam assist",
    "Hill-start assist",
    "Immobilizer",
    "Induction charging for smartphones",
    "Isofix",
    "Keyless central locking",
    "Lane change assist",
    "Leather steering wheel",
    "LED headlights",
    "LED running lights",
    "Light sensor",
    "Lumbar support",
    "Multifunction steering wheel",
    "Navigation system",
    "On-board computer",
    "Particulate filter",
    "Power Steering",
    "Rain sensor",
    "Roof rack",
    "Sound system",
    "Speed limit control system",
    "Sport seats",
    "Sports suspension",
    "Start-stop system",
    "Tinted windows",
    "Touchscreen",
    "Traction control",
    "Traffic sign recognition",
    "Tuner/radio",
    "Tyre pressure monitoring",
    "USB port",
    "Voice control",
    "Warranty"
  ]
},
{
  "title": "BMW M3 Driving A. Prof*360 Kamera*Harman Kardon*Memo",
  "previewImage": "https://img.classistatic.de/api/v1/mo-prod/images/50/50ea8623-6ef0-487e-8c30-e8911ac89fb9?rule=mo-1600.jpg",
  "category": "EstateCar",
  "brand": "BMW",
  "model": "M3",
  "url": "https://suchen.mobile.de/fahrzeuge/details.html?id=431766090",
  "price.total.amount": 85900,
  "priceRating": {
    "rating": "Good price",
    "priceRanges": {
      "Very good price": {
        "start": 64101,
        "end": 83300
      },
      "Good price": {
        "start": 83301,
        "end": 89700
      },
      "Fair price": {
        "start": 89701,
        "end": 99700
      },
      "Increased price": {
        "start": 99701,
        "end": 107100
      },
      "High price": {
        "start": 107101,
        "end": 119000
      }
    }
  },
  "description": "Getriebe: Automatik\nTechnik: Allrad, Bordcomputer, Sperrdifferential, Adaptives Daempfungssystem, Start-Stop-Automatik, Volldigitales Kombiinstrument\nAssistenten: Totwinkel-Assistent, Müdigkeitserkennung, Verkehrszeichenerkennung, Park-Lenk-Assistent, Regensensor, Fernlichtassistent, Lichtsensor, Notbremsassistent, Berganfahrassistent, Spurhalteassistent, Spurwechselassistent, Abstandsregeltempomat, Ausparkassistent, Abstands-/Kollisionswarner\nKomfort: Klimaautomatik, Servolenkung, Zentralverriegelung, Elektrischer Fensterheber, Lederausstattung, Sitzheizung, Elektrische Aussenspiegel, Teilbare Ruecksitzlehne, Tempomat, Multifunktionslenkrad, Keyless Go Startfunktion, Elektrische Sitze, Innenspiegel autom. abblendbar, Mittelarmlehne, Innenraumfilter, Lenksaeule einstellbar, Sportsitze, ParkDistanceControl vorne und hinten, Elektrische Heckklappe, Keyless Entry, Memory Sitze, Ambientebeleuchtung, Lordosenstütze, Lederlenkrad, Geschwindigkeitsbegrenzungsanlage, Klimaautomatik-2-Zonen, Klimaautomatik-3-Zonen, Funkfernbedienung\nSicht: LED-Hauptscheinwerfer, adaptives Kurvenlicht, LED-Tagfahrlicht, 360 Grad Kamera, HEAD-UP-Display, LED-Rueckleuchten, Scheinwerferregulierung, Colorverglasung, Privacyverglasung\nSicherheit: ABS, Airbag, Beifahrer-Airbag, Wegfahrsperre, Seitenairbags, Alarmanlage, ESP, Antriebsschlupfregelung, Reifendruckkontrolle, Traktionskontrolle, Kopfairbag, Knieairbag, Kindersitzbefestigung, Anhängerstabilisierung, Notrufsystem, Pannenkit\nEntertainment: Navigationssystem, Soundsystem, Radio, Telefonvorbereitung, USB-Anschluss, MP3, Harman-Kardon, Bluetooth, Freisprecheinrichtung, Sprachsteuerung, DAB, WLAN, Touchscreen, Induktionsladen für Smartphones, Musikstreaming, Navigationsvorbereitung\nUmwelt: Grüne Umweltplakette\nQualität: Garantie, Scheckheftgepflegt, HUAU neu, Nichtraucherfahrzeug\nSonstiges: Katalysator, Metallic, Alufelgen, Dachreling, Gepaeckraumabdeckung, Sportpaket, Sportfahrwerk, Lenkradheizung, Fahrerprofilauswahl, Sommerreifen, Gepäckraumabtrennung\nWeiteres: Leder Merino Yas Marina, Abgasnorm EU6 RDE II, M Drive Professional, 19/20 M Schmiederäder, EU spezifische Umfänge, Lenkradheizung, Reifendruck-Kontrolle, Reifenreparatur Set, Alarmanlage, KOMFORTZUGANG, SONNENSCHUTZVERGLASUNG, M Interieurleisten Aluminium, Galvanikapplikation für, Adaptiver LED-Scheinwerfer, FERNLICHTASSISTENT, Active Protection, DRIVING ASSISTANT PROFESSIONAL, Fondkopfstützen klappbar, PARKING ASSISTANT PLUS, DAB-Tuner, Harman Kardon Surround Sound System, gesetzlicher Notruf, Connecteddrive Services, Ablage für Wireless Charging, Personal eSIM, BMW Live Cockpit Professional, Innovationspaket, Deutschland-Ausführung, Ölwartungsintervall 30000 km / 24, COC Zusatzumfänge, Steuerung FAS 18, Steuerung D, M Sportdifferenzial, Adaptives M Fahrwerk, M Dachreling Hochglanz Shadow Line, oxfordgrün II metallic, Innenspiegel automatisch Abblendend, Sitzverstellung, elektrisch mit, Lordosenstütze für Fahrer und, KLIMAAUTOMATIK, M Sportsitze, M Hochglanz Shadow Line, M Dachhimmel anthrazit, M Hochglanz Shadow Line mit, KAELTEMITTEL, Aktiver Fußgängerschutz, Reifendruck-Kontrollsystem, Scheibenwischer mit Regensensor, Scheinwerfer LED, Knieairbag Fahrerseite, Heckleuchten LED, Ambiente-Beleuchtung, Leuchtweitenregelung, Multifunktion für Lenkrad, Lenksäule (Lenkrad) mechan. verstellbar, Reifen-Reparaturset (Mobility-Pack), Anhänger-Stabilisierungs-Programm (ASL), Sonnenschutzverglasung (hinten abgedunkelt), Klimaautomatik 3-Zonen mit autom. Umluft-Control, M Drive Professional (Fahrprofilauswahl), Schadstoffarm nach Abgasnorm Euro 6e, Aktives M Differential, Control-Display mit Farbmonitor (14,9 Zoll), Adaptives Fahrwerk M-Technic, LM-Felgen, Radioempfang digital (DAB+), Motor 3,0 Ltr. - 390 kW 24V, Personalisierungssystem (BMW ID), Einstiegsleisten mit Einleger in Aluminium mit Schriftzug M, Head-up-Display Full Color, Antriebsart: Allradantrieb, Spiegel-Paket, Motor 3,0 Ltr. - 390 kW 24V TwinPower Turbo (S58), Rückfahrkamera, Geschwindigkeits-Regelanlage, Aktiv mit Stop&Go-Funktion, Komfortzugang (Öffnungs- und Schließsystem), LM-Felgen vorn/hinten: 9,5x19 / 10,5x20 (Doppelspeichen 826 M, Bicolor, Schwarz), Sitzbezug /\nInt.KnNr: 072513\nÄnderungen, Zwischenverkauf und Irrtümer vorbehalten. \nTrotz größter Mühe und Sorgfalt sind Fehler in dieser Fahrzeugbeschreibung nicht ausgeschlossen. Die Fahrzeugbeschreibung ist unverbindlich und stellt keinen Vertragsbestandteil im rechtlichen Sinne dar sondern dient nur der allgemeinen Identifizierung des Fahrzeugs. Ausschlaggebend sind einzig und allein die Vereinbarungen im Kaufvertrag / Auftragsbestätigung. Den genauen Ausstattungsumfang sowie alle weiteren Spezifikationen des Fahrzeugs erhalten Sie von unserem Verkaufspersonal.\n\nquality by dotzilla",
  "dealerDetails": {
    "id": 454448,
    "name": "BMW Autohaus Sperber GmbH & Co. KG",
    "sellerType": "Dealer",
    "phones": [
      "+49 (0)951 96433385",
      "+49 (0)951 96430330"
    ],
    "languages": [
      "Deutsch",
      "English",
      "Français"
    ],
    "country": "DE",
    "address": "Ohmstrasse 10a, DE-96050 Bamberg",
    "location": {
      "latitude": 49.8972862,
      "longitude": 10.919498
    },
    "activeSince": "2002-07-22T00:00:00.000Z",
    "homepageUrl": "https://home.mobile.de/home/redirect.html?customerId=454448",
    "iconUrl": null,
    "reviewPageUrl": "https://www.mobile.de/bewertungen/AH-SPERBER?lang=en",
    "score": {
      "total": 4.4,
      "responseTime": 4.4,
      "friendliness": 4.6,
      "advice": 4.3
    },
    "activeRatingCount": 148,
    "vehicleAsDescribedPercentage": 91,
    "recommendPercentage": 82,
    "soldVehicleCount": null,
    "reviews": []
  },
  "attributes": {
    "Vehicle condition": "Used vehicle",
    "Category": "Estate car",
    "Trim line": "m3",
    "Vehicle Number": "072513",
    "Availability": "Now",
    "Mileage": "23,542 km",
    "Cubic Capacity": "2,993 ccm",
    "Power": "390 kW (530 hp)",
    "Drive type": "Internal combustion engine",
    "Fuel": "Petrol",
    "CO₂ class": "Based on CO₂ emissions (combined)",
    "Fuel consumption": [
      "10.4 l/100km (combined)",
      "15.8 l/100km (city)",
      "10.3 l/100km (suburban)",
      "8.8 l/100km (country road)",
      "9.8 l/100km (motorway)"
    ],
    "Energy costs for 15,000 km annual mileage": "€2,802/Year",
    "Fuel price": "€1.80/l (annual average 2024)",
    "Possible CO₂ costs over the next 10 years (15,000 km/year)": [
      "€4,477 (assuming an average CO₂ price of €127/t)",
      "€2,115 (assuming a low average CO₂ price of €60/t)",
      "€7,050 (assuming a high average CO₂ price of €200/t)"
    ],
    "Vehicle tax": "€480/Year",
    "Number of Seats": "5",
    "Door Count": "4/5",
    "Transmission": "Automatic",
    "Emissions Sticker": "4 (Green)",
    "First Registration": "11/2024",
    "Construction Year": "2024",
    "Number of Vehicle Owners": "1",
    "HU": "New",
    "Climatisation": "Automatic climatisation, 3 zones",
    "Parking sensors": "Front, 360° camera, Rear, Self-steering systems",
    "Airbags": "Front and Side and More Airbags",
    "Colour (Manufacturer)": "SAO PAULO GELB/ZESTY YELLOW UNI",
    "Colour": "Yellow Metallic",
    "Interior Design": "Full leather, Blue",
    "Cylinders": "6",
    "Energy consumption (comb.)": "10.4 l/100km",
    "CO₂ emissions (comb.)": "235 g/km"
  },
  "features": [
    "ABS",
    "Adaptive cornering lights",
    "Adaptive Cruise Control",
    "Alarm system",
    "Alloy wheels",
    "Ambient lighting",
    "Arm rest",
    "Autom. dimming interior mirror",
    "Blind spot assist",
    "Bluetooth",
    "Cargo barrier",
    "Central locking",
    "DAB radio",
    "Digital cockpit",
    "Distance warning system",
    "Dynamic chassis control",
    "Electric seat adjustment",
    "Electric side mirror",
    "Electric tailgate",
    "Electric windows",
    "Eletric seat adjustment with memory function",
    "Emergency brake assist",
    "Emergency call system",
    "Emergency tyre repair kit",
    "ESP",
    "Fatigue warning system",
    "Folding exterior mirrors",
    "Four-wheel drive",
    "Full Service History",
    "Hands-free kit",
    "Head-up display",
    "Heated seats",
    "Heated steering wheel",
    "High beam assist",
    "Hill-start assist",
    "Immobilizer",
    "Induction charging for smartphones",
    "Integrated music streaming",
    "Isofix",
    "Keyless central locking",
    "Lane change assist",
    "Leather steering wheel",
    "LED headlights",
    "LED running lights",
    "Light sensor",
    "Lumbar support",
    "Multifunction steering wheel",
    "Navigation preparation",
    "Navigation system",
    "Non-smoker vehicle",
    "On-board computer",
    "Power Steering",
    "Rain sensor",
    "Rear traffic alert",
    "Roof rack",
    "Sound system",
    "Speed limit control system",
    "Sport seats",
    "Sports package",
    "Sports suspension",
    "Start-stop system",
    "Summer tyres",
    "Tinted windows",
    "Touchscreen",
    "Traction control",
    "Traffic sign recognition",
    "Tuner/radio",
    "Tyre pressure monitoring",
    "USB port",
    "Voice control",
    "Warranty",
    "WLAN / Wi-Fi hotspot"
  ]
},
{
  "title": "BMW M3 Competition M xDrive Tou LCProf HUD ACC LCI",
  "previewImage": "https://img.classistatic.de/api/v1/mo-prod/images/b0/b064098c-0148-4b05-be50-4576e772b317?rule=mo-1600.jpg",
  "category": "EstateCar",
  "brand": "BMW",
  "model": "M3",
  "url": "https://suchen.mobile.de/fahrzeuge/details.html?id=429141382",
  "price.total.amount": 86949,
  "priceRating": {
    "rating": "Very good price",
    "priceRanges": {
      "Very good price": {
        "start": 67101,
        "end": 87200
      },
      "Good price": {
        "start": 87201,
        "end": 93900
      },
      "Fair price": {
        "start": 93901,
        "end": 104400
      },
      "Increased price": {
        "start": 104401,
        "end": 112100
      },
      "High price": {
        "start": 112101,
        "end": 124500
      }
    }
  },
  "description": "M Isle of Man Grün metallic\nLeder Merino silverstone/schwarz\nBMW Live Cockpit Professional\nM Sportsitze\nAdaptiver LED-Scheinwerfer\nGeschwindigkeitsregelung mit Bremsfunktion\nHarman Kardon Surround Sound System\nAdaptives Sportfahrwerk\nParking Assistant\nDAB-Tuner\nSitzheizung für Fahrer und Beifahrer\nKomfortzugang (Keyless Entry)\nKlimaautomatik\nAlarmanlage\nSonnenschutzverglasung\nDachhimmel in anthrazit\nBMW Individual Dachreling Hochglanz Shadow Line\nM Interieurleisten Aluminium R\nDach und Spiegelkappen in schwarz\nInnen- und Außenspiegel, automatisch abblendend\nAblagepaket\nAblage für Wireless Charging\nHochglanz Shadow-Line\nBeifahrerairbag Deaktivierung\nGesetzlicher Notruf\nBMW Individual HochglanzShadow Line mit \nFondkopfstützen klappbar\nActive Protection\nLordosenstütze\nReifendruckanzeige\n19\"/20\" M Schmiederäder\nM Sportdifferential\nHead-Up-Display\nSelbstfahrervermietfahrzeug\nInnenspiegel, automatisch abblendend\nSitzverstellung, elektrisch mit Memory für Fahrer\nM Drive Professional\nGalvanikapplikation für Bedienelemente\nM Sicherheitsgurte\nDriving Assistant\nFernlichtassistent\nGerne teilen wir Ihnen den detaillierten Fahrzeugzustand im Rahmen eines persönlichen Gespräches mit unserem Verkaufspersonal mit. Trotz größter Sorgfalt sind Inseratsfehler nicht ausgeschlossen, Irrtümer und Zwischenverkauf vorbehalten\nÄnderungen Zwischenverkauf und Irrtümer vorbehalten!",
  "dealerDetails": {
    "id": 457922,
    "name": "Reisacher Augsburg GmbH",
    "sellerType": "Dealer",
    "phones": [
      "+49 (0)821 9998487352"
    ],
    "languages": [
      "Deutsch",
      "English"
    ],
    "country": "DE",
    "address": "Ammannstraße 1, DE-86167 Augsburg",
    "location": {
      "latitude": 48.3987117,
      "longitude": 10.9218009
    },
    "activeSince": "2001-12-06T00:00:00.000Z",
    "homepageUrl": "https://home.mobile.de/home/redirect.html?customerId=457922",
    "iconUrl": null,
    "reviewPageUrl": "https://www.mobile.de/bewertungen/AUTOHAUS-AUGSBURG?lang=en",
    "score": {
      "total": 3.9,
      "responseTime": 4,
      "friendliness": 4.1,
      "advice": 3.7
    },
    "activeRatingCount": 56,
    "vehicleAsDescribedPercentage": 78,
    "recommendPercentage": 72,
    "soldVehicleCount": null,
    "reviews": []
  },
  "attributes": {
    "Vehicle condition": "Used vehicle",
    "Category": "Estate car, Employee's Car",
    "Vehicle Number": "151689",
    "Mileage": "8,982 km",
    "Cubic Capacity": "2,993 ccm",
    "Power": "390 kW (530 hp)",
    "Drive type": "Internal combustion engine",
    "Fuel": "Petrol",
    "CO₂ class": "Based on CO₂ emissions (combined)",
    "Fuel consumption": [
      "10.4 l/100km (combined)",
      "15.8 l/100km (city)",
      "10.3 l/100km (suburban)",
      "8.8 l/100km (country road)",
      "9.8 l/100km (motorway)"
    ],
    "Number of Seats": "5",
    "Door Count": "4/5",
    "Transmission": "Automatic",
    "Emission Class": "Euro 6e",
    "First Registration": "10/2024",
    "Number of Vehicle Owners": "1",
    "HU": "New",
    "Climatisation": "Automatic air conditioning",
    "Parking sensors": "Camera, Self-steering systems",
    "Airbags": "Front and Side and More Airbags",
    "Colour (Manufacturer)": "Isle of Man Grün metallic",
    "Colour": "Green",
    "Interior Design": "Full leather, Grey",
    "Energy consumption (comb.)": "10.4 l/100km",
    "CO₂ emissions (comb.)": "234 g/km"
  },
  "features": [
    "ABS",
    "Adaptive cornering lights",
    "Alarm system",
    "Alloy wheels",
    "Central locking",
    "Cruise control",
    "DAB radio",
    "Electric seat adjustment",
    "Electric side mirror",
    "Electric windows",
    "ESP",
    "Fog lamp",
    "Four-wheel drive",
    "Full Service History",
    "Head-up display",
    "Heated seats",
    "Immobilizer",
    "Isofix",
    "Keyless central locking",
    "LED headlights",
    "LED running lights",
    "Light sensor",
    "Lumbar support",
    "Navigation system",
    "Non-smoker vehicle",
    "On-board computer",
    "Power Steering",
    "Roof rack",
    "Sound system",
    "Sport seats",
    "Sports package",
    "Sports suspension",
    "Start-stop system",
    "Traction control",
    "Tuner/radio",
    "Warranty"
  ]
},
{
  "title": "BMW M3 Touring xDrive Competition NAVI H/K KAMERA",
  "previewImage": "https://img.classistatic.de/api/v1/mo-prod/images/f1/f16d9495-cd25-4893-9b7b-cdc901af6074?rule=mo-1600.jpg",
  "category": "EstateCar",
  "brand": "BMW",
  "model": "M3",
  "url": "https://suchen.mobile.de/fahrzeuge/details.html?id=430496227",
  "price.total.amount": 86890,
  "priceRating": {
    "rating": "Good price",
    "priceRanges": {
      "Very good price": {
        "start": 64601,
        "end": 84000
      },
      "Good price": {
        "start": 84001,
        "end": 90500
      },
      "Fair price": {
        "start": 90501,
        "end": 100600
      },
      "Increased price": {
        "start": 100601,
        "end": 108000
      },
      "High price": {
        "start": 108001,
        "end": 120000
      }
    }
  },
  "description": "Fahrzeug-Nr.: 314103\nAssistenzsysteme:\nSpurassistent, Spurwechselassistent, Fernlichtassistent, Parkassistent, Parkassistenzpaket, Parking Assistant, PDC (Einparkhilfe), Querverkehrswarnung, Rückfahrkamera, Auffahrwarner, Müdigkeitserkennung / Aufmerksamkeitsassistent, Rückfahrassistent, Tempomat, AutoHold Funktion/Halteassistent, Lichtsensor, Regensensor, Active Guard, Remote Services / Vorbereitung, Driving Assistant, Einparkhilfe vorne, intelligenter Notruf, Speed Limit Device, TeleServices.\nLicht:\nLED Scheinwerfer, LED (Teil)-Rückleuchten, LED Tagfahrlicht, LED Kennzeichenleuchte.\nMedia & Infotainment:\nNavigation / Online Navigation, 3D-Kartendarstellung, BMW Live Cockpit Professional, Concierge Service, Splitscreen-Funktion, APPS, Touchscreen-Display, Connected Package Professional, Harman Kardon Surround Sound System, Radio, Audiosystem MP3-fähig, DAB Tuner, iDrive (BMW), Real Time Traffic Information / Vorbereitung, USB-Schnittstelle/Anschluss, Bluetooth Schnittstelle, Freisprecheinrichtung, Sprachsteuerung-/Bedienung, Telefonvorbereitung mit Bluetooth, Telefonie mit Wireless Charging, BMW Connected, BMW Online / Vorbereitung, ConnectedDrive Services.\nSicherheit & Technik:\nadaptives M-Fahrwerk, M Drive, Dynamic Stability Control (DSC), Dynamische Traktions Control (DTC), Sportdifferenzial, Beifahrerairbag, Beifahrerairbag-Deaktivierung, Fahrerairbag, Knieairbag, Kopfairbags hinten, Kopfairbagsystem, Seitenairbags vorn, Alarmanlage, Antiblockiersystem (ABS), Bremsassistent (BAS), Fahrzeugfront mit Fußgängerschutz, Gurtanlegekontrolle, Gurtkraftbegrenzer, Seitenaufprallschutz, Sicherheitsgurte mit Gurtstraffern, Wegfahrsperre, M Drive Professional, M Traction Control.\nKomfort & Klima:\nelektrische Sitzverstellung Fahrer/Beifahrer mit Fahrermemory, Spiegel elektrisch klappbar, Standlüftung, Telematik/Notrufsystem (Vorbereitung), Außenspiegel mit Beifahrerspiegelabsenkung, Bordcomputer, elektrische Parkbremse, Innen-/Aussenspiegel automatisch abblendend, Innenspiegel automatisch abblendend, Komfortblinker (1xAntippen = 3xBlinken), Lordose / Lendenwirbelstütze, elektr. Spiegel beheizt, elektrische Fensterheber, ISOFIX Kindersitzbefestigung, Klimaautomatik, Zentralverriegelung mit Fernbedienung, (3-Zonen Klimaautomatik), 4xSitzheizung, Sitzheizung, 12V Steckdose, abgedunkelte Scheibe(n), Akustikverglasung, ATA / Aussentemperaturanzeige, automatische Türverriegelung nach dem Anfahren und Entriegelung im Falle eines Unfalls, Begrüßungslicht über Funkfernbedienung, Center Lock Schalter, Colorglas, elektrische Lehnenbreitenverstellung, Heckscheibenwischer, Komfortschliessung / -öffnung der Fenster, Luftgütesensor, Mittelarmlehne, schlüsselloser Motorstart, Servolenkung, Sportsitz(e), teilbare Rücksitzbank/-Lehne, verstellbare Oberschenkelauflage.\nReifen & Felgen:\nPannenset, Reifendruck-Kontrolle, 19/20 Zoll Alufelgen.\nExterieur & Design:\nAußenspiegelpaket, Shadow Line, Bremssättel rot, Compoundbremsscheiben innenbelüftet, Dachreling, Laptimer, M Drivers Package, M Drift Analyser.\nInterieur & Design:\nelektrische Lenkradverstellung, virtuelle Instrumente, Schaltwippen am Lenkrad, Sportlederlenkrad, Multifunktionslenkrad, Galvanikapplikation für Bedienelemente, Ambientebeleuchtung, Bedienelemente am Lenkrad, Dachhimmel anthrazit, Einstiegsleisten mit M-Schriftzug, Getränkehalter, Instrumentenkombination mit erweiterten Umfängen, Sonnenblende(n) beleuchtet mit Make-Up Spiegel, Zierteile in Klavierlack-Optik, Widescreen Display.\nGepäck- / Ladehilfen:\nautomatische Heckklappe-/Deckel, Ablagenpaket, Durchladesystem/-funktion, Laderaumabdeckung.\nUmwelt & Laden:\nE10 geeignet, Efficient Dynamics, Katalysator, Ottopartikelfilter, Start/Stopp Automatic, EURO 6d, Umweltplakette 4.\nGetriebe:\nDKG Drivelogic.\nWeitere Informationen:\nErstbesitz, Nichtraucherfahrzeug, Oelwartungsintervall 30000 km / 24 Monate, Scheckheft.\nWeitere Fahrzeugbilder zu diesem Fahrzeug finden Sie auf unserer Homepage!\nFinanzierungsbeispiel:\n*Ein Aktions Zielfinanzierung-Finanzierungsbeispiel der BMW Bank GmbH, Lilienthalallee 26, 80939 München für Privatkunden und Geschäftskunden: 1.046,38 EUR monatl. Rate, 5,99 Prozent eff. Jahreszins bei 36 Monaten Laufzeit, einer Anzahlung von 17.778,00 EUR und einer Schlussrate von 44.445,00 EUR. (Sollzins gebunden p.a. 5,83 Prozent), Bruttokreditbetrag: 81.068,26 EUR, Nettokreditbetrag: 69.112,00 EUR)\nZwischenverkauf und Irrtümer vorbehalten. Die Fahrzeugbeschreibung dient ausschließlich der allgemeinen Identifikation des Fahrzeugs und stellt keine rechtsverbindliche Gewährleistung dar. Verbindlich sind nur die Vereinbarungen im Kaufvertrag und der Auftragsbestätigung. Bitte beachten Sie, dass bestimmte Sonderausstattungen zusätzliche Kosten verursachen können. Detaillierte Informationen zum Ausstattungsumfang erhalten Sie von unserem Verkaufspersonal.",
  "dealerDetails": {
    "id": 454762,
    "name": "Autohaus Kaltenbach GmbH & Co. KG BMW und MINI Vertragshändler",
    "sellerType": "Dealer",
    "phones": [
      "+49 (0)2191 793094973"
    ],
    "languages": [
      "Deutsch",
      "English"
    ],
    "country": "DE",
    "address": "Borner Strasse 35, DE-42897 Remscheid",
    "location": {
      "latitude": 51.17787440000001,
      "longitude": 7.2542297
    },
    "activeSince": "2001-02-01T00:00:00.000Z",
    "homepageUrl": "https://home.mobile.de/home/redirect.html?customerId=454762",
    "iconUrl": "https://img.classistatic.de/api/v1/mo-prod/images/d1/d19f3a9a-28be-4466-b857-6b36d837f0be?rule=mo-640.jpg",
    "reviewPageUrl": "https://www.mobile.de/bewertungen/KALTENBACH-REMSCHEID?lang=en",
    "score": {
      "total": 4.4,
      "responseTime": 4.2,
      "friendliness": 4.6,
      "advice": 4.3
    },
    "activeRatingCount": 58,
    "vehicleAsDescribedPercentage": 98,
    "recommendPercentage": 84,
    "soldVehicleCount": null,
    "reviews": []
  },
  "attributes": {
    "Vehicle condition": "Used vehicle",
    "Category": "Estate car",
    "Trim line": "M3 Touring xDrive Competition",
    "Vehicle Number": "314103",
    "Availability": "Now",
    "Origin": "German edition",
    "Mileage": "2,277 km",
    "Cubic Capacity": "2,993 ccm",
    "Power": "375 kW (510 hp)",
    "Drive type": "Internal combustion engine",
    "Fuel": "Petrol, E10-enabled",
    "Number of Seats": "5",
    "Door Count": "4/5",
    "Transmission": "Automatic",
    "Emission Class": "Euro6d",
    "Emissions Sticker": "4 (Green)",
    "First Registration": "09/2023",
    "Number of Vehicle Owners": "1",
    "HU": "New",
    "Climatisation": "Automatic climatisation, 3 zones",
    "Parking sensors": "Camera, Rear, Front, Self-steering systems",
    "Airbags": "Front and Side and More Airbags",
    "Colour (Manufacturer)": "black sapphire",
    "Colour": "Black Metallic",
    "Interior Design": "Full leather, Brown",
    "Weight": "1,940 kg",
    "Cylinders": "6",
    "Tank capacity": "59 l"
  },
  "features": [
    "ABS",
    "Alarm system",
    "Alloy wheels",
    "Ambient lighting",
    "Arm rest",
    "Autom. dimming interior mirror",
    "Blind spot assist",
    "Bluetooth",
    "Central locking",
    "Cruise control",
    "DAB radio",
    "Digital cockpit",
    "Distance warning system",
    "Dynamic chassis control",
    "Electric seat adjustment",
    "Electric side mirror",
    "Electric tailgate",
    "Electric windows",
    "Eletric seat adjustment with memory function",
    "Emergency call system",
    "Emergency tyre repair kit",
    "ESP",
    "Fatigue warning system",
    "Folding exterior mirrors",
    "Four-wheel drive",
    "Full Service History",
    "Hands-free kit",
    "Heated rear seats",
    "Heated seats",
    "High beam assist",
    "Hill-start assist",
    "Immobilizer",
    "Induction charging for smartphones",
    "Integrated music streaming",
    "Isofix",
    "Lane change assist",
    "Leather steering wheel",
    "LED headlights",
    "LED running lights",
    "Light sensor",
    "Lumbar support",
    "Multifunction steering wheel",
    "Navigation system",
    "Non-smoker vehicle",
    "On-board computer",
    "Paddle shifters",
    "Particulate filter",
    "Power Steering",
    "Rain sensor",
    "Roof rack",
    "Sound system",
    "Speed limit control system",
    "Sport seats",
    "Sports suspension",
    "Start-stop system",
    "Tinted windows",
    "Touchscreen",
    "Traction control",
    "Tuner/radio",
    "Tyre pressure monitoring",
    "USB port",
    "Voice control"
  ]
},
{
  "title": "BMW M3 Competition xDr. LASER/Vmax/CAM/MEMO/PRIVACY",
  "previewImage": "https://img.classistatic.de/api/v1/mo-prod/images/83/831b0326-862e-49f6-9a9d-5b17859b36dd?rule=mo-1600.jpg",
  "category": "EstateCar",
  "brand": "BMW",
  "model": "M3",
  "url": "https://suchen.mobile.de/fahrzeuge/details.html?id=434165938",
  "price.total.amount": 86889,
  "priceRating": {
    "rating": "Fair price",
    "priceRanges": {
      "Very good price": {
        "start": 60701,
        "end": 78900
      },
      "Good price": {
        "start": 78901,
        "end": 85000
      },
      "Fair price": {
        "start": 85001,
        "end": 94500
      },
      "Increased price": {
        "start": 94501,
        "end": 101400
      },
      "High price": {
        "start": 101401,
        "end": 112700
      }
    }
  },
  "description": "Fahrzeugnummer: 204910\n\nEhemalige unverbindliche Preisempfehlung des Automobilherstellers: 111.290 €\nFinanzierungsbeispiel: \n\n\nRate mtl.: 698 €\n\nZins eff.: 4,99%\n\nLaufzeit: 48 Monate\n\nGesamtlaufleistung: km\n\nSonderzahlung: 19.900 € \n\n\nWeitere Informationen: Sollzins p.a. 4,88%, Sollzinsart gebunden, Gesamtbetrag 82.352,10 €, Nettodarlehensbetrag 70.585,46 €, Ratenabsicherung 3.595,46 €, Bearbeitungsgebühren 0,00 €, Anbieter BMW Bank GmbH, Heidemannstr. 164, 80939 München\n\nGerne erstellen wir Ihnen ein individuelles Leasing-/Finanzierungsangebot ! \nUnsere Datenschutzhinweise finden Sie unter http://www.tief-doerfler.de/datenschutz.html\n\nDie Angaben des Finanzierungsbeispiels entsprechen zugleich dem 2/3-Beispiel nach §6a Abs. 3 PAngV. Entsprechende Bonität vorausgesetzt. HIGHLIGHTS & PAKETE\nBMW Live Cockpit Professional\nInnovationspaket\nM Shadow Line mit erweitertem Umfang\nHochglanz Shadow-Line\nAblagenpaket\n\nASSISTENZSYSTEME\nDriving Assistant\nParkassistenzsystem\nGeschwindigkeitsregelung mit Bremsfunktion\n\nMOTOR GETRIEBE & FAHRWERK\nAdaptives M Fahrwerk\nKomfortzugang\n\nAUDIO & KOMMUNIKATION\nConnected Package Professional\nDAB-Tuner\n\nINTERIEUR\nM Sportsitz\nGalvanikapplikation Bedienelemente\nDachhimmel anthrazit\nSitzverstellung elektrisch mit Memory\nKlimaautomatik\nLordosenstütze Fahrer u. Beifahrer\nSitzheizung Fahrer/Beifahrer\nInterieurleisten Pianolack schwarz\nInnenspiegel automatisch abblendend\nKopfstützen im Fond klappbar\nDeaktivierung Airbag Beifahrer\n\nLICHT & SICHT\nBMW Laserlicht\nFernlichtassistent\n\nRÄDER\nReifendruckanzeige\n\nTECHNIK & SICHERHEIT\nKilometertacho\nInnen-/Aussensp. mit Abblendautomatik\nAlarmanlage\n\nEXTERIEUR\nAbgedunkelte Verglasung\nDach und Spiegelkappen schwarz\nM Dachreling Shadow Line \nWir besorgen Ihnen Ihren WUNSCHGEBRAUCHTWAGEN! Über 2000 Fzg. sofort ab Lager verfügbar. Zugriff auf über 3000 Dienstwagen der BMW AG. Bitte sprechen Sie uns an. Unser Verkaufsteam freut sich auf Ihren Anruf. -Irrtum und Zwischenverkauf vorbehalten-",
  "dealerDetails": {
    "id": 459233,
    "name": "Tief-Dörfler Automotive GmbH - Vertragshändler der BMW-AG",
    "sellerType": "Dealer",
    "phones": [
      "+49 (0)9332 83739990",
      "+49 (0)9332 5933463"
    ],
    "languages": [
      "Deutsch",
      "English"
    ],
    "country": "DE",
    "address": "Am Traugraben 2, DE-97342 Marktsteft",
    "location": {
      "latitude": 49.6872282,
      "longitude": 10.1454064
    },
    "activeSince": "1999-08-24T00:00:00.000Z",
    "homepageUrl": "https://home.mobile.de/home/redirect.html?customerId=459233",
    "iconUrl": null,
    "reviewPageUrl": "https://www.mobile.de/bewertungen/TIEF-DOERFLER?lang=en",
    "score": {
      "total": 5,
      "responseTime": 5,
      "friendliness": 5,
      "advice": 5
    },
    "activeRatingCount": 10,
    "vehicleAsDescribedPercentage": 100,
    "recommendPercentage": 100,
    "soldVehicleCount": null,
    "reviews": []
  },
  "attributes": {
    "Vehicle condition": "Used vehicle, Accident-free",
    "Category": "Estate car",
    "Model range": "G81",
    "Vehicle Number": "204910",
    "Availability": "Now",
    "Origin": "German edition",
    "Mileage": "8,853 km",
    "Cubic Capacity": "2,998 ccm",
    "Power": "375 kW (510 hp)",
    "Drive type": "Internal combustion engine",
    "Fuel": "Petrol, E10-enabled",
    "Number of Seats": "5",
    "Door Count": "4/5",
    "Transmission": "Automatic",
    "Emission Class": "Euro6d",
    "Emissions Sticker": "4 (Green)",
    "First Registration": "07/2023",
    "Number of Vehicle Owners": "1",
    "Climatisation": "Automatic climatisation, 2 zones",
    "Parking sensors": "Camera, Rear, Front, Self-steering systems",
    "Airbags": "Front and Side and More Airbags",
    "Colour (Manufacturer)": "M Toronto Rot",
    "Colour": "Red Metallic",
    "Interior Design": "Full leather, Black"
  },
  "features": [
    "ABS",
    "Alarm system",
    "Alloy wheels",
    "Ambient lighting",
    "Arm rest",
    "Autom. dimming interior mirror",
    "Cargo barrier",
    "Central locking",
    "Cruise control",
    "DAB radio",
    "Daytime running lights",
    "Digital cockpit",
    "Distance warning system",
    "Electric seat adjustment",
    "Electric side mirror",
    "Electric tailgate",
    "Electric windows",
    "Emergency brake assist",
    "Emergency call system",
    "ESP",
    "Fatigue warning system",
    "Folding exterior mirrors",
    "Four-wheel drive",
    "Full Service History",
    "Hands-free kit",
    "Heated seats",
    "Immobilizer",
    "Integrated music streaming",
    "Isofix",
    "Keyless central locking",
    "Lane change assist",
    "Laser headlights",
    "Leather steering wheel",
    "Light sensor",
    "Multifunction steering wheel",
    "Navigation system",
    "Non-smoker vehicle",
    "On-board computer",
    "Paddle shifters",
    "Power Steering",
    "Rain sensor",
    "Speed limit control system",
    "Sport seats",
    "Sports package",
    "Sports suspension",
    "Start-stop system",
    "Tinted windows",
    "Touchscreen",
    "Traction control",
    "Traffic sign recognition",
    "Tuner/radio",
    "Tyre pressure monitoring",
    "USB port",
    "Voice control",
    "Warranty"
  ]
},
{
  "title": "BMW M3 Competition MxDrive Touring M Sport HUD ACC",
  "previewImage": "https://img.classistatic.de/api/v1/mo-prod/images/2f/2fe171be-54e3-4893-9abd-9f8b37eb7f00?rule=mo-1600.jpg",
  "category": "EstateCar",
  "brand": "BMW",
  "model": "M3",
  "url": "https://suchen.mobile.de/fahrzeuge/details.html?id=430733435",
  "price.total.amount": 86850,
  "priceRating": {
    "rating": "Good price",
    "priceRanges": {
      "Very good price": {
        "start": 63901,
        "end": 83100
      },
      "Good price": {
        "start": 83101,
        "end": 89500
      },
      "Fair price": {
        "start": 89501,
        "end": 99500
      },
      "Increased price": {
        "start": 99501,
        "end": 106800
      },
      "High price": {
        "start": 106801,
        "end": 118700
      }
    }
  },
  "description": "Leasingbeispiel\n\nMtl. Leasingrate: 1.377,02 EUR inkl. MwSt.\nAnschaffungspreis 86.850,00 EUR\nSonderzahlung: 0,00 EUR\nLaufleistung p.a. 10.000km\nLaufzeit 36 Monate\nSollzinssatz p.a.: 5,80% (gebunden für die gesamte Vertragslaufzeit)\nEffektiver Jahreszins 5,96%\nGesamtbetrag 49.572,72 EUR\nEin unverbindliches Leasingbeispiel der BMW Bank GmbH, Lilienthalallee 26, 80939 München.\n\n\nAntrieb, Fahrwerk\nAdaptives M Fahrwerk\nAllrad\nM Drive Professional\nM Sportdifferential\nSportfahrwerk\n\nEditionen und Pakete\nAblagenpaket\nConnectedDrive Services (laufzeitgebundener Dienst)\nConnectedPackage Professional (laufzeitgebundener Dienst)\nGepäckraum-Paket\nInnovations-Paket (2)\n\nExterieur\nDach und Spiegelkappen schwarz\nDachreling\nElektrische Gepäckraumklappe\n\nFahrerassistenz\nFahrassistenz-System: Driving Assistant Professional\nGesetzlicher Notruf\nHead-Up Display\nParkassistent-Paket Plus\nRückfahrkamera\nSpurverlassenswarnung\nSpurwechselwarnung\nTeleServices\n\nIndividualumfänge\nBMW Individual Dachreling Hochglanz Shadow Line\nBMW Individual Hochglanz Shadow Line\nBMW Individual Hochglanz Shadow Line mit erweiterten Umfängen\nDachhimmel Individual anthrazit\nScheinwerfer BMW Individual Shadow-Line\n\nKomfort, Innenausstattung\nAbstandsregeltempomat\nAktive Sitzbelüftung vorn\nDurchladesystem\nEinparkhilfe selbstlenkendes System\nFensterheber, elektrisch\nFondkopfstützen klappbar\nGalvanikapplikation für Bedienelemente\nInnen- und Aussenspiegel automatisch abblendend\nKeyless Entry\nKlimaautomatic\nKomfortzugang (Öffnungs- und Schließsystem)\nLeder\nLederlenkrad\nLordose\nLordosenstuetze fuer Fahrer und Beifahrer\nM Sicherheitsgurte\nM Sportsitze\nMultifunktionslenkrad\nSitzheizung fuer Fahrer und Beifahrer\nSitzverstellung, elektrisch mit Memory\nSonnenschutzrollo an Türscheiben hinten\nSonnenschutzverglasung\nSportsitze\nSpurhalteassistent\nTempomat\nVerglasung Akustikglas\nZentralverriegelung\n\nMultimedia\nBluetooth\nBMW Live Cockpit Professional (laufzeitgebundener Dienst)\nDAB Tuner\nFreisprecheinrichtung\nHarman Kardon Surround Sound System\nNavigationssystem\nRadio\nTelefon\nUSB Schnittstelle\n\nRäder\nAlufelgen\nRadschraubensicherung\nReifenreparatur-Set\nWinterraeder statt Sommerraeder\n\nSitzbezug\nLeder Merino Schwarz/Schwarz\n\nSonstiges\nAbgasnorm EU6 RDE II\nAblage für Wireless Charging\nAblage für Wireless Charging \nAblagenpaket\nActive Guard\nActive Protection\nAdaptiver LED-Scheinwerfer\nAdaptives M Fahrwerk\nAktive Sitzbelüftung vorn\nAktiver Fußgängerschutz\nAkustikverglasung\nAlarmanlage\nBlow by-Heizer\nBMW Digital Key\nBMW Live Cockpit Professional\nCO2-Umfang\nConnected Package Professional\nConnectedDrive Services\nDAB-Tuner\nDach und Spiegelkappen schwarz\nDeaktivierung Beifahrerairbag\nDekodierung Zusatzfunktionen\nDeutsch / Bordliteratur\nDeutschland-Ausfuehrung\nDriving Assistant Professional\nElektrisch verstellbare Spiegel\nEU-spezifische Zusatzumfaenge\nEZ auf Vermietfirma\nFahrassistenz-System: aktiver Spurhalteassistent\nFahrassistenz-System: Ampel-Erkennung\nFahrassistenz-System: Ausweich-Assistent\nFahrassistenz-System: Einparkhilfe Seite\nFahrassistenz-System: Falschfahrwarnung\nFahrassistenz-System: Frontkollisionswarnung\nFahrassistenz-System: Heckaufprall-Vermeidung (Prävention Heckkollision)\nFahrassistenz-System: Kreuzungs-Assistent\nFahrassistenz-System: Park-Assistent\nFahrassistenz-System: Querverkehrs-Assistent\nFahrassistenz-System: Rückfahr-Assistent\nFahrassistenz-System: Rückfahrhilfe Notbremsfunktion (Active PDC)\nFahrassistenz-System: Spurwechselassistent\nFahrassistenz-System: Spurwechsel-Warnsystem\nFernlichtassistent\nFondkopfstützen klappbar\nGalvanikapplikation für Bedienelemente\nGepäckraumpaket\nGeschwindigkeits-Regelanlage, Aktiv mit Stop&Go-Funktion\nGesetzlicher Notruf\nHarman Kardon Surround Sound System\nInduktionsladen für Smartphones\nInnen- und Außenspiegelpaket\nInnenspiegel automatisch abblendend\nInnovationspaket\nInstrumententafel Luxury\nInterieurleisten Aluminium Rhombicle Anthrazit \nInterne Steuerung\nKältemittel\nKBA 7909/ADT\nKilometertacho\nKlimaautomatik\nKomfortzugang\nLordosenstütze für Fahrer und Beifahrer\nM Dachhimmel anthrazit\nM Dachreling Hochglanz Shadow Line\nM Drive Professional\nM Hochglanz Shadow Line\nM Hochglanz Shadow Line mit erweiterten Umfängen\nM Interieurleisten Aluminium Rhombicle Anthrazit\nM Leuchten Shadow Line\nM Sicherheitsgurte\nM Sportdifferenzial\nM Sportsitze\nMetallic-Lackierung\nÖlwartungsintervall 24 Monate/30.000 km\nÖlwartungsintervall 30000 km / 24 Monate\nParking Assistant Plus\nPersonal eSIM\nPersonal eSIM \nRadschraubensicherung\nReifendruck-Kontrolle\nReifendruckkontrollsystem\nReifenreparatur Set\nRückfahrkamera\nRückfahrkamera (Top View)\nService-System: Remote 3D View\nSitzbezug / Polsterung: Leder Merino Schwarz\nSitzheizung für Fahrer und Beifahrer\nSitzverstellung, elektrisch mit Memory für Fahrersitz\nSonnenschutzrollo für hintere Türseitenscheiben\nSonnenschutzverglasung\nSteuerung EfficientDynamics\nSteuerung Infotainment\n* Steuerung KarossIrrtümer und Zwischenverkauf vorbehalten.",
  "dealerDetails": {
    "id": 37416651,
    "name": "Procar Automobile Wuppertal GmbH & Co. KG",
    "sellerType": "Dealer",
    "phones": [
      "+49 (0)2051 423698863"
    ],
    "languages": [
      "Deutsch"
    ],
    "country": "DE",
    "address": "Kopernikusstr. 6, DE-42549 Velbert",
    "location": {
      "latitude": 51.3492846,
      "longitude": 7.0249279
    },
    "activeSince": "2001-04-27T00:00:00.000Z",
    "homepageUrl": "https://home.mobile.de/home/redirect.html?customerId=37416651",
    "iconUrl": "https://img.classistatic.de/api/v1/mo-prod/images/34/34617e6b-9382-43c7-becb-dd844a4ae74c?rule=mo-640.jpg",
    "reviewPageUrl": "https://www.mobile.de/bewertungen/PROCARAUTOMOBILEWUPPERTALGMBHCOKGVELBERT?lang=en",
    "score": {
      "total": 4.8,
      "responseTime": 4.8,
      "friendliness": 4.9,
      "advice": 4.7
    },
    "activeRatingCount": 23,
    "vehicleAsDescribedPercentage": 91,
    "recommendPercentage": 89,
    "soldVehicleCount": null,
    "reviews": []
  },
  "attributes": {
    "Vehicle condition": "Used vehicle, Accident-free",
    "Category": "Estate car, Employee's Car",
    "Model range": "G81",
    "Trim line": "MxDrive Touring M Sport HUD ACC",
    "Vehicle Number": "456379-B",
    "Availability": "Now",
    "Origin": "German edition",
    "Mileage": "23,798 km",
    "Cubic Capacity": "2,993 ccm",
    "Power": "390 kW (530 hp)",
    "Drive type": "Internal combustion engine",
    "Fuel": "Petrol",
    "Number of Seats": "5",
    "Door Count": "4/5",
    "Transmission": "Automatic",
    "Emission Class": "Euro6",
    "Emissions Sticker": "4 (Green)",
    "First Registration": "12/2024",
    "Construction Year": "2024",
    "Number of Vehicle Owners": "1",
    "HU": "12/2025",
    "Climatisation": "Automatic climatisation, 3 zones",
    "Parking sensors": "Self-steering systems, Rear, Camera, Front",
    "Airbags": "Front and Side and More Airbags",
    "Colour (Manufacturer)": "Skyscraper Grau metallic",
    "Colour": "Grey Metallic",
    "Interior Design": "Full leather, Black",
    "Weight": "1,940 kg",
    "Tank capacity": "59 l"
  },
  "features": [
    "ABS",
    "Adaptive Cruise Control",
    "Adaptive lighting",
    "Alarm system",
    "Alloy wheels",
    "Ambient lighting",
    "Arm rest",
    "Autom. dimming interior mirror",
    "Blind spot assist",
    "Bluetooth",
    "Cargo barrier",
    "Central locking",
    "DAB radio",
    "Digital cockpit",
    "Distance warning system",
    "Dynamic chassis control",
    "Electric seat adjustment",
    "Electric side mirror",
    "Electric tailgate",
    "Electric windows",
    "Emergency brake assist",
    "Emergency call system",
    "ESP",
    "Four-wheel drive",
    "Full Service History",
    "Glare-free high beam headlights",
    "Hands-free kit",
    "Head-up display",
    "Heated seats",
    "High beam assist",
    "Hill-start assist",
    "Immobilizer",
    "Induction charging for smartphones",
    "Isofix",
    "Keyless central locking",
    "Lane change assist",
    "Leather steering wheel",
    "LED headlights",
    "LED running lights",
    "Light sensor",
    "Lumbar support",
    "Multifunction steering wheel",
    "Navigation system",
    "Non-smoker vehicle",
    "On-board computer",
    "Particulate filter",
    "Power Steering",
    "Rain sensor",
    "Roof rack",
    "Seat ventilation",
    "Sound system",
    "Speed limit control system",
    "Sport seats",
    "Sports package",
    "Sports suspension",
    "Start-stop system",
    "Tinted windows",
    "Touchscreen",
    "Traction control",
    "Tuner/radio",
    "Tyre pressure monitoring",
    "USB port",
    "Voice control",
    "Warranty",
    "Winter tyres"
  ]
},
{
  "title": "BMW Bmw M3 Competition Touring xDrive",
  "previewImage": "https://img.classistatic.de/api/v1/mo-prod/images/7b/7b78c2c7-05d8-4c78-a3eb-61188da74af7?rule=mo-1600.jpg",
  "category": "EstateCar",
  "brand": "BMW",
  "model": "M3",
  "url": "https://suchen.mobile.de/fahrzeuge/details.html?id=433182988",
  "price.total.amount": 87200,
  "priceRating": {
    "rating": "Good price",
    "priceRanges": {
      "Very good price": {
        "start": 62901,
        "end": 81700
      },
      "Good price": {
        "start": 81701,
        "end": 88000
      },
      "Fair price": {
        "start": 88001,
        "end": 97900
      },
      "Increased price": {
        "start": 97901,
        "end": 105100
      },
      "High price": {
        "start": 105101,
        "end": 116700
      }
    }
  },
  "description": "Das Fahrzeug wurde sehr pfleglich behandelt und ordnungsgemäß eingefahren. Es sind keinerlei Gebrauchsspuren vorhanden, die sich nicht mit etwas Wasser entfernen ließen. Bei Fragen oder weiteren Bildern, Infos, jederzeit gerne melden.\nEinfahrkontrolle durchgeführt und auch ganz frisch der erste reguläre Ölwechsel.\n\nDetail Ausstattungsliste:\n1CB (CO2 UMFANG)\n1DF (ABGASTECHNIK EU6D/E)\n1MB (M DRIVE PROFESSIONAL)\n1T7 (19\"/20\" M SR D.SP. 825 M ORB.M. MB)\n230 (EU SPEZIFISCHE ZUSATZUMFAENGE)\n2PA (RADSCHRAUBENSICHERUNG)\n2T4 (M SPORTDIFFERENZIAL)\n2VB (REIFENDRUCKANZEIGE)\n2VF (ADAPTIVES M FAHRWERK)\n302 (ALARMANLAGE)\n322 (KOMFORTZUGANG)\n383 (DACH U. SPIEGELKAPPEN IN SCHWARZ)\n3MC (M DACHRELING HOCHGLANZ SHADOW LINE)\n3MF (M LEUCHTEN SHADOW LINE)\n420 (SONNENSCHUTZVERGLASUNG)\n428 (WARNDREIECK)\n430 (INNEN- UND AUSSENSPIEGELPAKET)\n431 (INNENSPIEGEL,AUTOMATISCH ABBLENDEND)\n453 (AKTIVE SITZBELUEFTUNG VORN)\n459 (SITZVERSTELLUNG, ELEKTR.MIT MEMORY)\n488 (LORDOSENSTUETZE FAHRER/BEIFAHRER)\n493 (ABLAGENPAKET)\n494 (SITZHEIZUNG FUER FAHRER/BEIFAHRER)\n4GQ (M SICHERHEITSGURTE)\n4MC (INTERIEURLEISTEN CARBON FIBRE)\n4NE (BLOW-BY-HEIZER)\n4U0 (GALVANIKAPPLIKATION FUER BEDIENELEM)\n534 (KLIMAAUTOMATIK)\n548 (KILOMETERTACHO)\n5AC (FERNLICHTASSISTENT)\n5AL (ACTIVE PROTECTION)\n5AU (DRIVING ASSISTANT PROFESSIONAL)\n5AV (ACTIVE GUARD)\n5AZ (BMW LASERLICHT)\n5DA (BEIFAHRERAIRBAG-DEAKTIVIERUNG)\n5DC (FONDKOPFSTUETZEN KLAPPBAR)\n5DM (PARKING ASSISTANT)\n654 (DAB TUNER)\n688 (HARMAN/KARDON SURROUND SOUND SYSTEM)\n6AE (TELESERVICES)\n6AF (GESETZLICHER NOTRUF)\n6AK (CONNECTEDDRIVE SERVICES)\n6C4 (CONNECTED PACKAGE PROFESSIONAL)\n6NX (ABLAGE FUER WIRELESS CHARGING)\n6U3 (BMW LIVE COCKPIT PROFESSIONAL)\n6VB (STEUERUNG INFOTAINMENT)\n712 (M SPORTSITZE)\n71C (M CARBON EXTERIEURPAKET)\n760 (M HOCHGLANZ SHADOW LINE)\n775 (M DACHHIMMEL ANTHRAZIT)\n7M9 (M HOCHGLANZ SHADOW LINE ERW. UMF.)\n7R7 (INNOVATIONSPAKET)\n801 (DEUTSCHLAND-AUSFUEHRUNG)\n851 (SPRACHVERSION DEUTSCH)\n879 (DEUTSCH / BORDLITERATUR)\n8EK (STEUERUNG KAROSSERIE)\n8KA (OELWARTUNGSINT. 30.000KM/24MONATE)\n8R9 (KAELTEMITTEL)\n8TF (AKTIVER FUSSGAENGERSCHUTZ.)",
  "dealerDetails": {
    "sellerType": "Private Seller",
    "country": "DE",
    "address": "DE-83119 Obing",
    "location": {
      "latitude": 48.00036,
      "longitude": 12.40983
    },
    "iconUrl": null,
    "reviewPageUrl": null,
    "score": null,
    "activeRatingCount": null,
    "vehicleAsDescribedPercentage": null,
    "recommendPercentage": null,
    "soldVehicleCount": null,
    "reviews": []
  },
  "attributes": {
    "Vehicle condition": "Used vehicle",
    "Category": "Estate car",
    "Mileage": "4,500 km",
    "Power": "375 kW (510 hp)",
    "Drive type": "Internal combustion engine",
    "Fuel": "Petrol",
    "Transmission": "Automatic",
    "Emissions Sticker": "4 (Green)",
    "First Registration": "08/2023",
    "HU": "08/2027",
    "Climatisation": "A/C (man.)",
    "Parking sensors": "Rear",
    "Colour (Manufacturer)": "GREY"
  },
  "features": [
    "ABS",
    "Alloy wheels",
    "Bluetooth",
    "Cruise control",
    "Full Service History",
    "Hands-free kit",
    "Heated seats",
    "Navigation system",
    "Tuner/radio"
  ]
},
{
  "title": "BMW M3 Competion M xDrive Touring M3 Competion NP120",
  "previewImage": "https://img.classistatic.de/api/v1/mo-prod/images/91/9117857c-42c7-42ab-b85e-283e7ff31597?rule=mo-1600.jpg",
  "category": "EstateCar",
  "brand": "BMW",
  "model": "M3",
  "url": "https://suchen.mobile.de/fahrzeuge/details.html?id=434233043",
  "price.total.amount": 86900,
  "priceRating": {
    "rating": "Fair price",
    "priceRanges": {
      "Very good price": {
        "start": 58901,
        "end": 76600
      },
      "Good price": {
        "start": 76601,
        "end": 82500
      },
      "Fair price": {
        "start": 82501,
        "end": 91800
      },
      "Increased price": {
        "start": 91801,
        "end": 98500
      },
      "High price": {
        "start": 98501,
        "end": 109500
      }
    }
  },
  "description": "BMW Werksgarantie bis 11/2026\nNichtraucher \nAusschließlich Handwäsche\nFront Paket xpel Ultimate lackschutzfolie\nKomplettes Fahrzeug wurde Keramikversiegelt\nAusschließlich Shell V Power\nGaragenfahrzeug\n100% Scheckheft BMW\nSelbstverständlich wurde die Betriebstemperatur des Motors immer beachtet \nOptional Original 19“ Winterkomplettradsatz\nNeupreis 120.000€\n\n19\"/20\" M Schmiederäder Doppelspeiche 826 M Schwarz / MB\nSkyscraper Grau metallic\nM Interieurleisten Carbon Fibre\nVollleder Merino Feinnarbe Schwarz/Schwarz\nSteuerung EfficientDynamics\nM Drive Professional\nRadschraubensicherung\nM Sportdifferenzial\nReifendruck-Kontrolle\nAdaptives M Fahrwerk\nAlarmanlage\nDach und Spiegelkappen schwarz\nM Dachreling Hochglanz Shadow Line\nWarndreieck und Verbandkasten\nInnen- und Außenspiegelpaket\nInnenspiegel automatisch abblendend\nSitzverstellung, elektrisch mit Memory für Fahrersitz\nLordosenstütze für Fahrer und Beifahrer\nAblagenpaket\nSitzheizung für Fahrer und Beifahrer\nGalvanikapplikation für Bedienelemente\nKlimaautomatik\nDeaktivierung Beifahrerairbag\nFondkopfstützen klappbar\nDAB-Tuner\nTeleservices\nGesetzlicher Notruf\nConnectedDrive Services\nConnected Package Professional\nAblage für Wireless Charging\nM Sportsitze\nM Hochglanz Shadow Line\nM Dachhimmel anthrazit\nM Hochglanz Shadow Line mit erweiterten Umfängen\nÖlwartungsintervall 30000 km / 24 Monate\nAktiver Fussgängerschutz\nAkustikverglasung\nM Leuchten Shadow Line\nSonnenschutzverglasung\nAktive Sitzbelüftung vorn\nM Sicherheitsgurte\nActive Protection\nParking Assistant Plus\nHarman Kardon Surround Sound System\nBMW Drive Recorder\nBMW Live Cockpit Professional\nM Driver's Package\nInnovationspaket\nKomfortzugang\nFernlichtassistent\nDriving Assistant Professional\nBMW Laserlicht\nDekodierung Zusatzfunktionen\nSteuerung K",
  "dealerDetails": {
    "id": 35270227,
    "sellerType": "Private Seller",
    "country": "DE",
    "address": "DE-50996 Köln",
    "location": {
      "latitude": 50.8815995,
      "longitude": 6.9889986
    },
    "iconUrl": null,
    "reviewPageUrl": null,
    "score": null,
    "activeRatingCount": null,
    "vehicleAsDescribedPercentage": null,
    "recommendPercentage": null,
    "soldVehicleCount": null,
    "reviews": []
  },
  "attributes": {
    "Vehicle condition": "Used vehicle, Accident-free",
    "Category": "Estate car",
    "Mileage": "22,900 km",
    "Cubic Capacity": "2,993 ccm",
    "Power": "375 kW (510 hp)",
    "Drive type": "Internal combustion engine",
    "Fuel": "Petrol",
    "Number of Seats": "5",
    "Door Count": "4/5",
    "Transmission": "Automatic",
    "Emissions Sticker": "4 (Green)",
    "First Registration": "10/2023",
    "Number of Vehicle Owners": "1",
    "HU": "11/2026",
    "Climatisation": "Automatic climatisation, 3 zones",
    "Parking sensors": "Front, Camera, Rear, Self-steering systems",
    "Airbags": "Front and Side and More Airbags",
    "Colour": "Grey Metallic",
    "Interior Design": "Full leather, Black"
  },
  "features": [
    "ABS",
    "Adaptive cornering lights",
    "Adaptive Cruise Control",
    "Alarm system",
    "Alloy wheels",
    "Ambient lighting",
    "Android Auto",
    "Apple CarPlay",
    "Arm rest",
    "Autom. dimming interior mirror",
    "Blind spot assist",
    "Bluetooth",
    "Cargo barrier",
    "Central locking",
    "DAB radio",
    "Digital cockpit",
    "Distance warning system",
    "Electric seat adjustment",
    "Electric side mirror",
    "Electric tailgate",
    "Electric windows",
    "Emergency brake assist",
    "Emergency call system",
    "Emergency tyre repair kit",
    "ESP",
    "Fatigue warning system",
    "Four-wheel drive",
    "Full Service History",
    "Glare-free high beam headlights",
    "Hands-free kit",
    "Head-up display",
    "Heated seats",
    "High beam assist",
    "Hill-start assist",
    "Immobilizer",
    "Induction charging for smartphones",
    "Integrated music streaming",
    "Isofix",
    "Keyless central locking",
    "Lane change assist",
    "Leather steering wheel",
    "LED headlights",
    "LED running lights",
    "Light sensor",
    "Lumbar support",
    "Multifunction steering wheel",
    "Navigation system",
    "Non-smoker vehicle",
    "On-board computer",
    "Paddle shifters",
    "Particulate filter",
    "Power Steering",
    "Rain sensor",
    "Seat ventilation",
    "Sound system",
    "Speed limit control system",
    "Sport seats",
    "Sports package",
    "Sports suspension",
    "Start-stop system",
    "Summer tyres",
    "Touchscreen",
    "Traction control",
    "Traffic sign recognition",
    "Tuner/radio",
    "Tyre pressure monitoring",
    "USB port",
    "Voice control",
    "Warranty",
    "Winter package",
    "Winter tyres",
    "WLAN / Wi-Fi hotspot"
  ]
},
{
  "title": "BMW M3 Competition xDrive Touring|MDriver'sPackage",
  "previewImage": "https://img.classistatic.de/api/v1/mo-prod/images/22/223515c4-bcf2-4372-985c-40eda796238d?rule=mo-1600.jpg",
  "category": "EstateCar",
  "brand": "BMW",
  "model": "M3",
  "url": "https://suchen.mobile.de/fahrzeuge/details.html?id=427325936",
  "price.total.amount": 87490,
  "priceRating": {
    "rating": "Good price",
    "priceRanges": {
      "Very good price": {
        "start": 64801,
        "end": 84300
      },
      "Good price": {
        "start": 84301,
        "end": 90700
      },
      "Fair price": {
        "start": 90701,
        "end": 100900
      },
      "Increased price": {
        "start": 100901,
        "end": 108300
      },
      "High price": {
        "start": 108301,
        "end": 120400
      }
    }
  },
  "description": "Außenausstattung\n19\"/20\" M Schmiederäder Doppel \nM Dachreling Hochglanz Shadow \nSonnenschutzverglasung \n\nKomfort/Innenausstattung\nBMW Live Cockpit Professional \nDAB-Tuner \nHarman Kardon Surround Sound S \nInnenspiegel, automatisch abbl \nKlimaautomatik \nLenkradheizung \nLordosenstütze \nParking Assistant Plus \nSitzheizung für Fahrer und Bei \nWireless Charging Ablage \n\nSicherheit/Umwelt\nAdaptiver LED-Scheinwerfer \nAlarmanlage \nBeifahrerairbag-Deaktivierung \nFernlichtassistent \nGesetzlicher Notruf \nKomfortzugang \nReifendruck-Kontrolle \n\nSitzbezug\nVollleder `Merino`| Yas Marina Blau/Schwarz\n\nSonstiges\nAbgastechnik EU6d/e \nAblagenpaket \nActive Guard \nActive Protection \nAktiver Fußgängerschutz \nBerichtigung gebrauchte Automo \nBlow by-Heizer \nConnectedDrive Services \nConnectedPackage Professional \nDach und Spiegelkappen schwarz \nDekodierung Zusatzfunktion \nDeutschland-Ausführung \nDriving Assistant Professional \nFondkopfstützen, klappbar \nGalvanikapplikation für Bedien \nGepäckraumpaket \nInnen- und Außenspiegelpaket \nInnovationspaket II \nM Compound-Bremse, rot hochglä \nM Dachhimmel anthrazit \nM Drive Professional \nM Hochglanz Shadow Line \nM Hochglanz Shadow Line mit er \nM Interieurleisten Aluminium R \nM Leuchten Shadow Line \nM Sicherheitsgurte \nM Sportdifferenzial \nÖlwartungsintervall - 24 Monat \nPersonal eSIM \nRadschraubensicherung \nReifenpannenset \nSitzverstellung, elektrisch, m \nSteuerung Infotainment \nSteuerung Karosserie \nTeleservices \n\nSport\nAdaptives M Fahrwerk \nM Driver's Package \nM Sportsitze \n\nFinanzierungsbeispiel\n\nMtl. Finanzierungsrate: 1.584,64 EUR\nAnzahlung: 0,00 EUR\nLaufzeit: 36 Monate\nZielrate: 44.619,90 EUR\nNettodarlehensbetrag: 87.490,00 EUR\nSollzinssatz p.a.: 6,30% (gebunden für die gesamte Vertragslaufzeit)\nEffektiver Jahreszins: 6,49%\nGesamtbetrag: 100.082,30 EUR\nEin unverbindliches Finanzierungsbeispiel der BMW Bank GmbH - Lilienthalallee 26 - 80939 München.\n\n\nEhemalige unverbindliche Neupreisempfehlung: 118.319,- brutto.\n\nHINWEIS: Unsere Angebote werden unverzüglich nach Kauf eingestellt, es kann dadurch sein, dass sich das von Ihnen ausgesuchte Fahrzeug noch nicht in unserer Ausstellung befindet bitte informieren Sie sich vor Besuch bei einem unserer Verkaufsberater, ob das gewünschte Fahrzeug bereits eingetroffen und verkaufsfertig ist.\nVielen Dank, Ihr Verkaufsteam!\n\n\n\n* Lieferservice innerhalb Deutschlands gegen geringen Aufpreis möglich! Irrtümer und Zwischenverkauf vorbehalten.",
  "dealerDetails": {
    "id": 461958,
    "name": "Fett & Wirtz Automobile GmbH & Co KG",
    "sellerType": "Dealer",
    "phones": [
      "+49 (0)2841 949617064"
    ],
    "languages": [
      "Deutsch",
      "English",
      "Türkçe"
    ],
    "country": "DE",
    "address": "Dr.- Berns-Strasse 34, DE-47441 Moers",
    "location": {
      "latitude": 51.4616762,
      "longitude": 6.6148158
    },
    "activeSince": "2002-07-01T00:00:00.000Z",
    "homepageUrl": "https://home.mobile.de/home/redirect.html?customerId=461958",
    "iconUrl": "https://img.classistatic.de/api/v1/mo-prod/images/ea/ea7cf6c9-8f68-43ed-91f0-4481d7d77a9b?rule=mo-640.jpg",
    "reviewPageUrl": "https://www.mobile.de/bewertungen/FETT-WIRTZ?lang=en",
    "score": {
      "total": 4.4,
      "responseTime": 4.4,
      "friendliness": 4.5,
      "advice": 4.3
    },
    "activeRatingCount": 142,
    "vehicleAsDescribedPercentage": 91,
    "recommendPercentage": 89,
    "soldVehicleCount": null,
    "reviews": []
  },
  "attributes": {
    "Vehicle condition": "Used vehicle, Accident-free",
    "Category": "Estate car, Employee's Car",
    "Model range": "G81",
    "Trim line": "xDrive Touring|MDriver'sPackage",
    "Vehicle Number": "G411465",
    "Availability": "Now",
    "Mileage": "15,850 km",
    "Cubic Capacity": "2,993 ccm",
    "Power": "375 kW (510 hp)",
    "Drive type": "Internal combustion engine",
    "Fuel": "Petrol, E10-enabled",
    "CO₂ class": "Based on CO₂ emissions (combined)",
    "Fuel consumption": [
      "10.4 l/100km (combined)",
      "15.8 l/100km (city)",
      "10.3 l/100km (suburban)",
      "8.8 l/100km (country road)",
      "9.8 l/100km (motorway)"
    ],
    "Energy costs for 15,000 km annual mileage": "€2,802/Year",
    "Fuel price": "€1.80/l (annual average 2024)",
    "Possible CO₂ costs over the next 10 years (15,000 km/year)": [
      "€4,477 (assuming an average CO₂ price of €127/t)",
      "€2,115 (assuming a low average CO₂ price of €60/t)",
      "€7,050 (assuming a high average CO₂ price of €200/t)"
    ],
    "Vehicle tax": "€480/Year",
    "Number of Seats": "5",
    "Door Count": "4/5",
    "Transmission": "Automatic",
    "Emission Class": "Euro6",
    "Emissions Sticker": "4 (Green)",
    "First Registration": "11/2024",
    "Construction Year": "2024",
    "Number of Vehicle Owners": "1",
    "HU": "New",
    "Climatisation": "Automatic climatisation, 3 zones",
    "Parking sensors": "360° camera, Rear, Front, Self-steering systems",
    "Airbags": "Front and Side and More Airbags",
    "Colour (Manufacturer)": "Sao Paulo Gelb",
    "Colour": "Yellow",
    "Interior Design": "Full leather, Blue",
    "Weight": "1,940 kg",
    "Cylinders": "6",
    "Tank capacity": "59 l",
    "Energy consumption (comb.)": "10.4 l/100km",
    "CO₂ emissions (comb.)": "235 g/km"
  },
  "features": [
    "ABS",
    "Adaptive Cruise Control",
    "Adaptive lighting",
    "Alarm system",
    "Alloy wheels",
    "Ambient lighting",
    "Android Auto",
    "Apple CarPlay",
    "Arm rest",
    "Autom. dimming interior mirror",
    "Blind spot assist",
    "Bluetooth",
    "Cargo barrier",
    "Central locking",
    "DAB radio",
    "Digital cockpit",
    "Distance warning system",
    "Dynamic chassis control",
    "Electric seat adjustment",
    "Electric side mirror",
    "Electric tailgate",
    "Electric windows",
    "Eletric seat adjustment with memory function",
    "Emergency brake assist",
    "Emergency call system",
    "Emergency tyre repair kit",
    "ESP",
    "Four-wheel drive",
    "Full Service History",
    "Glare-free high beam headlights",
    "Hands-free kit",
    "Head-up display",
    "Heated seats",
    "Heated steering wheel",
    "High beam assist",
    "Hill-start assist",
    "Immobilizer",
    "Induction charging for smartphones",
    "Isofix",
    "Keyless central locking",
    "Leather steering wheel",
    "LED headlights",
    "LED running lights",
    "Light sensor",
    "Lumbar support",
    "Multifunction steering wheel",
    "Navigation system",
    "Non-smoker vehicle",
    "On-board computer",
    "Particulate filter",
    "Power Steering",
    "Rain sensor",
    "Roof rack",
    "Sound system",
    "Speed limit control system",
    "Sport seats",
    "Sports package",
    "Sports suspension",
    "Start-stop system",
    "Tinted windows",
    "Touchscreen",
    "Traction control",
    "Traffic sign recognition",
    "Tuner/radio",
    "Tyre pressure monitoring",
    "USB port",
    "Voice control",
    "Warranty"
  ]
},
{
  "title": "BMW M3 Competion xDrive Touring Navi HUD RKam Sitzhz",
  "previewImage": "https://img.classistatic.de/api/v1/mo-prod/images/27/27be8d27-b357-44c2-ad31-a9b3db63181e?rule=mo-1600.jpg",
  "category": "EstateCar",
  "brand": "BMW",
  "model": "M3",
  "url": "https://suchen.mobile.de/fahrzeuge/details.html?id=433265961",
  "price.total.amount": 86860,
  "priceRating": {
    "rating": "Good price",
    "priceRanges": {
      "Very good price": {
        "start": 63801,
        "end": 82900
      },
      "Good price": {
        "start": 82901,
        "end": 89300
      },
      "Fair price": {
        "start": 89301,
        "end": 99300
      },
      "Increased price": {
        "start": 99301,
        "end": 106600
      },
      "High price": {
        "start": 106601,
        "end": 118400
      }
    }
  },
  "description": "Sonderausstattung\nActive Protection\nAktive Sitzbelüftung vorn\nAkustikverglasung\nDriving Assistant Professional\nFernlichtassistent\nGepäckraumpaket\nInnovationspaket\nInstrumententafel Luxury\nM Leuchten Shadow Line\nMetallic-Lackierung\nParking Assistant Plus\nSonnenschutzrollo für hintere Türseitenscheiben, mechanisch\n\nSonderausstattung ab Werk\nM Sportdifferenzial\nReifenreparatur Set\nAdaptives Fahrwerk\nAlarmanlage\nKomfortzugang\nM Dachreling Hochglanz shadow line\nSonnenschutzverglasung\nInnen- und Außenspiegelpaket\nInnenspiegel.automatisch abblendend\nSitzverstellung elektrisch mit Memory\nLordosenstütze für Fahrer und Beifahrer\nAblagenpaket\nSitzheizung für Fahrer und Beifahrer\nM Sicherheitsgurte\nM Interieurleisten Aluminium Rhombicle Antrazit\nGalvanikapplikation für Bedienelemente\nKlimaautomatik mit 2-Zonen-Regelung\nAdaptiver LED-Scheinwerfer\nHarman Kardon Surround Sound System\nWireless Charging Ablage\nBMW Live Cockpit Professional\nM Sportsitze\nM Hochglanz Shadow Line\nM Dachhimmel anthrazit\nBMW Individual Hochglanz Shadow Line mit erweiterten Umfängen\n\n\nBemerkung\n5 Jahre Garantie ab Erstzulassung. Räder nicht wie auf der Abbildung. 19' schwarze M-Felgen. ehemaliger Autovermieter.\nGarantie\nBMW Premium Selection\nBMW Zielfinanzierung 7,99%\nRate: 860,00 Euro/Monat\nLaufzeit: 48 Monate\nEff. Jahreszins: 7,99 %\nSollzins p.a.: 7,82 % gebunden\nAnzahlung: 21.715,00 Euro\nSchlussrate: 41.544,39 Euro\nBearbeitungsgebühr: 0,00 Euro\nNettodarlehensbetrag: 65.145,00 Euro\nDarlehensgesamtbetrag: 81.964,39 Euro\n\nAnbieter: BMW Bank GmbH, Lilienthalallee 26, D-80939 München\nRepräsentatives Beispiel: Vorstehende Angaben stellen zugleich das 2/3 Beispiel gem. § 6a Abs. 3PAngV dar.\n\n\nIrrtümer und Zwischenverkauf vorbehalten.\n\n(MOJS 21.08.2025 18.17)",
  "dealerDetails": {
    "id": 1946752,
    "name": "Autohaus Rolf Horn GmbH",
    "sellerType": "Dealer",
    "phones": [
      "+49 (0)2232 701856969"
    ],
    "languages": [
      "Deutsch",
      "English"
    ],
    "country": "DE",
    "address": "Industriestrasse 37-39, DE-50389 Wesseling",
    "location": {
      "latitude": 50.83429,
      "longitude": 6.95159
    },
    "activeSince": "2008-10-30T00:00:00.000Z",
    "homepageUrl": "https://home.mobile.de/home/redirect.html?customerId=1946752",
    "iconUrl": "https://img.classistatic.de/api/v1/mo-prod/images/00/00c75f5a-30e9-4bd8-bbf8-2735056a36c9?rule=mo-640.jpg",
    "reviewPageUrl": "https://www.mobile.de/bewertungen/AUTOHAUSROLFHORNGMBH?lang=en",
    "score": {
      "total": 4.3,
      "responseTime": 4.1,
      "friendliness": 4.4,
      "advice": 4.3
    },
    "activeRatingCount": 8,
    "vehicleAsDescribedPercentage": 100,
    "recommendPercentage": 83,
    "soldVehicleCount": null,
    "reviews": []
  },
  "attributes": {
    "Vehicle condition": "Used vehicle, Accident-free",
    "Category": "Estate car, Employee's Car",
    "Model range": "G81",
    "Trim line": "M3",
    "Vehicle Number": "3590321",
    "Availability": "Now",
    "Origin": "German edition",
    "Mileage": "25,436 km",
    "Cubic Capacity": "2,993 ccm",
    "Power": "390 kW (530 hp)",
    "Drive type": "Internal combustion engine",
    "Fuel": "Petrol, E10-enabled",
    "CO₂ class": "Based on CO₂ emissions (combined)",
    "Fuel consumption": [
      "10.4 l/100km (combined)"
    ],
    "Energy costs for 15,000 km annual mileage": "€2,802/Year",
    "Fuel price": "€1.80/l (annual average 2025)",
    "Vehicle tax": "€476/Year",
    "Number of Seats": "5",
    "Door Count": "4/5",
    "Transmission": "Automatic",
    "Emission Class": "Euro 6e",
    "Emissions Sticker": "4 (Green)",
    "First Registration": "12/2024",
    "Number of Vehicle Owners": "1",
    "HU": "New",
    "Climatisation": "Automatic climatisation, 3 zones",
    "Parking sensors": "Rear, Front, Self-steering systems, 360° camera",
    "Airbags": "Front and Side and More Airbags",
    "Colour (Manufacturer)": "Saphirschwarz Metallic",
    "Colour": "Black Metallic",
    "Interior Design": "Full leather, Black",
    "Weight": "1,940 kg",
    "Cylinders": "6",
    "Tank capacity": "59 l",
    "Energy consumption (comb.)": "10.4 l/100km",
    "CO₂ emissions (comb.)": "234 g/km"
  },
  "features": [
    "ABS",
    "Adaptive cornering lights",
    "Adaptive Cruise Control",
    "Alarm system",
    "Alloy wheels",
    "Ambient lighting",
    "Android Auto",
    "Apple CarPlay",
    "Arm rest",
    "Autom. dimming interior mirror",
    "Blind spot assist",
    "Bluetooth",
    "Cargo barrier",
    "Central locking",
    "DAB radio",
    "Digital cockpit",
    "Distance warning system",
    "Dynamic chassis control",
    "Electric seat adjustment",
    "Electric side mirror",
    "Electric tailgate",
    "Electric windows",
    "Eletric seat adjustment with memory function",
    "Emergency brake assist",
    "Emergency call system",
    "ESP",
    "Fatigue warning system",
    "Folding exterior mirrors",
    "Four-wheel drive",
    "Glare-free high beam headlights",
    "Hands-free kit",
    "Head-up display",
    "Heated seats",
    "High beam assist",
    "Hill-start assist",
    "Immobilizer",
    "Induction charging for smartphones",
    "Isofix",
    "Keyless central locking",
    "Lane change assist",
    "Leather steering wheel",
    "LED headlights",
    "LED running lights",
    "Light sensor",
    "Lumbar support",
    "Multifunction steering wheel",
    "Navigation system",
    "On-board computer",
    "Paddle shifters",
    "Power Steering",
    "Rain sensor",
    "Rear traffic alert",
    "Roof rack",
    "Seat ventilation",
    "Sound system",
    "Speed limit control system",
    "Sport seats",
    "Sports package",
    "Sports suspension",
    "Start-stop system",
    "Tinted windows",
    "Touchscreen",
    "Traction control",
    "Traffic sign recognition",
    "Tuner/radio",
    "Tyre pressure monitoring",
    "USB port",
    "Voice control",
    "Warranty",
    "WLAN / Wi-Fi hotspot"
  ]
},
{
  "title": "BMW M3 Competition Mxdrive FACELIFT DA-Prof h&k PA+",
  "previewImage": "https://img.classistatic.de/api/v1/mo-prod/images/17/17c5e4e0-e928-477f-a050-2ad84c3702ed?rule=mo-1600.jpg",
  "category": "EstateCar",
  "brand": "BMW",
  "model": "M3",
  "url": "https://suchen.mobile.de/fahrzeuge/details.html?id=425060259",
  "price.total.amount": 87679,
  "priceRating": {
    "rating": "Good price",
    "priceRanges": {
      "Very good price": {
        "start": 63801,
        "end": 83000
      },
      "Good price": {
        "start": 83001,
        "end": 89400
      },
      "Fair price": {
        "start": 89401,
        "end": 99400
      },
      "Increased price": {
        "start": 99401,
        "end": 106700
      },
      "High price": {
        "start": 106701,
        "end": 118600
      }
    }
  },
  "description": "Antrieb, Fahrwerk\nAdaptives M Fahrwerk\nAllrad\nM Drive Professional\nM Sportdifferential\nSportfahrwerk\n\nAußenausstattung\nDachreling Hochglanz Shadow-Line\nHeckklappenbetätigung automatisch\nLM-Felgen\nSonnenschutzverglasung (hinten abgedunkelt)\n\nEditionen und Pakete\nAblagenpaket\nConnectedDrive Services (laufzeitgebundener Dienst)\nConnectedPackage Professional (laufzeitgebundener Dienst)\nGepäckraumpaket\nInnovationspaket II\n\nExterieur\nDach und Spiegelkappen schwarz\nDachreling\nElektrische Gepäckraumklappe\n\nFahrerassistenz\nBMW Drive Recorder\nDriving Assistant Professional\nGesetzlicher Notruf\nHead-Up Display\nParking Assistant Plus\nRückfahrkamera\nSpurverlassenswarnung\nSpurwechselwarnung\nTeleServices\n\nIndividualumfänge\nBMW Individual Dachreling Hochglanz Shadow Line\nBMW Individual Hochglanz Shadow Line\nBMW Individual Hochglanz Shadow Line mit erweiterten Umfängen\nDachhimmel Individual anthrazit\n\nKomfort, Innenausstattung\nAbstandsregeltempomat\nAmbiente-Beleuchtung\nAußenspiegel elektr. anklappbar\nBMW Live Cockpit Professional\nDurchladeeinrichtung (Mittelarmlehne hinten)\nDurchladesystem\nEinparkhilfe selbstlenkendes System\nFensterheber elektrisch vorn + hinten\nFensterheber, elektrisch\nFondkopfstützen klappbar\nFreisprecheinrichtung Bluetooth mit USB-/Audio-Schnittstelle\nGalvanikapplikation für Bedienelemente\nGepäckraum-Abtrennung (Netz)\nGeschwindigkeits-Regelanlage mit Bremsfunktion\nHead-up-Display Full Color\nInduktionsladeschale für Smartphone (Wireless Charging)\nInnen- und Aussenspiegel automatisch abblendend\nInnenspiegel mit Abblendautomatik\nIsofix-Aufnahmen für Kindersitz\nKeyless Entry\nKlimaautomatic\nKlimaautomatik 3-Zonen mit autom. Umluft-Control\nKomfortzugang\nLeder\nLederlenkrad\nLendenwirbelstütze Sitz vorn links und rechts, elektr. verstellbar\nLenkrad (Leder) mit Multifunktion M-Technic\nLenkradheizung\nLicht- und Regensensor\nLordose\nLordosenstuetze fuer Fahrer und Beifahrer\nM Sicherheitsgurte\nM Sportsitze\nMultifunktion für Lenkrad\nMultifunktionslenkrad\nRadioempfang digital (DAB+)\nScheibenwischer mit Regensensor\nService-System: Augmented Reality für Navigation\nSitze vorn elektr. verstellbar (mit Memory)\nSitzheizung fuer Fahrer und Beifahrer\nSitzheizung vorn\nSitzverstellung, elektrisch mit Memory\nSonnenschutzverglasung\nSound-System Harman-Kardon\nSportsitze\nSpurhalteassistent\nStart/Stop-Anlage (Funktion)\nTempomat\nZentralverriegelung\nZentralverriegelung mit Diebstahlsicherung und Crashsensor\n\nMultimedia\nBluetooth\nBMW Live Cockpit Professional (laufzeitgebundener Dienst)\nDAB Tuner\nFreisprecheinrichtung\nHarman Kardon Surround Sound System\nNavigationssystem\nRadio\nTelefon\nUSB Schnittstelle\n\nRäder\n19\"/20\" M Schmiederäder Doppelspeiche 826 M Schwarz / MB\nRadschraubensicherung\nReifenreparatur-Set\n\nSicherheit/Umwelt\nAdaptives Fahrwerk M-Technic\nAirbag Beifahrerseite abschaltbar\nAirbag Fahrer-/Beifahrerseite\nAlarmanlage\nAnti-Blockier-System (ABS)\nAntriebsart: Allradantrieb\nAntriebsart: xDrive (Allrad)\nDiebstahl-Warnanlage\nDynamische Stabilitäts-Control (DSC)\nDynamische Stabilitäts-Control (DSC) mit erweiterter Umfang\n\nSitzbezug\nBMW Individual Leder 'Merino' Elfenbeinweiß\n\nSonstiges\nAblage für Wireless Charging \nActive Guard\nBlow by-Heizer\nBMW Drive Recorder (Dashcam)\nBMW Individuallackierung Tansanit-Blau II Metallic\nCO2-Umfang\nDekodierung Zusatzfunktionen\nDeutsch / Bordliteratur\nDeutschland-Ausfuehrung\nElektrisch verstellbare Spiegel\nEU-spezifische Zusatzumfaenge\nFahrassistenz-System: Driving Assistant Professional\nFahrassistenz-System: Fernlichtassistent\nGepäckraum-Paket\nInduktionsladen für Smartphones\nInnovations-Paket (2)\nInterieurleisten Aluminium Rhombicle Anthrazit \nKältemittel\nKilometertacho\nLenkrad heizbar\nMetallic-Lackierung\nÖlwartungsintervall 24 Monate/30.000 km\nParkassistent-Paket Plus\nPersonal eSIM \nReifendruckkontrollsystem\nSicherheitssystem Active Protection\nSteuerung Infotainment\nSteuerung Karosserie\n\nUmwelt, Sicherheit\nAbgasnorm EU6 RDE II\nABS\nActive Protection\nAdaptiver LED-Scheinwerfer\nAktiver Fussgängerschutz\nAlarmanlage\nAuto Start/Stop Funktion \nBeifahrerairbag\nBeifahrerairbag-Deaktivierung\nESP\nFahrerairbag\nFernlichtassistent\nInnenspiegel, automatisch abblendend\nKindersitzbefestigung ISOFIX\nKopfairbag\nLED-Scheinwerfer\nLichtsensor\nNotbremsassistent\nPASM\nRegensensor\nReifen Druck Control\nSeitenairbag\nTraction Control\nWarndreieck\n\nUPE: 114.430,-- Euro.\nVorbesiter: BMW AG Irrtümer und Zwischenverkauf vorbehalten.",
  "dealerDetails": {
    "id": 457011,
    "name": "Philipp Automobile GmbH",
    "sellerType": "Dealer",
    "phones": [
      "+49 (0)208 3067564554"
    ],
    "languages": [
      "Deutsch",
      "Pусский",
      "English",
      "Polski",
      "Español",
      "Türkçe"
    ],
    "country": "DE",
    "address": "Ruhrorter Str. 53, DE-45478 Mülheim an der Ruhr",
    "location": {
      "latitude": 51.4340428,
      "longitude": 6.8374415
    },
    "activeSince": "2000-09-19T00:00:00.000Z",
    "homepageUrl": "https://home.mobile.de/home/redirect.html?customerId=457011",
    "iconUrl": "https://img.classistatic.de/api/v1/mo-prod/images/c5/c59d5157-0bab-4e88-9236-a47d75af3c90?rule=mo-640.jpg",
    "reviewPageUrl": "https://www.mobile.de/bewertungen/PHILIPP-AUTOMOBILE?lang=en",
    "score": {
      "total": 4.8,
      "responseTime": 4.8,
      "friendliness": 4.8,
      "advice": 4.6
    },
    "activeRatingCount": 93,
    "vehicleAsDescribedPercentage": 95,
    "recommendPercentage": 96,
    "soldVehicleCount": null,
    "reviews": []
  },
  "attributes": {
    "Vehicle condition": "Used vehicle, Accident-free",
    "Category": "Estate car, Employee's Car",
    "Model range": "G81",
    "Trim line": "Mxdrive FACELIFT DA-Prof h&k PA+ ",
    "Vehicle Number": "048653",
    "Availability": "Now",
    "Origin": "German edition",
    "Mileage": "22,443 km",
    "Cubic Capacity": "2,993 ccm",
    "Power": "390 kW (530 hp)",
    "Drive type": "Internal combustion engine",
    "Fuel": "Petrol, E10-enabled",
    "Number of Seats": "5",
    "Door Count": "4/5",
    "Transmission": "Automatic",
    "Emission Class": "Euro6",
    "Emissions Sticker": "4 (Green)",
    "First Registration": "11/2024",
    "Construction Year": "2024",
    "Number of Vehicle Owners": "1",
    "HU": "New",
    "Climatisation": "Automatic climatisation, 3 zones",
    "Parking sensors": "Front, 360° camera, Rear, Self-steering systems",
    "Airbags": "Front and Side and More Airbags",
    "Colour (Manufacturer)": "TANSANITBLAU II",
    "Colour": "Blue Metallic",
    "Interior Design": "Full leather, Other",
    "Weight": "1,940 kg",
    "Cylinders": "6",
    "Tank capacity": "59 l"
  },
  "features": [
    "ABS",
    "Adaptive cornering lights",
    "Adaptive Cruise Control",
    "Alarm system",
    "Alloy wheels",
    "Ambient lighting",
    "Android Auto",
    "Apple CarPlay",
    "Arm rest",
    "Autom. dimming interior mirror",
    "Blind spot assist",
    "Bluetooth",
    "Cargo barrier",
    "Central locking",
    "DAB radio",
    "Digital cockpit",
    "Distance warning system",
    "Dynamic chassis control",
    "Electric seat adjustment",
    "Electric side mirror",
    "Electric tailgate",
    "Electric windows",
    "Eletric seat adjustment with memory function",
    "Emergency brake assist",
    "Emergency call system",
    "ESP",
    "Four-wheel drive",
    "Full Service History",
    "Glare-free high beam headlights",
    "Hands-free kit",
    "Head-up display",
    "Heated seats",
    "Heated steering wheel",
    "High beam assist",
    "Hill-start assist",
    "Immobilizer",
    "Induction charging for smartphones",
    "Integrated music streaming",
    "Isofix",
    "Keyless central locking",
    "Lane change assist",
    "Leather steering wheel",
    "LED headlights",
    "LED running lights",
    "Light sensor",
    "Lumbar support",
    "Multifunction steering wheel",
    "Navigation system",
    "Non-smoker vehicle",
    "On-board computer",
    "Paddle shifters",
    "Particulate filter",
    "Power Steering",
    "Rain sensor",
    "Rear traffic alert",
    "Roof rack",
    "Sound system",
    "Speed limit control system",
    "Sport seats",
    "Sports package",
    "Sports suspension",
    "Start-stop system",
    "Summer tyres",
    "Tinted windows",
    "Touchscreen",
    "Traction control",
    "Traffic sign recognition",
    "Tuner/radio",
    "Tyre pressure monitoring",
    "USB port",
    "Voice control",
    "Warranty"
  ]
},
{
  "title": "BMW M3 Competition M xDrive Touring INNOPAKET.LEDER",
  "previewImage": "https://img.classistatic.de/api/v1/mo-prod/images/db/dbec20c0-1f03-4fb3-bf0b-26908c598efb?rule=mo-1600.jpg",
  "category": "EstateCar",
  "brand": "BMW",
  "model": "M3",
  "url": "https://suchen.mobile.de/fahrzeuge/details.html?id=432604546",
  "price.total.amount": 87250,
  "priceRating": {
    "rating": "Good price",
    "priceRanges": {
      "Very good price": {
        "start": 63901,
        "end": 83100
      },
      "Good price": {
        "start": 83101,
        "end": 89500
      },
      "Fair price": {
        "start": 89501,
        "end": 99500
      },
      "Increased price": {
        "start": 99501,
        "end": 106800
      },
      "High price": {
        "start": 106801,
        "end": 118700
      }
    }
  },
  "description": "Fahrzeugnummer: 204109\n\nEhemalige unverbindliche Preisempfehlung des Automobilherstellers: 114.870 €\n\nUnsere Datenschutzhinweise finden Sie unter http://www.auto-eichhorn.de/datenschutz.html\n\nHIGHLIGHTS & PAKETE\nBMW Live Cockpit Professional\nInnovationspaket II\nM Shadow Line mit erweitertem Umfang\nHochglanz Shadow-Line\nGepäckraumpaket\nAblagenpaket\n\nASSISTENZSYSTEME\nParkassistenzsystem Plus\n\nMOTOR GETRIEBE & FAHRWERK\nAdaptives M Fahrwerk\nKomfortzugang\n\nAUDIO & KOMMUNIKATION\nConnected Package Professional\nHarman/Kardon Surround Sound System\nDAB-Tuner\n\nINTERIEUR\nM Sportsitz\nGalvanikapplikation Bedienelemente\nKlimatisierte Sitze vorne\nDachhimmel anthrazit\nSitzverstellung elektrisch mit Memory\nSonnenschutzrollo Tür hinten\nKlimaautomatik\nM Sicherheitsgurte\nLordosenstütze Fahrer u. Beifahrer\nSitzheizung Fahrer/Beifahrer\nInnenspiegel automatisch abblendend\nKopfstützen im Fond klappbar\nDeaktivierung Airbag Beifahrer\n\nLICHT & SICHT\nAdaptiver LED-Scheinwerfer\nFernlichtassistent\n\nRÄDER\nReifendruckanzeige\n\nTECHNIK & SICHERHEIT\nActive Protection\nKilometertacho\nInnen-/Aussensp. mit Abblendautomatik\nAlarmanlage\n\nEXTERIEUR\nAkustik Komfort Verglasung\nAbgedunkelte Verglasung\nDach und Spiegelkappen schwarz\nM Dachreling Shadow Line \nWir besorgen Ihnen Ihren WUNSCHGEBRAUCHTWAGEN! Über 1500 Fzg. sofort ab Lager verfügbar. Zugriff auf über 3000 Dienstwagen der BMW AG. Bitte sprechen Sie uns an. Unser Verkaufsteam freut sich auf Ihren Anruf. -Irrtum und Zwischenverkauf vorbehalten-",
  "dealerDetails": {
    "id": 456893,
    "name": "Autohaus Eichhorn Automotive GmbH",
    "sellerType": "Dealer",
    "phones": [
      "+49 (0)6022 6599910",
      "+49 9371 403939"
    ],
    "languages": [
      "Deutsch",
      "English"
    ],
    "country": "DE",
    "address": "Lassallestraße 9, DE-63897 Miltenberg",
    "location": {
      "latitude": 49.70537520000001,
      "longitude": 9.2285919
    },
    "activeSince": "2002-05-13T00:00:00.000Z",
    "homepageUrl": "https://home.mobile.de/home/redirect.html?customerId=456893",
    "iconUrl": null,
    "reviewPageUrl": "https://www.mobile.de/bewertungen/AUTOHAUS-EICHHORN-OBERNBURG?lang=en",
    "score": {
      "total": 4.7,
      "responseTime": 4.7,
      "friendliness": 4.8,
      "advice": 4.5
    },
    "activeRatingCount": 19,
    "vehicleAsDescribedPercentage": 87,
    "recommendPercentage": 100,
    "soldVehicleCount": null,
    "reviews": []
  },
  "attributes": {
    "Vehicle condition": "Used vehicle",
    "Category": "Estate car, Employee's Car",
    "Model range": "G81",
    "Vehicle Number": "204109",
    "Availability": "Now",
    "Origin": "German edition",
    "Mileage": "25,181 km",
    "Cubic Capacity": "2,993 ccm",
    "Power": "390 kW (530 hp)",
    "Drive type": "Internal combustion engine",
    "Fuel": "Petrol, E10-enabled",
    "CO₂ class": "Based on CO₂ emissions (combined)",
    "Fuel consumption": [
      "10.3 l/100km (combined)"
    ],
    "Number of Seats": "5",
    "Door Count": "4/5",
    "Transmission": "Automatic",
    "Emission Class": "Euro6d",
    "Emissions Sticker": "4 (Green)",
    "First Registration": "12/2024",
    "Number of Vehicle Owners": "1",
    "Climatisation": "Automatic climatisation, 2 zones",
    "Parking sensors": "360° camera, Self-steering systems, Front, Rear",
    "Airbags": "Front and Side and More Airbags",
    "Colour (Manufacturer)": "BLACK SAPPHIRE METALLIC",
    "Colour": "Black Metallic",
    "Interior Design": "Full leather, Black",
    "Energy consumption (comb.)": "10.3 l/100km",
    "CO₂ emissions (comb.)": "232 g/km"
  },
  "features": [
    "ABS",
    "Adaptive cornering lights",
    "Alarm system",
    "Alloy wheels",
    "Arm rest",
    "Autom. dimming interior mirror",
    "Blind spot assist",
    "Central locking",
    "Cruise control",
    "DAB radio",
    "Daytime running lights",
    "Digital cockpit",
    "Electric seat adjustment",
    "Electric side mirror",
    "Electric tailgate",
    "Electric windows",
    "Emergency brake assist",
    "Emergency call system",
    "Emergency tyre repair kit",
    "ESP",
    "Fatigue warning system",
    "Four-wheel drive",
    "Full Service History",
    "Hands-free kit",
    "Head-up display",
    "Heated seats",
    "Hill-start assist",
    "Immobilizer",
    "Induction charging for smartphones",
    "Integrated music streaming",
    "Isofix",
    "Keyless central locking",
    "Lane change assist",
    "Leather steering wheel",
    "LED headlights",
    "Light sensor",
    "Lumbar support",
    "Multifunction steering wheel",
    "Navigation system",
    "Non-smoker vehicle",
    "On-board computer",
    "Paddle shifters",
    "Power Steering",
    "Rain sensor",
    "Roof rack",
    "Seat ventilation",
    "Sound system",
    "Speed limit control system",
    "Sport seats",
    "Sports package",
    "Sports suspension",
    "Start-stop system",
    "Tinted windows",
    "Touchscreen",
    "Traction control",
    "Traffic sign recognition",
    "Tuner/radio",
    "Tyre pressure monitoring",
    "USB port",
    "Voice control",
    "Warranty"
  ]
},
{
  "title": "BMW M3 Competion M xDrive Touring Innovationspaket M",
  "previewImage": "https://img.classistatic.de/api/v1/mo-prod/images/91/918b02a3-c15e-41f3-b061-cc531164c78c?rule=mo-1600.jpg",
  "category": "EstateCar",
  "brand": "BMW",
  "model": "M3",
  "url": "https://suchen.mobile.de/fahrzeuge/details.html?id=411715869",
  "price.total.amount": 87250,
  "priceRating": {
    "rating": "Fair price",
    "priceRanges": {
      "Very good price": {
        "start": 61301,
        "end": 79600
      },
      "Good price": {
        "start": 79601,
        "end": 85800
      },
      "Fair price": {
        "start": 85801,
        "end": 95400
      },
      "Increased price": {
        "start": 95401,
        "end": 102400
      },
      "High price": {
        "start": 102401,
        "end": 113800
      }
    }
  },
  "description": "Sonderausstattung:\nInnovationspaket\nM Driver's Package\nBMW Laserlicht\nParking Assistant Plus\nM Interieurleisten Carbon Fibre\nBMW Live Cockpit Professional\nDriving Assistant\nKomfortzugang\nHarman Kardon Surround Sound System\nSonnenschutzverglasung\nM Combound-Bremse Schwarz hochglänzend\nM Leuchten Shadow Line\nM Sicherheitsgurte\nFernlichtassistent\nReifenpannenset\n\nSerienausstattung:\nZehn Lautsprecher Subwoofer\nBordcomputer mit Durchschnittskraftstoffverbrauch\nLuxus-Ausstattung: Klavierlack, Klavierlack, Leder auf Türverkleidungen, Klavierlack auf Armaturenbrett\nTagfahrlicht\nKopf-/Dach Airbag vorn und hinten\nZentralverriegelung mit Schließung der elektr. Fenster\nDachreling getönt\nFahrer-Airbag, Beifahrer-Airbag mit Deaktivierung für Beifahrerairbag\nSeiten-Airbag vorne\nPremiumleder / Premiumleder\nArmlehne für Vordersitze\nArmlehne für Rücksitze\nFahrersitz Sportsitz mit sieben elektr. Verstellmöglichkeiten, Sitzheizung, Lehnenneigungsverstellung mit Memory, Längsverstellung mit Memory und Längsverstellung mit Memory 2-Wege elektrisch mit Sitzflächenneigungsverstellung mit Memory und mechanischer Oberschenkelauflage, Beifahrersitz Sportsitz mit sieben elektr. Verstellmöglichkeiten, Sitzheizung, elektrischer Lehnenneigungsverstellung, elektrischer Längsverstellung und elektrischer Höhenverstellung 2-Wege elektrisch mit elektrischer Sitzflächenneigungsverstellung und mechanischer Oberschenkelauflage\nMultifunktions-Alu & Lederlenkrad höhenverstellbar und längsverstellbar\n12V Steckdose im Gepäck/Laderaum vorne und hinten\nSportfahrwerk\nAktive Radaufhängung mit wählbarer Einstellung elektronisch\nBelüftungssystem mit digitaler Überwachung, Pollenfilter, Aktivkohlefilter und Motorvorwärmer\nGetrennte Belüftungsregelung für Beifahrerseite und hinten mit digitaler Anzeige\nKlimaanlage mit 3 Klimatisierungszonen (vollautomatisch)\nAnklappbare Außenspiegel\nElektrische Fensterheber mit Impulsschaltung für zwei Fenster vorn und hinten\nNavigationssystem mit Bedienung über Touch Screen, Datenquelle: Internet (Farbe), 14,90 Zoll-Bildschirm, Verkehrsinformation und Verkehrsinfo Monate inklusive: 24\nSportauspuff\nIsofix\nSprachbedienung herstellereigen\nElektrische Heckklappen-Zuziehhilfe\nElektronische Handbremse\nPartikelfilter\nKnie-Airbags Fahrer\nLokale Sprache Deutsch, BMW, 3er-Reihe, M3 Competion M xDrive Touring, M3 Competion und M3 Competion M xDrive Touring\nAutom. Warnblinker bei starker Bremsung\nElektr. Sitz-Memory für Außenspiegel\nCrash Warnsystem aktiviert Bremslicht, Müdigkeitswarnung, automatische Notbremsung, Bremst bei niedriger Geschwindigkeit Mindestgeschw. Zur Aktivierung: 5 km/h Fußgängerschutz, visuelle/akustische Warnung, Funktion über 130 km/h 78 mph, Funktion über 50 km/h 30 mph und Funktion unter 50 km/h 30 mph\nBluetooth\nStart/Stop\nGeschwindigkeitsregelanlage\nSpurassistent\nStartknopf\nMulti-Funktions-Monitor mit 12,30 Zoll Bildschirm Kombi-Instrumente 1, Bildschirmgröße (cm): und Wahlrad, Multi-Funktions-Monitor mit 14,90 Zoll Bildschirm und Touch-Bedienung Armaturenbrett 1, Bildschirmgröße (cm):, fix, Drehknopf, Touchpadsteuerung und nein\nLED Licht Bremslicht, Abblendlicht, Blinker, Tagfahrlicht, Rückleuchten und Fernlicht\nBeleuchtete Einstiegszone\nEnergie Rückgewinnung\nVerkehrszeichenerkennung\nAktives Differenzial Hinten\nInterner Speicher/Festplatte 320,00 GB\nFahrereinstellungen Motorcharakteristik, Lenkung, Fahrwerk, Stabilitätskontrolle und Traktionskontrolle\nBeleuchteter Make-up-Spiegel für Fahrer und Beifahrer\nFernbedienung Klimaanlage per Internet, per Telefon, mit Zeitschaltuhr, mit Heizen und mit Kühlen\nKabelloses Ladekissen\nInstallierte Apps\nApp-Steuerung\nEinparkhilfe vorne, hinten Sensor\nText - Sprache/Sprache - Text\n7 Airbags\nGarantie Antrieb - OEM Dauer (Monate) 36 und Gesamtfahrleistung (km) 9.999.999\nMobiltelefonintegration Apple CarPlay, Android Auto, Apple Monate inklusive: 999, Android Monate inklusive: 999, MirrorLink Monate inklusive: 0, Apple drahtlos und Android drahtlos\nAmbientelicht einhüllend, Farbauswahl und reaktives Licht\nWLTP Emissionen ICE, kombiniert: 232,0, kombiniert Fzg niedrig: 229,0 und kombiniert Fzg hoch: 235,0\nElektrisches System 12\nTorque vectoring Differential\nRemote Services Fensterbruchwarnung, Fahrzeug finden, Ton/Blinken, 999 Monate inklusive, Zielübertragung, Position teilen, Fahrzeugdiagnose und Fahrhistorie & Analyse\nOver air updates OS Version\nUnfalldatenschreiber\nNotruf\nLaunch Control\nOptik Schwarz um Seitenfenster und Auspuff\nUSB Ladeanschluss vorne, hinten\nTürschwellerschutz Aluminium\nSperrdifferential mit begrenztem Schlupf elektronisches und hinten\nAntriebs-Schlupf-Regelung\nMehrere Benutzerprofile\n\n(Änderungen, Irrtümer und Zwischenverkauf vorbehalten!)",
  "dealerDetails": {
    "id": 2687684,
    "name": "ahg Autohandelsgesellschaft mbH",
    "sellerType": "Dealer",
    "phones": [
      "+49 (0)7461 150936570"
    ],
    "languages": [
      "Deutsch",
      "Slovenščina",
      "English",
      "Español",
      "Türkçe"
    ],
    "country": "DE",
    "address": "Stockacher Straße 181, DE-78532 Tuttlingen",
    "location": {
      "latitude": 47.9734503,
      "longitude": 8.834088
    },
    "activeSince": "2009-07-01T00:00:00.000Z",
    "homepageUrl": "https://home.mobile.de/home/redirect.html?customerId=2687684",
    "iconUrl": "https://img.classistatic.de/api/v1/mo-prod/images/9f/9fa4e068-348a-4d6d-b6a1-5e0f0e91ed12?rule=mo-640.jpg",
    "reviewPageUrl": "https://www.mobile.de/bewertungen/AHGFAUDEAUTOHANDELSGESELLSCHAFTMBHTUTTINGEN?lang=en",
    "score": {
      "total": 4.6,
      "responseTime": 4.6,
      "friendliness": 4.6,
      "advice": 4.6
    },
    "activeRatingCount": 7,
    "vehicleAsDescribedPercentage": 100,
    "recommendPercentage": 83,
    "soldVehicleCount": null,
    "reviews": []
  },
  "attributes": {
    "Vehicle condition": "Used vehicle, Accident-free",
    "Category": "Estate car",
    "Vehicle Number": "FT12495",
    "Availability": "Now",
    "Mileage": "10,402 km",
    "Cubic Capacity": "2,993 ccm",
    "Power": "375 kW (510 hp)",
    "Drive type": "Internal combustion engine",
    "Fuel": "Petrol",
    "CO₂ class": "Based on CO₂ emissions (combined)",
    "Fuel consumption": [
      "10.3 l/100km (combined)",
      "15.4 l/100km (city)",
      "10.2 l/100km (suburban)",
      "8.9 l/100km (country road)",
      "9.7 l/100km (motorway)"
    ],
    "Number of Seats": "5",
    "Door Count": "4/5",
    "Transmission": "Automatic",
    "Emission Class": "Euro6d",
    "Emissions Sticker": "4 (Green)",
    "First Registration": "04/2024",
    "Number of Vehicle Owners": "1",
    "HU": "New",
    "Climatisation": "Automatic air conditioning",
    "Parking sensors": "Camera, Self-steering systems, Front, Rear",
    "Airbags": "Front and Side and More Airbags",
    "Colour (Manufacturer)": "ISLE OF MAN GRUEN METALLIC",
    "Colour": "Green",
    "Interior Design": "Full leather, Black",
    "Energy consumption (comb.)": "10.3 l/100km",
    "CO₂ emissions (comb.)": "232 g/km"
  },
  "features": [
    "ABS",
    "Adaptive Cruise Control",
    "Adaptive lighting",
    "Alarm system",
    "Alloy wheels",
    "Bluetooth",
    "Central locking",
    "DAB radio",
    "Daytime running lights",
    "Electric seat adjustment",
    "Electric side mirror",
    "Electric windows",
    "ESP",
    "Four-wheel drive",
    "Full Service History",
    "Hands-free kit",
    "Head-up display",
    "Heated seats",
    "Immobilizer",
    "Isofix",
    "LED headlights",
    "Light sensor",
    "Multifunction steering wheel",
    "Navigation system",
    "Non-smoker vehicle",
    "On-board computer",
    "Particulate filter",
    "Power Steering",
    "Rain sensor",
    "Roof rack",
    "Sport seats",
    "Sports suspension",
    "Start-stop system",
    "Traction control",
    "Tuner/radio"
  ]
},
{
  "title": "BMW M3 Competition M xDrive Limousine Harman/K",
  "previewImage": "https://img.classistatic.de/api/v1/mo-prod/images/f7/f7d0e72e-ed04-4de3-9944-89594fb63c51?rule=mo-1600.jpg",
  "category": "Limousine",
  "brand": "BMW",
  "model": "M3",
  "url": "https://suchen.mobile.de/fahrzeuge/details.html?id=434439240",
  "price.total.amount": 86990,
  "priceRating": {
    "rating": "Increased price",
    "priceRanges": {
      "Very good price": {
        "start": 53901,
        "end": 70100
      },
      "Good price": {
        "start": 70101,
        "end": 75500
      },
      "Fair price": {
        "start": 75501,
        "end": 83900
      },
      "Increased price": {
        "start": 83901,
        "end": 90100
      },
      "High price": {
        "start": 90101,
        "end": 100100
      }
    }
  },
  "description": "Sonstiges\nAblage für Wireless Charging\nABS\nActive Guard\nBMW Apps\nBMW M 50 Jahre Embleme\nIndividual\nKlimaanlage oder -automatik\nLeder\nM Drive Professional\nM Leuchten Shadow Line\nM Race Track Paket\nSitzheizung\nSportfahrwerk\nTempomat\nUnfallfrei\n\nAntrieb, Fahrwerk\nAdaptives M Fahrwerk\nAllrad\nM Carbon-Keramik-Bremse\nM Sportdifferenzial\n\nEditionen und Pakete\nAblagenpaket\nConnected Package Professional (laufzeitgebundener Dienst)\nConnectedDrive Services (laufzeitgebundener Dienst)\nM Carbon Exterieurpaket\n\nFahrerassistenz\nBMW Drive Recorder\nDriving Assistant\nGeschwindigkeitsregelung mit Bremsfunktion\nGesetzlicher Notruf\nParking Assistant Plus\nTeleservices\n\nIndividualumfänge\nM Hochglanz Shadow Line\nM Hochglanz Shadow Line mit erweiterten Umfängen\n\nKomfort, Innenausstattung\nAkustikverglasung\nAutomatische Heckklappenbetätigung\nFondkopfstützen klappbar\nGalvanikapplikation für Bedienelemente\nInnen- und Außenspiegelpaket\nKlimaautomatik\nKomfortzugang\nLenkradheizung\nM Carbon Schalensitze\nM Interieurleisten 'Carbon Fibre'\nM Sicherheitsgurte\nSitzheizung für Fahrer und Beifahrer\nSitzverstellung elektrisch\nSitzverstellung elektrisch mit Memory für Fahrersitz\nSonnenschutzverglasung\n\nMultimedia\nBMW Live Cockpit Professional (laufzeitgebundener Dienst)\nDAB Tuner\nHarman Kardon Surround Sound System\n\nRäder\n19\"/20\" M Schmiederäder Doppelspeiche 826 M Schwarz / MB\n\nSitzbezug\nVollleder Merino Silverstone/Schwarz\n\nUmwelt, Sicherheit\nAktiver Fussgängerschutz\nAlarmanlage mit Fernbedienung\nBeifahrerairbag-Deaktivierung\nBMW Laserlicht\nFernlichtassistent\nInnenspiegel automatisch abblendend\nReifendruck-Kontrolle\nIrrtümer und Zwischenverkauf vorbehalten.",
  "dealerDetails": {
    "id": 452743,
    "name": "BMW AG Niederlassung Bonn",
    "sellerType": "Dealer",
    "phones": [
      "+49 (0)228 9727106874"
    ],
    "languages": [
      "Deutsch",
      "English"
    ],
    "country": "DE",
    "address": "Vorgebirgsstrasse 95, DE-53119 Bonn",
    "location": {
      "latitude": 50.7407064,
      "longitude": 7.080574299999999
    },
    "activeSince": "2000-07-03T00:00:00.000Z",
    "homepageUrl": "https://home.mobile.de/home/redirect.html?customerId=452743",
    "iconUrl": "https://img.classistatic.de/api/v1/mo-prod/images/62/622928e4-4fb8-4a4b-854b-397e89f4b9a7?rule=mo-640.jpg",
    "reviewPageUrl": "https://www.mobile.de/bewertungen/BMW-BONN?lang=en",
    "score": {
      "total": 4.2,
      "responseTime": 4.2,
      "friendliness": 4.4,
      "advice": 3.8
    },
    "activeRatingCount": 45,
    "vehicleAsDescribedPercentage": 93,
    "recommendPercentage": 77,
    "soldVehicleCount": null,
    "reviews": []
  },
  "attributes": {
    "Vehicle condition": "Used vehicle",
    "Category": "Saloon",
    "Model range": "G80",
    "Trim line": "M xDrive Limousine Harman/K",
    "Vehicle Number": "07049261",
    "Availability": "Now",
    "Mileage": "39,360 km",
    "Cubic Capacity": "2,993 ccm",
    "Power": "375 kW (510 hp)",
    "Drive type": "Internal combustion engine",
    "Fuel": "Petrol, E10-enabled",
    "Number of Seats": "5",
    "Door Count": "4/5",
    "Transmission": "Automatic",
    "Emission Class": "Euro6",
    "Emissions Sticker": "4 (Green)",
    "First Registration": "08/2022",
    "Construction Year": "2022",
    "Number of Vehicle Owners": "1",
    "HU": "08/2025",
    "Climatisation": "Automatic climatisation, 3 zones",
    "Parking sensors": "Front, Rear, Self-steering systems",
    "Airbags": "Front and Side and More Airbags",
    "Colour (Manufacturer)": "M Brooklyn Grau",
    "Colour": "Grey Metallic",
    "Interior Design": "Full leather, Black"
  },
  "features": [
    "ABS",
    "Adaptive cornering lights",
    "Alarm system",
    "Alloy wheels",
    "Autom. dimming interior mirror",
    "Bluetooth",
    "Cargo barrier",
    "Central locking",
    "Cruise control",
    "DAB radio",
    "Digital cockpit",
    "Distance warning system",
    "Electric seat adjustment",
    "Electric side mirror",
    "Electric tailgate",
    "Electric windows",
    "Eletric seat adjustment with memory function",
    "Emergency brake assist",
    "Emergency call system",
    "ESP",
    "Fatigue warning system",
    "Four-wheel drive",
    "Full Service History",
    "Glare-free high beam headlights",
    "Hands-free kit",
    "Heated seats",
    "Heated steering wheel",
    "High beam assist",
    "Hill-start assist",
    "Immobilizer",
    "Induction charging for smartphones",
    "Isofix",
    "Keyless central locking",
    "Lane change assist",
    "Laser headlights",
    "Leather steering wheel",
    "LED running lights",
    "Light sensor",
    "Lumbar support",
    "Multifunction steering wheel",
    "Navigation system",
    "Non-smoker vehicle",
    "On-board computer",
    "Power Steering",
    "Rain sensor",
    "Sound system",
    "Sport seats",
    "Sports package",
    "Sports suspension",
    "Start-stop system",
    "Summer tyres",
    "Tinted windows",
    "Touchscreen",
    "Traction control",
    "Traffic sign recognition",
    "Tuner/radio",
    "Tyre pressure monitoring",
    "USB port",
    "Voice control",
    "Warranty"
  ]
},
{
  "title": "BMW M3 Sitzbelüftung*Harman Kardon*Driving A Prof*DA",
  "previewImage": "https://img.classistatic.de/api/v1/mo-prod/images/5f/5f99fcba-7a4d-4991-9e9a-66dc3ce23945?rule=mo-1600.jpg",
  "category": "EstateCar",
  "brand": "BMW",
  "model": "M3",
  "url": "https://suchen.mobile.de/fahrzeuge/details.html?id=429565046",
  "price.total.amount": 85990,
  "priceRating": {
    "rating": "Very good price",
    "priceRanges": {
      "Very good price": {
        "start": 66801,
        "end": 86800
      },
      "Good price": {
        "start": 86801,
        "end": 93500
      },
      "Fair price": {
        "start": 93501,
        "end": 104000
      },
      "Increased price": {
        "start": 104001,
        "end": 111600
      },
      "High price": {
        "start": 111601,
        "end": 124000
      }
    }
  },
  "description": "Getriebe: Automatik\nTechnik: Allrad, Bordcomputer, Sperrdifferential, Adaptives Daempfungssystem, Start-Stop-Automatik, Volldigitales Kombiinstrument\nAssistenten: Totwinkel-Assistent, Müdigkeitserkennung, Verkehrszeichenerkennung, Park-Lenk-Assistent, Regensensor, Fernlichtassistent, Lichtsensor, Notbremsassistent, Berganfahrassistent, Spurhalteassistent, Spurwechselassistent, Abstandsregeltempomat, Ausparkassistent, Abstands-/Kollisionswarner\nKomfort: Klimaautomatik, Servolenkung, Zentralverriegelung, Elektrischer Fensterheber, Lederausstattung, Sitzheizung, Elektrische Aussenspiegel, Teilbare Ruecksitzlehne, Tempomat, Multifunktionslenkrad, Keyless Go Startfunktion, Elektrische Sitze, Innenspiegel autom. abblendbar, Mittelarmlehne, Innenraumfilter, Lenksaeule einstellbar, Sportsitze, ParkDistanceControl vorne und hinten, Seitenrollo, Elektrische Heckklappe, klimatisierte Sitze, Keyless Entry, Memory Sitze, Ambientebeleuchtung, Lordosenstütze, Lederlenkrad, Geschwindigkeitsbegrenzungsanlage, Klimaautomatik-2-Zonen, Klimaautomatik-3-Zonen, Funkfernbedienung\nSicht: LED-Hauptscheinwerfer, adaptives Kurvenlicht, LED-Tagfahrlicht, HEAD-UP-Display, LED-Rueckleuchten, Scheinwerferregulierung, Colorverglasung, Rückfahrkamera, Privacyverglasung\nSicherheit: ABS, Airbag, Beifahrer-Airbag, Wegfahrsperre, Seitenairbags, Alarmanlage, ESP, Antriebsschlupfregelung, Reifendruckkontrolle, Traktionskontrolle, Kopfairbag, Knieairbag, Kindersitzbefestigung, Anhängerstabilisierung, Notrufsystem, Pannenkit\nEntertainment: Navigationssystem, Soundsystem, Radio, Telefonvorbereitung, USB-Anschluss, MP3, Harman-Kardon, Bluetooth, Freisprecheinrichtung, Apple CarPlay, Android Auto, Sprachsteuerung, DAB, WLAN, Touchscreen, Induktionsladen für Smartphones, Musikstreaming, Navigationsvorbereitung\nUmwelt: Grüne Umweltplakette\nQualität: Garantie, Scheckheftgepflegt, HUAU neu, Nichtraucherfahrzeug\nSonstiges: Katalysator, Metallic, Sportausstattung, Alufelgen, Dachreling, Gepaeckraumabdeckung, Sportpaket, Sportfahrwerk, Lenkradheizung, Fahrerprofilauswahl, Sommerreifen, Gepäckraumabtrennung\nWeiteres: Leder Merino Silverstone/Schwarz, Abgasnorm EU6 RDE II, M Drive Professional, 19/20 M Schmiederäder, EU spezifische Umfänge, Lenkradheizung, Reifendruck-Kontrolle, Reifenreparatur Set, Alarmanlage, KOMFORTZUGANG, Sonnenschutzrollo für hintere, SONNENSCHUTZVERGLASUNG, aktive Sitzbelüftung vorn, M Interieurleisten Aluminium, Galvanikapplikation für, Adaptiver LED-Scheinwerfer, FERNLICHTASSISTENT, Active Protection, DRIVING ASSISTANT PROFESSIONAL, Fondkopfstützen klappbar, Parking Assistant, DAB-Tuner, Harman Kardon Surround Sound System, gesetzlicher Notruf, Connecteddrive Services, Ablage für Wireless Charging, Personal eSIM, BMW Live Cockpit Professional, Innovationspaket, Deutschland-Ausführung, Ölwartungsintervall 30000 km / 24, COC Zusatzumfänge, KAELTEMITTEL, Steuerung FAS 18, Steuerung D, M Sportdifferenzial, Adaptives M Fahrwerk, M Dachreling Hochglanz Shadow Line, Oxford Green, Innenspiegel automatisch Abblendend, Sitzverstellung, elektrisch mit, Lordosenstütze für Fahrer und, KLIMAAUTOMATIK, M Sportsitze, M Hochglanz Shadow Line, M Dachhimmel anthrazit, M Hochglanz Shadow Line mit, Aktiver Fußgängerschutz, Reifendruck-Kontrollsystem, Rückfahrkamera, Scheibenwischer mit Regensensor, Scheinwerfer LED, Knieairbag Fahrerseite, Heckleuchten LED, Ambiente-Beleuchtung, Leuchtweitenregelung, Multifunktion für Lenkrad, Lenksäule (Lenkrad) mechan. verstellbar, Reifen-Reparaturset (Mobility-Pack), Anhänger-Stabilisierungs-Programm (ASL), Sonnenschutzverglasung (hinten abgedunkelt), Klimaautomatik 3-Zonen mit autom. Umluft-Control, M Drive Professional (Fahrprofilauswahl), Schadstoffarm nach Abgasnorm Euro 6e, Aktives M Differential, Control-Display mit Farbmonitor (14,9 Zoll), Adaptives Fahrwerk M-Technic, LM-Felgen, Radioempfang digital (DAB+), Motor 3,0 Ltr. - 390 kW 24V, Personalisierungssystem (BMW ID), Einstiegsleisten mit Einleger in Aluminium mit Schriftzug M, Head-up-Display Full Color, Antriebsart: Allradantrieb, Spiegel-Paket, Motor 3,0 Ltr. - 390 kW 24V TwinPower Turbo (S58), Sonnenschutzrollo an Türscheiben hinten, Geschwindigkeits-Regelanlage, Aktiv mit Stop&Go-Funktion\nInt.KnNr: 072125\nÄnderungen, Zwischenverkauf und Irrtümer vorbehalten. \nTrotz größter Mühe und Sorgfalt sind Fehler in dieser Fahrzeugbeschreibung nicht ausgeschlossen. Die Fahrzeugbeschreibung ist unverbindlich und stellt keinen Vertragsbestandteil im rechtlichen Sinne dar sondern dient nur der allgemeinen Identifizierung des Fahrzeugs. Ausschlaggebend sind einzig und allein die Vereinbarungen im Kaufvertrag / Auftragsbestätigung. Den genauen Ausstattungsumfang sowie alle weiteren Spezifikationen des Fahrzeugs erhalten Sie von unserem Verkaufspersonal.\n\nquality by dotzilla",
  "dealerDetails": {
    "id": 454448,
    "name": "BMW Autohaus Sperber GmbH & Co. KG",
    "sellerType": "Dealer",
    "phones": [
      "+49 (0)951 96433385",
      "+49 (0)951 96430330"
    ],
    "languages": [
      "Deutsch",
      "English",
      "Français"
    ],
    "country": "DE",
    "address": "Ohmstrasse 10a, DE-96050 Bamberg",
    "location": {
      "latitude": 49.8972862,
      "longitude": 10.919498
    },
    "activeSince": "2002-07-22T00:00:00.000Z",
    "homepageUrl": "https://home.mobile.de/home/redirect.html?customerId=454448",
    "iconUrl": null,
    "reviewPageUrl": "https://www.mobile.de/bewertungen/AH-SPERBER?lang=en",
    "score": {
      "total": 4.4,
      "responseTime": 4.4,
      "friendliness": 4.6,
      "advice": 4.3
    },
    "activeRatingCount": 148,
    "vehicleAsDescribedPercentage": 91,
    "recommendPercentage": 82,
    "soldVehicleCount": null,
    "reviews": []
  },
  "attributes": {
    "Vehicle condition": "Used vehicle, Accident-free",
    "Category": "Estate car",
    "Trim line": "m3",
    "Vehicle Number": "072125",
    "Availability": "Now",
    "Mileage": "14,897 km",
    "Cubic Capacity": "2,993 ccm",
    "Power": "390 kW (530 hp)",
    "Drive type": "Internal combustion engine",
    "Fuel": "Petrol",
    "CO₂ class": "Based on CO₂ emissions (combined)",
    "Fuel consumption": [
      "10.4 l/100km (combined)",
      "15.8 l/100km (city)",
      "10.3 l/100km (suburban)",
      "8.8 l/100km (country road)",
      "9.8 l/100km (motorway)"
    ],
    "Energy costs for 15,000 km annual mileage": "€2,802/Year",
    "Fuel price": "€1.80/l (annual average 2024)",
    "Possible CO₂ costs over the next 10 years (15,000 km/year)": [
      "€4,477 (assuming an average CO₂ price of €127/t)",
      "€2,115 (assuming a low average CO₂ price of €60/t)",
      "€7,050 (assuming a high average CO₂ price of €200/t)"
    ],
    "Vehicle tax": "€480/Year",
    "Number of Seats": "5",
    "Door Count": "4/5",
    "Transmission": "Automatic",
    "Emissions Sticker": "4 (Green)",
    "First Registration": "09/2024",
    "Construction Year": "2024",
    "Number of Vehicle Owners": "1",
    "HU": "New",
    "Climatisation": "Automatic climatisation, 3 zones",
    "Parking sensors": "Camera, Front, Self-steering systems, Rear",
    "Airbags": "Front and Side and More Airbags",
    "Colour (Manufacturer)": "ISLE OF MAN GRUEN",
    "Colour": "Green Metallic",
    "Interior Design": "Full leather, Beige",
    "Cylinders": "6",
    "Energy consumption (comb.)": "10.4 l/100km",
    "CO₂ emissions (comb.)": "235 g/km"
  },
  "features": [
    "ABS",
    "Adaptive cornering lights",
    "Adaptive Cruise Control",
    "Alarm system",
    "Alloy wheels",
    "Ambient lighting",
    "Android Auto",
    "Apple CarPlay",
    "Arm rest",
    "Autom. dimming interior mirror",
    "Blind spot assist",
    "Bluetooth",
    "Cargo barrier",
    "Central locking",
    "DAB radio",
    "Digital cockpit",
    "Distance warning system",
    "Dynamic chassis control",
    "Electric seat adjustment",
    "Electric side mirror",
    "Electric tailgate",
    "Electric windows",
    "Eletric seat adjustment with memory function",
    "Emergency brake assist",
    "Emergency call system",
    "Emergency tyre repair kit",
    "ESP",
    "Fatigue warning system",
    "Folding exterior mirrors",
    "Four-wheel drive",
    "Full Service History",
    "Hands-free kit",
    "Head-up display",
    "Heated seats",
    "Heated steering wheel",
    "High beam assist",
    "Hill-start assist",
    "Immobilizer",
    "Induction charging for smartphones",
    "Integrated music streaming",
    "Isofix",
    "Keyless central locking",
    "Lane change assist",
    "Leather steering wheel",
    "LED headlights",
    "LED running lights",
    "Light sensor",
    "Lumbar support",
    "Multifunction steering wheel",
    "Navigation preparation",
    "Navigation system",
    "Non-smoker vehicle",
    "On-board computer",
    "Power Steering",
    "Rain sensor",
    "Rear traffic alert",
    "Roof rack",
    "Seat ventilation",
    "Sound system",
    "Speed limit control system",
    "Sport seats",
    "Sports package",
    "Sports suspension",
    "Start-stop system",
    "Summer tyres",
    "Tinted windows",
    "Touchscreen",
    "Traction control",
    "Traffic sign recognition",
    "Tuner/radio",
    "Tyre pressure monitoring",
    "USB port",
    "Voice control",
    "Warranty",
    "WLAN / Wi-Fi hotspot"
  ]
},
{
  "title": "BMW M3 Competion M xDrive Touring",
  "previewImage": "https://img.classistatic.de/api/v1/mo-prod/images/4c/4c9035fb-df5f-4499-bdd5-66770db31431?rule=mo-1600.jpg",
  "category": "EstateCar",
  "brand": "BMW",
  "model": "M3",
  "url": "https://suchen.mobile.de/fahrzeuge/details.html?id=433643120",
  "price.total.amount": 85500,
  "priceRating": {
    "rating": "Fair price",
    "priceRanges": {
      "Very good price": {
        "start": 57301,
        "end": 74500
      },
      "Good price": {
        "start": 74501,
        "end": 80300
      },
      "Fair price": {
        "start": 80301,
        "end": 89300
      },
      "Increased price": {
        "start": 89301,
        "end": 95800
      },
      "High price": {
        "start": 95801,
        "end": 106500
      }
    }
  },
  "description": "Dieser BMW M3 Touring aus 2023 bietet ein außergewöhnliches Fahrerlebnis mit seinem kraftvollen 510 PS starken Benzinmotor und Allradantrieb. Der Kombi in auffälligem Gelb mit schwarzem Lederinterieur wurde in Deutschland erstmals zugelassen und hatte nur einen Vorbesitzer. Die Automatik-Schaltung mit Schaltwippen am Lenkrad ermöglicht sportliches Fahren, während die umfangreichen Sicherheitssysteme wie Spurhalteassistent, Kollisionsvermeidung und Müdigkeitserkennung für Sicherheit sorgen. Die 3-Zonen-Klimaautomatik, beheizbare Sitze und das elektrisch betätigte Heckklappensystem bieten hohen Komfort. Das Infotainmentsystem unterstützt Apple CarPlay, Android Auto und verfügt über ein Navigationssystem mit Touchscreen und Sprachsteuerung.\n\nLeistungsstarker 510 PS Benzinmotor mit Euro 6 Norm\nAllradantrieb mit Automatikgetriebe und Schaltwippen\nLED-Scheinwerfer und LED-Tagfahrlicht\nSportliche Ledersitze mit Memoryfunktion und Sitzheizung\n3-Zonen-Klimaautomatik für optimalen Komfort\nUmfangreiche Fahrassistenzsysteme inkl. Spurhalteassistent\nNavigationssystem mit DAB-Radio und Sprachsteuerung\nApple CarPlay und Android Auto Integration\nElektrische Heckklappe und Laderaumtrenngitter\nFahrzeug wird im Kundenauftrag verkauft!",
  "dealerDetails": {
    "id": 35693955,
    "name": "The Mechanics",
    "sellerType": "Dealer",
    "phones": [
      "+49 (0)8024 969101706"
    ],
    "messengers": {
      "WHATS_APP": "+49 (0)172 7225113"
    },
    "languages": [
      "Deutsch"
    ],
    "country": "DE",
    "address": "Staatsstr. 15, DE-83059 Kolbermoor",
    "location": {
      "latitude": 47.8441012,
      "longitude": 12.0591545
    },
    "activeSince": "2024-05-15T00:00:00.000Z",
    "homepageUrl": "https://home.mobile.de/home/redirect.html?customerId=35693955",
    "iconUrl": null,
    "reviewPageUrl": null,
    "score": null,
    "activeRatingCount": null,
    "vehicleAsDescribedPercentage": null,
    "recommendPercentage": null,
    "soldVehicleCount": null,
    "reviews": []
  },
  "attributes": {
    "Vehicle condition": "Used vehicle, Accident-free",
    "Category": "Estate car",
    "Model range": "G81",
    "Trim line": "M3 Competion",
    "Availability": "Now",
    "Origin": "German edition",
    "Mileage": "29,800 km",
    "Cubic Capacity": "2,993 ccm",
    "Power": "375 kW (510 hp)",
    "Drive type": "Internal combustion engine",
    "Fuel": "Petrol",
    "Fuel consumption": [
      "10.3 l/100km (combined)",
      "15.4 l/100km (city)",
      "10.2 l/100km (suburban)",
      "8.8 l/100km (country road)",
      "9.7 l/100km (motorway)"
    ],
    "Energy costs for 15,000 km annual mileage": "€2,775/Year",
    "Fuel price": "€1.80/l (annual average 2024)",
    "Possible CO₂ costs over the next 10 years (15,000 km/year)": [
      "€127 (assuming an average CO₂ price of €4,420/t)",
      "€60 (assuming a low average CO₂ price of €2,088/t)",
      "€200 (assuming a high average CO₂ price of €6,960/t)"
    ],
    "Vehicle tax": "€468/Year",
    "Number of Seats": "5",
    "Door Count": "4/5",
    "Transmission": "Automatic",
    "Emission Class": "Euro6",
    "Emissions Sticker": "4 (Green)",
    "First Registration": "11/2023",
    "Number of Vehicle Owners": "1",
    "HU": "11/2026",
    "Climatisation": "Automatic climatisation, 3 zones",
    "Parking sensors": "Rear, Front",
    "Airbags": "Front and Side and More Airbags",
    "Colour (Manufacturer)": "Sao Paulo Gelb",
    "Colour": "Yellow",
    "Interior Design": "Full leather, Black",
    "Energy consumption (comb.)": "10.3 l/100km",
    "CO₂ emissions (comb.)": "232 g/km"
  },
  "features": [
    "ABS",
    "Alloy wheels",
    "Android Auto",
    "Apple CarPlay",
    "Arm rest",
    "Autom. dimming interior mirror",
    "Bluetooth",
    "Cargo barrier",
    "Central locking",
    "Cruise control",
    "DAB radio",
    "Distance warning system",
    "Electric seat adjustment",
    "Electric side mirror",
    "Electric tailgate",
    "Electric windows",
    "Eletric seat adjustment with memory function",
    "Emergency brake assist",
    "Emergency call system",
    "ESP",
    "Fatigue warning system",
    "Four-wheel drive",
    "Heated seats",
    "Hill-start assist",
    "Induction charging for smartphones",
    "Isofix",
    "Lane change assist",
    "Leather steering wheel",
    "LED headlights",
    "LED running lights",
    "Light sensor",
    "Lumbar support",
    "Multifunction steering wheel",
    "Navigation system",
    "On-board computer",
    "Paddle shifters",
    "Particulate filter",
    "Power Steering",
    "Rain sensor",
    "Speed limit control system",
    "Sport seats",
    "Start-stop system",
    "Touchscreen",
    "Traction control",
    "Traffic sign recognition",
    "Tyre pressure monitoring",
    "USB port",
    "Voice control",
    "Warranty"
  ]
},
{
  "title": "BMW M3 Competition xDrive Limousine | Akra / HJS",
  "previewImage": "https://img.classistatic.de/api/v1/mo-prod/images/63/6303fbf1-453f-4ca4-80d0-84bf0513c4fb?rule=mo-1600.jpg",
  "category": "Limousine",
  "brand": "BMW",
  "model": "M3",
  "url": "https://suchen.mobile.de/fahrzeuge/details.html?id=429518709",
  "price.total.amount": 87000,
  "priceRating": {
    "rating": "Fair price",
    "priceRanges": {
      "Very good price": {
        "start": 58701,
        "end": 76300
      },
      "Good price": {
        "start": 76301,
        "end": 82200
      },
      "Fair price": {
        "start": 82201,
        "end": 91500
      },
      "Increased price": {
        "start": 91501,
        "end": 98200
      },
      "High price": {
        "start": 98201,
        "end": 109100
      }
    }
  },
  "description": "BMW M3 Competition xDrive Limousine | Vollausstattung | M Driver’s Package | 1. Hand | optional Akra/HJS | Foliert\nPreis:\n\n-87.000 € (Brutto) – Fahrzeug im Serienzustand / Uhrsprungszustand\n-90.000 € (Brutto) – inkl. Folierung, Akrapovic Slip-On, HJS Downpipe (Euro 6-konform) und Spurplatten auch alles zusammen Tüv-Abgenommen. Ebenfalls dabei komplett Carbon (Grill, Seitenschweller, Heck, Lippe)\n\nFahrzeugdaten:\n-Modell: BMW M3 Competition xDrive Limousine (G80)\n-Leistung: 510 PS (375 kW)\n-Motor: 3.0L R6 Biturbo (S58)\n-Getriebe: 8-Gang M Steptronic\n-Antrieb: Allradantrieb (xDrive)\n-Farbe: Original Saphirschwarz metallic, aktuell hochwertig foliert von Wrapsign sofort am ersten Tag der Übergabe\n-Innen: Leder Merino Silverstone/Schwarz, M Interieurleisten -Carbon Fibre\n-EZ: 03/2023\n-Kilometerstand: 12.406km wir aber noch bewegt das Fahrzeug\n-Zustand: Gebraucht, unfallfrei, Nichtraucherfahrzeug\n-Anzahl Halter: 1 (Geschäftlich genutz GF Fahrzeug)\n\nAusstattungshighlights (Wert über 17.000 € netto):\n\n-M Driver's Package (Vmax auf 290 km/h angehoben)\n-M Carbon Exterieurpaket\n-BMW Laserlicht\n-Harman Kardon Surround Sound\n-Driving Assistant Professional (ACC, Lenk-/Spurführung etc.)\n-Active Sitzbelüftung vorne\n-Akustikverglasung & Sonnenschutzverglasung\n-Komfortzugang & Parking Assistant Plus\n-M Compound-Bremse (schwarz hochglänzend)\n-Lenkradheizung, Fernlichtassistent\n-M Sportsitze & Shadow Line mit erweiterten Umfängen\n\nOptional (im Preis von 95.000 € Brutto enthalten) und hat einen Wert Neuwert von ca. 15.000€ Brutto\n\n-Akrapovic Slip On Abgasanlage mit Endschalldämpfer (eingetragen)\n-HJS Downpipe (mit ECE / Euro 6 – kein Einfluss auf Zulassung)\n-Spurplatten\n-Professionelle Folierung in [Matt Grey von Avery]\n-Diverse Carbonpart\n\nAlle Originalteile sind natürlich auch dabei.\n\nZustand & Historie:\n\n-Top gepflegtes Fahrzeug aus 1. Hand\n-Nur handgewaschen, Garagenwagen\n-Kein Rennstreckeneinsatz\n-Scheckheft gepflegt bei BMW\n-Keine offenen Wartungen\n\nKontakt & Besichtigung:\nBesichtigung und Probefahrt nach Vereinbarung möglich.\n\nHinweis für Händler:\nVerkauf auf Wunsch mit ausgewiesener MwSt. möglich (87.000 € bzw. 90.000 € Brutto inkl. 19 % MwSt.)",
  "dealerDetails": {
    "id": 13656113,
    "sellerType": "Private Seller",
    "phones": [
      "+49 (0)176 32504872"
    ],
    "country": "DE",
    "address": "DE-41747 Viersen",
    "location": {
      "latitude": 51.2520558,
      "longitude": 6.3803213
    },
    "iconUrl": null,
    "reviewPageUrl": null,
    "score": null,
    "activeRatingCount": null,
    "vehicleAsDescribedPercentage": null,
    "recommendPercentage": null,
    "soldVehicleCount": null,
    "reviews": []
  },
  "attributes": {
    "Vehicle condition": "Used vehicle, Accident-free",
    "Category": "Saloon",
    "Mileage": "12,333 km",
    "Cubic Capacity": "2,993 ccm",
    "Power": "375 kW (510 hp)",
    "Drive type": "Internal combustion engine",
    "Fuel": "Petrol",
    "Number of Seats": "5",
    "Door Count": "4/5",
    "Transmission": "Automatic",
    "Emission Class": "Euro6",
    "Emissions Sticker": "4 (Green)",
    "First Registration": "03/2023",
    "Number of Vehicle Owners": "1",
    "HU": "03/2026",
    "Climatisation": "Automatic climatisation, 3 zones",
    "Parking sensors": "Front, 360° camera, Rear, Self-steering systems",
    "Colour": "Black",
    "Interior Design": "Full leather, Black"
  },
  "features": [
    "ABS",
    "Adaptive cornering lights",
    "Adaptive Cruise Control",
    "Alarm system",
    "Alloy wheels",
    "Ambient lighting",
    "Android Auto",
    "Apple CarPlay",
    "Arm rest",
    "Autom. dimming interior mirror",
    "Blind spot assist",
    "Bluetooth",
    "Central locking",
    "Digital cockpit",
    "Distance warning system",
    "Electric seat adjustment",
    "Electric side mirror",
    "Electric tailgate",
    "Electric windows",
    "Emergency brake assist",
    "Emergency call system",
    "ESP",
    "Fatigue warning system",
    "Four-wheel drive",
    "Full Service History",
    "Glare-free high beam headlights",
    "Hands-free kit",
    "Head-up display",
    "Heated seats",
    "Heated steering wheel",
    "Heated windshield",
    "High beam assist",
    "Hill-start assist",
    "Immobilizer",
    "Induction charging for smartphones",
    "Isofix",
    "Keyless central locking",
    "Lane change assist",
    "Laser headlights",
    "Leather steering wheel",
    "LED running lights",
    "Light sensor",
    "Lumbar support",
    "Multifunction steering wheel",
    "Navigation system",
    "Non-smoker vehicle",
    "On-board computer",
    "Paddle shifters",
    "Particulate filter",
    "Power Steering",
    "Rain sensor",
    "Seat ventilation",
    "Sound system",
    "Speed limit control system",
    "Sport seats",
    "Sports package",
    "Sports suspension",
    "Start-stop system",
    "Summer tyres",
    "Touchscreen",
    "Traction control",
    "Traffic sign recognition",
    "Tuner/radio",
    "Tyre pressure monitoring",
    "USB port",
    "Voice control"
  ]
},
{
  "title": "BMW M3 Touring UPE: 107902 € HUD Harman Kardon",
  "previewImage": "https://img.classistatic.de/api/v1/mo-prod/images/47/47ff27eb-8d1a-4bf2-9d3a-d96402e99960?rule=mo-1600.jpg",
  "category": "EstateCar",
  "brand": "BMW",
  "model": "M3",
  "url": "https://suchen.mobile.de/fahrzeuge/details.html?id=424296733",
  "price.total.amount": 87902,
  "priceRating": {
    "rating": "Very good price",
    "priceRanges": {
      "Very good price": {
        "start": 71601,
        "end": 93100
      },
      "Good price": {
        "start": 93101,
        "end": 100300
      },
      "Fair price": {
        "start": 100301,
        "end": 111500
      },
      "Increased price": {
        "start": 111501,
        "end": 119700
      },
      "High price": {
        "start": 119701,
        "end": 133000
      }
    }
  },
  "description": "Sonstiges\nAblage-Paket\nAktives M Differential\nAnhänger-Stabilisierungs-Programm (ASL)\nAußenausstattung: Shadow-Line Hochglanz\nAußenausstattung: Shadow-Line Hochglanz (erweiterter Umfang)\nAußenspiegel mit Abblendautomatik, links\nAußenspiegel mit Bordsteinautomatik, rechts\nAusstattungs-Paket: Connected Professional\nAutomatische Stabilitäts-Control (ASC)\nBedienelemente galvanisiert\nBlinkleuchte in Außenspiegel integriert\nBMW Curved Display\nCompetition\nControl-Display mit Farbmonitor (14,9 Zoll)\nDach schwarz lackiert\nDachhimmel Anthrazit (BMW Individual)\nDiebstahlsicherung für Räder (Felgenschlösser)\nDifferenzialsperre\nDynamische Tractions Control (DTC)\nEinstiegsleisten mit Einleger in Aluminium mit Schriftzug M\nElektrisch verstellbare Spiegel\nErste Hilfe-Kasten / Verbandkasten\nFahrassistenz-System: Rückfahr-Assistent\nGepäckraum-Abtrennung (Netz)\nGetränkehalter\nGetriebe Automatik - mit Steptronic und Drivelogic (8-Stufen)\nHeckleuchten LED\nInduktionsladen für Smartphones\nInnenausstattung: Interieurleisten Alu Rhombicle mit Akzentleiste\nKarosserie: 5-türig\nKennzeichenbeleuchtung LED\nKlimaautomatik 3 Zonen\nKopfstützen hinten klappbar\nLenksäule (Lenkrad) mechan. verstellbar\nLeuchtweitenregelung\nM Drive (Fahrprofilauswahl)\nM Drive Professional (Fahrprofilauswahl)\nModellpflege\nMotor 3,0 Ltr. - 390 kW 24V\nMotor 3,0 Ltr. - 390 kW 24V TwinPower Turbo (S58)\nNotrufsystem\nParkassistent-Paket\nPersonalisierungssystem (BMW ID)\nPersonalisierungssystem (Personal eSIM)\nReifendruckkontrollsystem\nReifen-Reparaturset (Mobility-Pack)\nRückfahrkamera\n\nAntrieb, Fahrwerk\nAllrad\nSportfahrwerk\n\nAußenausstattung\nDachreling Hochglanz Shadow-Line\nLM-Felgen\nSonnenschutzverglasung (hinten abgedunkelt)\n\nExterieur\nDachreling\n\nFahrerassistenz\nHead-Up Display\nRückfahrkamera\n\nKomfort, Innenausstattung\nAmbiente-Beleuchtung\nAußenspiegel elektr. anklappbar\nBMW Live Cockpit Professional\nDurchladeeinrichtung (Mittelarmlehne hinten)\nDurchladesystem\nEinparkhilfe selbstlenkendes System\nFahrassistenz-System: Einparkhilfe Seite\nFahrassistenz-System: Park-Assistent\nFensterheber elektrisch vorn + hinten\nFensterheber, elektrisch\nFreisprecheinrichtung Bluetooth mit USB-/Audio-Schnittstelle\nGeschwindigkeits-Regelanlage mit Bremsfunktion\nHead-up-Display Full Color\nInduktionsladeschale für Smartphone (Wireless Charging)\nInnenspiegel mit Abblendautomatik\nIsofix-Aufnahmen für Kindersitz\nKlimaanlage\nKlimaautomatic\nKlimaautomatik 3-Zonen mit autom. Umluft-Control\nLeder\nLederlenkrad\nLendenwirbelstütze Sitz vorn links und rechts, elektr. verstellbar\nLenkrad (Leder) mit Multifunktion M-Technic\nLicht- und Regensensor\nLordose\nMultifunktion für Lenkrad\nMultifunktionslenkrad\nRadioempfang digital (DAB+)\nScheibenwischer mit Regensensor\nService-System: Augmented Reality für Navigation\nSitze vorn elektr. verstellbar (mit Memory)\nSitzheizung\nSitzheizung vorn\nSitzverstellung, elektrisch fuer Fahrer und Beifahrer\nSound-System Harman-Kardon\nSportsitze\nStart/Stop-Anlage (Funktion)\nTempomat\nZentralverriegelung\nZentralverriegelung mit Diebstahlsicherung und Crashsensor\n\nMultimedia\nBluetooth\nDAB Tuner\nFreisprecheinrichtung\nNavigationssystem\nRadio\nSurround-Sound-System\nTelefon\nUSB Schnittstelle\n\nRäder\nAlufelgen\n\nSicherheit/Umwelt\nAdaptives Fahrwerk M-Technic\nAirbag Beifahrerseite abschaltbar\nAirbag Fahrer-/Beifahrerseite\nAlarmanlage\nAnti-Blockier-System (ABS)\nAntriebsart: Allradantrieb\nAntriebsart: xDrive (Allrad)\nDiebstahl-Warnanlage\nDynamische Stabilitäts-Control (DSC)\nDynamische Stabilitäts-Control (DSC) mit erweiterter Umfang\nFahrassistenz-System: Active Guard (Bremsassistent)\nFahrassistenz-System: Rückfahrhilfe Notbremsfunktion (Active PDC)\nGeschwindigkeits-Begrenzeranlage (Speed Limit Device)\nKnieairbag Fahrerseite\nKopf-Airbag-System hinten\nKopf-Airbag-System vorn\nLichtassistent (Follow me home)\nOtto-Partikelfilter (OPF)\nReifendruck-Kontrollsystem\nReifenpannen-Anzeige\nScheinwerfer LED\nSeitenairbag vorn\nService-System: Gesetzlicher Notruf\nService-System: Intelligenter Notruf inkl. TeleServices\n\nSitzbezug\nLeder\n\nUmwelt, Sicherheit\nABS\nAirbag Fahrer/Beifahrer\nAlarmanlage\nAuto Start/Stop Funktion \nBeifahrerairbag\nBeifahrerairbag-Deaktivierung\nDiebstahlwarnanlage\nESP\nFahrerairbag\nInnenspiegel, automatisch abblendend\nKindersitzbefestigung ISOFIX\nKopfairbag\nLED-Scheinwerfer\nLichtsensor\nNotbremsassistent\nPASM\nRegensensor\nReifen Druck Control (RDC)\nSeitenairbag\nTraction Control\n\nUPE: 107.902,00 €\nNO EXPORT!! Irrtümer und Zwischenverkauf vorbehalten.",
  "dealerDetails": {
    "id": 39056668,
    "name": "Langenhan GmbH Filiale Weimar",
    "sellerType": "Dealer",
    "phones": [
      "+49 (0)3643 878562615"
    ],
    "languages": [
      "Deutsch"
    ],
    "country": "DE",
    "address": "Ettersburger Straße 23, DE-99427 Weimar",
    "location": {
      "latitude": 50.9952169,
      "longitude": 11.3187053
    },
    "activeSince": "2001-03-01T00:00:00.000Z",
    "homepageUrl": "https://home.mobile.de/home/redirect.html?customerId=39056668",
    "iconUrl": "https://img.classistatic.de/api/v1/mo-prod/images/2d/2d9b637d-80ba-4881-9e25-8513dd7038e8?rule=mo-640.jpg",
    "reviewPageUrl": "https://www.mobile.de/bewertungen/LANGENHANGMBHFILIALEWEIMAR?lang=en",
    "score": {
      "total": 4.9,
      "responseTime": 4.9,
      "friendliness": 4.9,
      "advice": 4.9
    },
    "activeRatingCount": 52,
    "vehicleAsDescribedPercentage": 98,
    "recommendPercentage": 100,
    "soldVehicleCount": null,
    "reviews": []
  },
  "attributes": {
    "Vehicle condition": "New vehicle, Accident-free",
    "Category": "Estate car",
    "Model range": "G81",
    "Trim line": " UPE: 107902 € HUD Harman Kardon",
    "Availability": "Now",
    "Origin": "German edition",
    "Mileage": "10 km",
    "Cubic Capacity": "2,993 ccm",
    "Power": "390 kW (530 hp)",
    "Drive type": "Internal combustion engine",
    "Fuel": "Petrol, E10-enabled",
    "CO₂ class": "Based on CO₂ emissions (combined)",
    "Fuel consumption": [
      "10.4 l/100km (combined)",
      "15.8 l/100km (city)",
      "10.3 l/100km (suburban)",
      "8.8 l/100km (country road)",
      "9.8 l/100km (motorway)"
    ],
    "Energy costs for 15,000 km annual mileage": "€2,802/Year",
    "Fuel price": "€1.80/l (annual average 2024)",
    "Possible CO₂ costs over the next 10 years (15,000 km/year)": [
      "€4,477 (assuming an average CO₂ price of €127/t)",
      "€2,115 (assuming a low average CO₂ price of €60/t)",
      "€7,050 (assuming a high average CO₂ price of €200/t)"
    ],
    "Vehicle tax": "€480/Year",
    "Number of Seats": "5",
    "Door Count": "4/5",
    "Transmission": "Automatic",
    "Emission Class": "Euro6",
    "Emissions Sticker": "4 (Green)",
    "Construction Year": "2024",
    "Number of Vehicle Owners": "0",
    "HU": "New",
    "Climatisation": "Automatic climatisation, 3 zones",
    "Parking sensors": "Rear, Front, Camera, Self-steering systems",
    "Airbags": "Front and Side and More Airbags",
    "Colour (Manufacturer)": "Alpinweiß",
    "Colour": "White",
    "Interior Design": "Full leather, Black",
    "Weight": "1,940 kg",
    "Tank capacity": "59 l",
    "Energy consumption (comb.)": "10.4 l/100km",
    "CO₂ emissions (comb.)": "235 g/km"
  },
  "features": [
    "ABS",
    "Adaptive cornering lights",
    "Alarm system",
    "Alloy wheels",
    "Ambient lighting",
    "Android Auto",
    "Apple CarPlay",
    "Arm rest",
    "Autom. dimming interior mirror",
    "Blind spot assist",
    "Bluetooth",
    "Central locking",
    "Cruise control",
    "DAB radio",
    "Digital cockpit",
    "Distance warning system",
    "Dynamic chassis control",
    "Electric seat adjustment",
    "Electric side mirror",
    "Electric tailgate",
    "Electric windows",
    "Emergency brake assist",
    "Emergency call system",
    "ESP",
    "Fatigue warning system",
    "Four-wheel drive",
    "Full Service History",
    "Glare-free high beam headlights",
    "Hands-free kit",
    "Head-up display",
    "Heated seats",
    "High beam assist",
    "Hill-start assist",
    "Immobilizer",
    "Induction charging for smartphones",
    "Integrated music streaming",
    "Isofix",
    "Keyless central locking",
    "Leather steering wheel",
    "LED headlights",
    "LED running lights",
    "Light sensor",
    "Lumbar support",
    "Multifunction steering wheel",
    "Navigation system",
    "Non-smoker vehicle",
    "On-board computer",
    "Paddle shifters",
    "Particulate filter",
    "Power Steering",
    "Rain sensor",
    "Rear traffic alert",
    "Roof rack",
    "Sound system",
    "Speed limit control system",
    "Sport seats",
    "Sports package",
    "Sports suspension",
    "Start-stop system",
    "Summer tyres",
    "Tinted windows",
    "Touchscreen",
    "Traction control",
    "Traffic sign recognition",
    "Tuner/radio",
    "Tyre pressure monitoring",
    "USB port",
    "Voice control",
    "WLAN / Wi-Fi hotspot"
  ]
},
{
  "title": "BMW M3 Touring mit M xDrive Aktionsmodell! ab 999€/m",
  "previewImage": "https://img.classistatic.de/api/v1/mo-prod/images/d2/d291e1f6-328d-4009-b695-b0e51be4872b?rule=mo-1600.jpg",
  "category": "EstateCar",
  "brand": "BMW",
  "model": "M3",
  "url": "https://suchen.mobile.de/fahrzeuge/details.html?id=421808045",
  "price.total.amount": 87902,
  "priceRating": {
    "rating": "Very good price",
    "priceRanges": {
      "Very good price": {
        "start": 71101,
        "end": 92400
      },
      "Good price": {
        "start": 92401,
        "end": 99500
      },
      "Fair price": {
        "start": 99501,
        "end": 110600
      },
      "Increased price": {
        "start": 110601,
        "end": 118800
      },
      "High price": {
        "start": 118801,
        "end": 132000
      }
    }
  },
  "description": "Sonstiges\nAblage-Paket\nAktives M Differential\nAnhänger-Stabilisierungs-Programm (ASL)\nAußenausstattung: Shadow-Line Hochglanz\nAußenausstattung: Shadow-Line Hochglanz (erweiterter Umfang)\nAußenspiegel mit Abblendautomatik, links\nAußenspiegel mit Bordsteinautomatik, rechts\nAusstattungs-Paket: Connected Professional\nAutomatische Stabilitäts-Control (ASC)\nBedienelemente galvanisiert\nBlinkleuchte in Außenspiegel integriert\nBMW Curved Display\nCompetition\nControl-Display mit Farbmonitor (14,9 Zoll)\nDach schwarz lackiert\nDachhimmel Anthrazit (BMW Individual)\nDiebstahlsicherung für Räder (Felgenschlösser)\nDifferenzialsperre\nDynamische Tractions Control (DTC)\nEinstiegsleisten mit Einleger in Aluminium mit Schriftzug M\nElektrisch verstellbare Spiegel\nErste Hilfe-Kasten / Verbandkasten\nFahrassistenz-System: Rückfahr-Assistent\nGepäckraum-Abtrennung (Netz)\nGetränkehalter\nGetriebe Automatik - mit Steptronic und Drivelogic (8-Stufen)\nHeckleuchten LED\nInduktionsladen für Smartphones\nInnenausstattung: Interieurleisten Alu Rhombicle mit Akzentleiste\nKarosserie: 5-türig\nKennzeichenbeleuchtung LED\nKlimaautomatik 3 Zonen\nKopfstützen hinten klappbar\nLenksäule (Lenkrad) mechan. verstellbar\nLeuchtweitenregelung\nM Drive (Fahrprofilauswahl)\nM Drive Professional (Fahrprofilauswahl)\nModellpflege\nMotor 3,0 Ltr. - 390 kW 24V\nMotor 3,0 Ltr. - 390 kW 24V TwinPower Turbo (S58)\nNotrufsystem\nParkassistent-Paket\nPersonalisierungssystem (BMW ID)\nPersonalisierungssystem (Personal eSIM)\nReifendruckkontrollsystem\nReifen-Reparaturset (Mobility-Pack)\nRückfahrkamera\n\nAntrieb, Fahrwerk\nAllrad\nSportfahrwerk\n\nAußenausstattung\nDachreling Hochglanz Shadow-Line\nLM-Felgen\nSonnenschutzverglasung (hinten abgedunkelt)\n\nExterieur\nDachreling\n\nFahrerassistenz\nHead-Up Display\nRückfahrkamera\n\nKomfort, Innenausstattung\nAmbiente-Beleuchtung\nAußenspiegel elektr. anklappbar\nBMW Live Cockpit Professional\nDurchladeeinrichtung (Mittelarmlehne hinten)\nDurchladesystem\nEinparkhilfe selbstlenkendes System\nFahrassistenz-System: Einparkhilfe Seite\nFahrassistenz-System: Park-Assistent\nFensterheber elektrisch vorn + hinten\nFensterheber, elektrisch\nFreisprecheinrichtung Bluetooth mit USB-/Audio-Schnittstelle\nGeschwindigkeits-Regelanlage mit Bremsfunktion\nHead-up-Display Full Color\nInduktionsladeschale für Smartphone (Wireless Charging)\nInnenspiegel mit Abblendautomatik\nIsofix-Aufnahmen für Kindersitz\nKlimaanlage\nKlimaautomatic\nKlimaautomatik 3-Zonen mit autom. Umluft-Control\nLeder\nLederlenkrad\nLendenwirbelstütze Sitz vorn links und rechts, elektr. verstellbar\nLenkrad (Leder) mit Multifunktion M-Technic\nLicht- und Regensensor\nLordose\nMultifunktion für Lenkrad\nMultifunktionslenkrad\nRadioempfang digital (DAB+)\nScheibenwischer mit Regensensor\nService-System: Augmented Reality für Navigation\nSitze vorn elektr. verstellbar (mit Memory)\nSitzheizung\nSitzheizung vorn\nSitzverstellung, elektrisch fuer Fahrer und Beifahrer\nSound-System Harman-Kardon\nSportsitze\nStart/Stop-Anlage (Funktion)\nTempomat\nZentralverriegelung\nZentralverriegelung mit Diebstahlsicherung und Crashsensor\n\nMultimedia\nBluetooth\nDAB Tuner\nFreisprecheinrichtung\nNavigationssystem\nRadio\nSurround-Sound-System\nTelefon\nUSB Schnittstelle\n\nRäder\nAlufelgen\n\nSicherheit/Umwelt\nAdaptives Fahrwerk M-Technic\nAirbag Beifahrerseite abschaltbar\nAirbag Fahrer-/Beifahrerseite\nAlarmanlage\nAnti-Blockier-System (ABS)\nAntriebsart: Allradantrieb\nAntriebsart: xDrive (Allrad)\nDiebstahl-Warnanlage\nDynamische Stabilitäts-Control (DSC)\nDynamische Stabilitäts-Control (DSC) mit erweiterter Umfang\nFahrassistenz-System: Active Guard (Bremsassistent)\nFahrassistenz-System: Rückfahrhilfe Notbremsfunktion (Active PDC)\nGeschwindigkeits-Begrenzeranlage (Speed Limit Device)\nKnieairbag Fahrerseite\nKopf-Airbag-System hinten\nKopf-Airbag-System vorn\nLichtassistent (Follow me home)\nOtto-Partikelfilter (OPF)\nReifendruck-Kontrollsystem\nReifenpannen-Anzeige\nScheinwerfer LED\nSeitenairbag vorn\nService-System: Gesetzlicher Notruf\nService-System: Intelligenter Notruf inkl. TeleServices\n\nSitzbezug\nLeder Merino Schwarz/Schwarz\n\nUmwelt, Sicherheit\nABS\nAirbag Fahrer/Beifahrer\nAlarmanlage\nAuto Start/Stop Funktion \nBeifahrerairbag\nBeifahrerairbag-Deaktivierung\nDiebstahlwarnanlage\nESP\nFahrerairbag\nInnenspiegel, automatisch abblendend\nKindersitzbefestigung ISOFIX\nKopfairbag\nLED-Scheinwerfer\nLichtsensor\nNotbremsassistent\nPASM\nRegensensor\nReifen Druck Control (RDC)\nSeitenairbag\nTraction Control\nIrrtümer und Zwischenverkauf vorbehalten.",
  "dealerDetails": {
    "id": 37364839,
    "name": "Langenhan Erfurt GmbH",
    "sellerType": "Dealer",
    "phones": [
      "+49 (0)361 7101521841"
    ],
    "languages": [
      "Deutsch"
    ],
    "country": "DE",
    "address": "Justus-Liebig-Straße 30, DE-99087 Erfurt",
    "location": {
      "latitude": 51.01746139999999,
      "longitude": 11.036662
    },
    "activeSince": "2000-11-07T00:00:00.000Z",
    "homepageUrl": "https://home.mobile.de/home/redirect.html?customerId=37364839",
    "iconUrl": "https://img.classistatic.de/api/v1/mo-prod/images/51/51358f4a-5dba-4e07-8832-da1180702267?rule=mo-640.jpg",
    "reviewPageUrl": "https://www.mobile.de/bewertungen/LANGENHANERFURTGMBH?lang=en",
    "score": {
      "total": 4.3,
      "responseTime": 4.3,
      "friendliness": 4.4,
      "advice": 4.2
    },
    "activeRatingCount": 31,
    "vehicleAsDescribedPercentage": 96,
    "recommendPercentage": 83,
    "soldVehicleCount": null,
    "reviews": []
  },
  "attributes": {
    "Vehicle condition": "New vehicle, Accident-free",
    "Category": "Estate car",
    "Model range": "G81",
    "Trim line": " mit M xDrive Aktionsmodell! ab 999€/mtl. (Bestellfahr…",
    "Vehicle Number": "M3TouringWEB53680",
    "Availability": "Now",
    "Origin": "German edition",
    "Mileage": "0 km",
    "Cubic Capacity": "2,993 ccm",
    "Power": "390 kW (530 hp)",
    "Drive type": "Internal combustion engine",
    "Fuel": "Petrol, E10-enabled",
    "CO₂ class": "Based on CO₂ emissions (combined)",
    "Fuel consumption": [
      "10.4 l/100km (combined)",
      "15.8 l/100km (city)",
      "10.3 l/100km (suburban)",
      "8.8 l/100km (country road)",
      "9.8 l/100km (motorway)"
    ],
    "Energy costs for 15,000 km annual mileage": "€2,886/Year",
    "Fuel price": "€1.85/l (annual average 2023)",
    "Possible CO₂ costs over the next 10 years (15,000 km/year)": [
      "€4,054 (assuming an average CO₂ price of €115/t)",
      "€1,939 (assuming a low average CO₂ price of €55/t)",
      "€6,698 (assuming a high average CO₂ price of €190/t)"
    ],
    "Vehicle tax": "€480/Year",
    "Number of Seats": "5",
    "Door Count": "4/5",
    "Transmission": "Automatic",
    "Emission Class": "Euro6",
    "Construction Year": "2024",
    "Number of Vehicle Owners": "0",
    "HU": "New",
    "Climatisation": "Automatic climatisation, 3 zones",
    "Parking sensors": "Front, Camera, Rear, Self-steering systems",
    "Airbags": "Front and Side and More Airbags",
    "Colour (Manufacturer)": "Alpinweiß uni",
    "Colour": "White",
    "Interior Design": "Full leather, Black",
    "Weight": "1,940 kg",
    "Tank capacity": "59 l",
    "Energy consumption (comb.)": "10.4 l/100km",
    "CO₂ emissions (comb.)": "235 g/km"
  },
  "features": [
    "ABS",
    "Alarm system",
    "Alloy wheels",
    "Ambient lighting",
    "Arm rest",
    "Autom. dimming interior mirror",
    "Bluetooth",
    "Central locking",
    "Cruise control",
    "DAB radio",
    "Digital cockpit",
    "Distance warning system",
    "Dynamic chassis control",
    "Electric seat adjustment",
    "Electric side mirror",
    "Electric windows",
    "Emergency brake assist",
    "Emergency call system",
    "ESP",
    "Four-wheel drive",
    "Hands-free kit",
    "Head-up display",
    "Heated seats",
    "Hill-start assist",
    "Immobilizer",
    "Induction charging for smartphones",
    "Isofix",
    "Keyless central locking",
    "Leather steering wheel",
    "LED headlights",
    "LED running lights",
    "Light sensor",
    "Lumbar support",
    "Multifunction steering wheel",
    "Navigation system",
    "On-board computer",
    "Particulate filter",
    "Power Steering",
    "Rain sensor",
    "Roof rack",
    "Sound system",
    "Speed limit control system",
    "Sport seats",
    "Sports suspension",
    "Start-stop system",
    "Tinted windows",
    "Touchscreen",
    "Traction control",
    "Tuner/radio",
    "Tyre pressure monitoring",
    "USB port",
    "Voice control"
  ]
},
{
  "title": "BMW M3 Touring x Drivers PackMATT KERAMIKBREMSE VOLL",
  "previewImage": "https://img.classistatic.de/api/v1/mo-prod/images/05/0565e643-f8b7-4709-a2ee-243c1f9f2d04?rule=mo-1600.jpg",
  "category": "EstateCar",
  "brand": "BMW",
  "model": "M3",
  "url": "https://suchen.mobile.de/fahrzeuge/details.html?id=418150908",
  "price.total.amount": 87880,
  "priceRating": {
    "rating": "Fair price",
    "priceRanges": {
      "Very good price": {
        "start": 59601,
        "end": 77500
      },
      "Good price": {
        "start": 77501,
        "end": 83500
      },
      "Fair price": {
        "start": 83501,
        "end": 92900
      },
      "Increased price": {
        "start": 92901,
        "end": 99700
      },
      "High price": {
        "start": 99701,
        "end": 110800
      }
    }
  },
  "description": "Sonderausstattung: Gewerbe Leasing:36 Monate\nMonatlich KM :10.000\nMonatliche Rate: 1466€\nAnzahlung: 15.000€\n\nAktive Sitzbelüftung vorn, BMW Individual-Sonderlackierung Frozen Brilliant White Metallic, BMW Individual-Sonderlackierung Frozen Pure Grey Metallic, BMW Live Cockpit Professional, Bremsanlage: M Carbon-Keramik, Exterieur-Paket M Carbon, Fahrassistenz-System: Driving Assistant Professional, Innenausstattung: Interieurleisten Carbon, Innovations-Paket, Instrumententafel Sensatec, Lenkrad heizbar, LM-Felgen, M Driver´s Package, Parkassistent-Paket Plus, Scheinwerfer BMW Individual Shadow-Line, Sicherheitsgurte M, Sonnenschutzverglasung (hinten abgedunkelt), Sound-System Harman-Kardon, Verglasung Akustikglas\n\nWeitere Ausstattung:\nAblage-Paket, Adaptives Fahrwerk M-Technic, Airbag Beifahrerseite abschaltbar, Aktives M Differential, Ambiente-Beleuchtung, Ausstattungs-Paket: Connected Professional, Außenausstattung: Shadow-Line Hochglanz, Außenausstattung: Shadow-Line Hochglanz (erweiterter Umfang), Außenspiegel elektr. verstell- und heizbar, Bedienelemente galvanisiert, Bordcomputer, Competition, DAB-Tuner (Radioempfang digital), Dachhimmel Anthrazit (BMW Individual), Dachreling Hochglanz Shadow-Line, Diebstahlsicherung für Räder (Felgenschlösser), Durchladeeinrichtung (Mittelarmlehne hinten), Dynamische Stabilitäts-Control (DSC) mit erweiterter Umfang, Einstiegsleisten mit Einleger in Aluminium mit Schriftzug M3, Erste Hilfe-Kasten / Verbandkasten, Fahrassistenz-System: Active Guard (Bremsassistent), Fahrassistenz-System: Aufmerksamkeits-Assistent, Freisprecheinrichtung Bluetooth mit USB-/Audio-Schnittstelle, Fußmatten Velours, Gepäckraumbeleuchtung, Getriebe Automatik - mit Steptronic und Drivelogic (8-Stufen), Getränkehalter, Heckklappenbetätigung automatisch, Heckleuchten LED, Induktionsladeschale für Smartphone (Wireless Charging), Innenspiegel mit Abblendautomatik, Instrumentenkombination (erweiterter Umfang), Isofix-Aufnahmen für Kindersitz an Rücksitz, Karosserie: 5-türig, Kennzeichenbeleuchtung LED, Klimaautomatik 3-Zonen mit autom. Umluft-Control, Knieairbag Fahrerseite, Kopf-Airbag-System hinten, Kopf-Airbag-System vorn, Kopfstützen hinten klappbar, Lenksäule (Lenkrad) elektr. verstellbar, Leuchtweitenregelung, M Drive (Fahrprofilauswahl), M Drive Professional (Fahrprofilauswahl), Motor 3,0 Ltr. - 375 kW 24V TwinTurbo KAT (S58), Nebelschlussleuchte(n), Otto-Partikelfilter (OPF), Park-Distance-Control (PDC) vorn und hinten, Parkbremse elektrisch, Reifendruck-Kontrollsystem, Reifenpannen-Anzeige, Schadstoffarm nach Abgasnorm Euro 6d, Schaltpunktanzeige, Seitenairbag vorn, Service-System: ConnectedDrive Services, Service-System: Gesetzlicher Notruf, Service-System: Intelligenter Notruf inkl. TeleServices, Sitzbezug / Polsterung: Leder Merino (erweiterter Umfang), Sitze vorn elektr. verstellbar (mit Memory), Spiegel-Paket, Sportdifferential, Sportsitze vorn (M-Technic), Start-Stop-Knopf, Start/Stop-Anlage (Funktion), Steckdose (12V-Anschluß) in Mittelkonsole vorn, Warndreieck, Widescreen Display, Wärme-/Sonnenschutzverglasung, Wärme-/Sonnenschutzverglasung kombiniert (hinten abgedunkelt)\n\nGerne bieten wir ihnen ein leasing angebot an!\n\n\nDie oben aufgeführte Daten/Ausstattungsliste dient lediglich der allgemeinen Identifizierung des Fahrzeugs und stellt keine zugesicherte Eigenschaft im kaufrechtlichen Sinn dar! Sämtliche Angaben / Zubehörangaben sind OHNE GEWÄHR, Änderungen, Zwischenverkauf und Irrtümer ausdrücklich vorbehalten!!! Die Ausstattungsliste wird nicht Vertragsgegenstand und muss im Detail vor Kaufabschluss von jedem Interessenten vor Ort am Fahrzeug SELBST überprüft werden. Spätere Reklamationen werden nicht anerkannt.",
  "dealerDetails": {
    "id": 34920393,
    "name": "Auto.lp",
    "sellerType": "Dealer",
    "phones": [
      "+49 (0)8331 995941331"
    ],
    "messengers": {
      "WHATS_APP": "+49 (0)1511 4493006"
    },
    "languages": [
      "Deutsch",
      "English",
      "Italiano"
    ],
    "country": "DE",
    "address": "Ostpreußenstraße 12, DE-87700 Memmingen",
    "location": {
      "latitude": 48.0005266,
      "longitude": 10.1778634
    },
    "activeSince": "2024-03-07T00:00:00.000Z",
    "homepageUrl": "https://home.mobile.de/home/redirect.html?customerId=34920393",
    "iconUrl": null,
    "reviewPageUrl": null,
    "score": null,
    "activeRatingCount": null,
    "vehicleAsDescribedPercentage": null,
    "recommendPercentage": null,
    "soldVehicleCount": null,
    "reviews": []
  },
  "attributes": {
    "Vehicle condition": "Used vehicle, Accident-free",
    "Category": "Estate car",
    "Trim line": "M SPORT PRO",
    "Origin": "German edition",
    "Mileage": "27,000 km",
    "Cubic Capacity": "2,993 ccm",
    "Power": "375 kW (510 hp)",
    "Drive type": "Internal combustion engine",
    "Fuel": "Petrol",
    "Number of Seats": "5",
    "Door Count": "4/5",
    "Transmission": "Automatic",
    "First Registration": "01/2024",
    "Number of Vehicle Owners": "1",
    "HU": "01/2027",
    "Climatisation": "Automatic climatisation, 3 zones",
    "Parking sensors": "360° camera, Front, Self-steering systems, Rear",
    "Airbags": "Front and Side and More Airbags",
    "Colour (Manufacturer)": "SONDERLACKIERUNG MATT",
    "Colour": "Black Matte",
    "Interior Design": "Full leather, Black"
  },
  "features": [
    "ABS",
    "Adaptive cornering lights",
    "Adaptive Cruise Control",
    "Alarm system",
    "Alloy wheels",
    "Ambient lighting",
    "Android Auto",
    "Apple CarPlay",
    "Arm rest",
    "Autom. dimming interior mirror",
    "Blind spot assist",
    "Bluetooth",
    "Cargo barrier",
    "Central locking",
    "DAB radio",
    "Digital cockpit",
    "Distance warning system",
    "Electric seat adjustment",
    "Electric side mirror",
    "Electric tailgate",
    "Electric windows",
    "Eletric seat adjustment with memory function",
    "Emergency brake assist",
    "Emergency call system",
    "ESP",
    "Fatigue warning system",
    "Folding exterior mirrors",
    "Four-wheel drive",
    "Full Service History",
    "Glare-free high beam headlights",
    "Hands-free kit",
    "Head-up display",
    "Heated rear seats",
    "Heated seats",
    "Heated steering wheel",
    "Heated windshield",
    "High beam assist",
    "Hill-start assist",
    "Immobilizer",
    "Induction charging for smartphones",
    "Integrated music streaming",
    "Isofix",
    "Keyless central locking",
    "Lane change assist",
    "Leather steering wheel",
    "LED headlights",
    "LED running lights",
    "Light sensor",
    "Lumbar support",
    "Multifunction steering wheel",
    "Navigation system",
    "Non-smoker vehicle",
    "On-board computer",
    "Paddle shifters",
    "Particulate filter",
    "Power Steering",
    "Rain sensor",
    "Roof rack",
    "Seat ventilation",
    "Sound system",
    "Speed limit control system",
    "Sports package",
    "Sports suspension",
    "Start-stop system",
    "Summer tyres",
    "Touchscreen",
    "Traction control",
    "Traffic sign recognition",
    "Tuner/radio",
    "Tyre pressure monitoring",
    "USB port",
    "Voice control",
    "Warranty",
    "WLAN / Wi-Fi hotspot"
  ]
},
{
  "title": "BMW M3 Touring UPE: 107902 € HUD Harman Kardon",
  "previewImage": "https://img.classistatic.de/api/v1/mo-prod/images/47/47ff27eb-8d1a-4bf2-9d3a-d96402e99960?rule=mo-1600.jpg",
  "category": "EstateCar",
  "brand": "BMW",
  "model": "M3",
  "url": "https://suchen.mobile.de/fahrzeuge/details.html?id=424305580",
  "price.total.amount": 87902,
  "priceRating": {
    "rating": "Very good price",
    "priceRanges": {
      "Very good price": {
        "start": 71601,
        "end": 93100
      },
      "Good price": {
        "start": 93101,
        "end": 100300
      },
      "Fair price": {
        "start": 100301,
        "end": 111500
      },
      "Increased price": {
        "start": 111501,
        "end": 119700
      },
      "High price": {
        "start": 119701,
        "end": 133000
      }
    }
  },
  "description": "Sonstiges\nAblage-Paket\nAktives M Differential\nAnhänger-Stabilisierungs-Programm (ASL)\nAußenausstattung: Shadow-Line Hochglanz\nAußenausstattung: Shadow-Line Hochglanz (erweiterter Umfang)\nAußenspiegel mit Abblendautomatik, links\nAußenspiegel mit Bordsteinautomatik, rechts\nAusstattungs-Paket: Connected Professional\nAutomatische Stabilitäts-Control (ASC)\nBedienelemente galvanisiert\nBlinkleuchte in Außenspiegel integriert\nBMW Curved Display\nCompetition\nControl-Display mit Farbmonitor (14,9 Zoll)\nDach schwarz lackiert\nDachhimmel Anthrazit (BMW Individual)\nDiebstahlsicherung für Räder (Felgenschlösser)\nDifferenzialsperre\nDynamische Tractions Control (DTC)\nEinstiegsleisten mit Einleger in Aluminium mit Schriftzug M\nElektrisch verstellbare Spiegel\nErste Hilfe-Kasten / Verbandkasten\nFahrassistenz-System: Rückfahr-Assistent\nGepäckraum-Abtrennung (Netz)\nGetränkehalter\nGetriebe Automatik - mit Steptronic und Drivelogic (8-Stufen)\nHeckleuchten LED\nInduktionsladen für Smartphones\nInnenausstattung: Interieurleisten Alu Rhombicle mit Akzentleiste\nKarosserie: 5-türig\nKennzeichenbeleuchtung LED\nKlimaautomatik 3 Zonen\nKopfstützen hinten klappbar\nLenksäule (Lenkrad) mechan. verstellbar\nLeuchtweitenregelung\nM Drive (Fahrprofilauswahl)\nM Drive Professional (Fahrprofilauswahl)\nModellpflege\nMotor 3,0 Ltr. - 390 kW 24V\nMotor 3,0 Ltr. - 390 kW 24V TwinPower Turbo (S58)\nNotrufsystem\nParkassistent-Paket\nPersonalisierungssystem (BMW ID)\nPersonalisierungssystem (Personal eSIM)\nReifendruckkontrollsystem\nReifen-Reparaturset (Mobility-Pack)\nRückfahrkamera\n\nAntrieb, Fahrwerk\nAllrad\nSportfahrwerk\n\nAußenausstattung\nDachreling Hochglanz Shadow-Line\nLM-Felgen\nSonnenschutzverglasung (hinten abgedunkelt)\n\nExterieur\nDachreling\n\nFahrerassistenz\nHead-Up Display\nRückfahrkamera\n\nKomfort, Innenausstattung\nAmbiente-Beleuchtung\nAußenspiegel elektr. anklappbar\nBMW Live Cockpit Professional\nDurchladeeinrichtung (Mittelarmlehne hinten)\nDurchladesystem\nEinparkhilfe selbstlenkendes System\nFahrassistenz-System: Einparkhilfe Seite\nFahrassistenz-System: Park-Assistent\nFensterheber elektrisch vorn + hinten\nFensterheber, elektrisch\nFreisprecheinrichtung Bluetooth mit USB-/Audio-Schnittstelle\nGeschwindigkeits-Regelanlage mit Bremsfunktion\nHead-up-Display Full Color\nInduktionsladeschale für Smartphone (Wireless Charging)\nInnenspiegel mit Abblendautomatik\nIsofix-Aufnahmen für Kindersitz\nKlimaanlage\nKlimaautomatic\nKlimaautomatik 3-Zonen mit autom. Umluft-Control\nLeder\nLederlenkrad\nLendenwirbelstütze Sitz vorn links und rechts, elektr. verstellbar\nLenkrad (Leder) mit Multifunktion M-Technic\nLicht- und Regensensor\nLordose\nMultifunktion für Lenkrad\nMultifunktionslenkrad\nRadioempfang digital (DAB+)\nScheibenwischer mit Regensensor\nService-System: Augmented Reality für Navigation\nSitze vorn elektr. verstellbar (mit Memory)\nSitzheizung\nSitzheizung vorn\nSitzverstellung, elektrisch fuer Fahrer und Beifahrer\nSound-System Harman-Kardon\nSportsitze\nStart/Stop-Anlage (Funktion)\nTempomat\nZentralverriegelung\nZentralverriegelung mit Diebstahlsicherung und Crashsensor\n\nMultimedia\nBluetooth\nDAB Tuner\nFreisprecheinrichtung\nNavigationssystem\nRadio\nSurround-Sound-System\nTelefon\nUSB Schnittstelle\n\nRäder\nAlufelgen\n\nSicherheit/Umwelt\nAdaptives Fahrwerk M-Technic\nAirbag Beifahrerseite abschaltbar\nAirbag Fahrer-/Beifahrerseite\nAlarmanlage\nAnti-Blockier-System (ABS)\nAntriebsart: Allradantrieb\nAntriebsart: xDrive (Allrad)\nDiebstahl-Warnanlage\nDynamische Stabilitäts-Control (DSC)\nDynamische Stabilitäts-Control (DSC) mit erweiterter Umfang\nFahrassistenz-System: Active Guard (Bremsassistent)\nFahrassistenz-System: Rückfahrhilfe Notbremsfunktion (Active PDC)\nGeschwindigkeits-Begrenzeranlage (Speed Limit Device)\nKnieairbag Fahrerseite\nKopf-Airbag-System hinten\nKopf-Airbag-System vorn\nLichtassistent (Follow me home)\nOtto-Partikelfilter (OPF)\nReifendruck-Kontrollsystem\nReifenpannen-Anzeige\nScheinwerfer LED\nSeitenairbag vorn\nService-System: Gesetzlicher Notruf\nService-System: Intelligenter Notruf inkl. TeleServices\n\nSitzbezug\nLeder\n\nUmwelt, Sicherheit\nABS\nAirbag Fahrer/Beifahrer\nAlarmanlage\nAuto Start/Stop Funktion \nBeifahrerairbag\nBeifahrerairbag-Deaktivierung\nDiebstahlwarnanlage\nESP\nFahrerairbag\nInnenspiegel, automatisch abblendend\nKindersitzbefestigung ISOFIX\nKopfairbag\nLED-Scheinwerfer\nLichtsensor\nNotbremsassistent\nPASM\nRegensensor\nReifen Druck Control (RDC)\nSeitenairbag\nTraction Control\n\nUPE: 107.902,00 €\n\nNO EXPORT!! Irrtümer und Zwischenverkauf vorbehalten.",
  "dealerDetails": {
    "id": 39056461,
    "name": "Langenhan GmbH Filiale Jena",
    "sellerType": "Dealer",
    "phones": [
      "+49 (0)3641 554987988"
    ],
    "languages": [
      "Deutsch"
    ],
    "country": "DE",
    "address": "Göschwitzer Straße 2, DE-07745 Jena",
    "location": {
      "latitude": 50.8975439,
      "longitude": 11.5937777
    },
    "activeSince": "2001-02-28T00:00:00.000Z",
    "homepageUrl": "https://home.mobile.de/home/redirect.html?customerId=39056461",
    "iconUrl": "https://img.classistatic.de/api/v1/mo-prod/images/f0/f0b5bd93-630b-484b-bb6f-d17ce934adab?rule=mo-640.jpg",
    "reviewPageUrl": "https://www.mobile.de/bewertungen/LANGENHANGMBHFILIALEJENA?lang=en",
    "score": {
      "total": 3.9,
      "responseTime": 4,
      "friendliness": 4.3,
      "advice": 3.5
    },
    "activeRatingCount": 5,
    "vehicleAsDescribedPercentage": 100,
    "recommendPercentage": 75,
    "soldVehicleCount": null,
    "reviews": []
  },
  "attributes": {
    "Vehicle condition": "New vehicle, Accident-free",
    "Category": "Estate car",
    "Model range": "G81",
    "Trim line": " UPE: 107902 € HUD Harman Kardon",
    "Availability": "Now",
    "Origin": "German edition",
    "Mileage": "10 km",
    "Cubic Capacity": "2,993 ccm",
    "Power": "390 kW (530 hp)",
    "Drive type": "Internal combustion engine",
    "Fuel": "Petrol, E10-enabled",
    "CO₂ class": "Based on CO₂ emissions (combined)",
    "Fuel consumption": [
      "10.4 l/100km (combined)",
      "15.8 l/100km (city)",
      "10.3 l/100km (suburban)",
      "8.8 l/100km (country road)",
      "9.8 l/100km (motorway)"
    ],
    "Energy costs for 15,000 km annual mileage": "€2,802/Year",
    "Fuel price": "€1.80/l (annual average 2024)",
    "Possible CO₂ costs over the next 10 years (15,000 km/year)": [
      "€4,477 (assuming an average CO₂ price of €127/t)",
      "€2,115 (assuming a low average CO₂ price of €60/t)",
      "€7,050 (assuming a high average CO₂ price of €200/t)"
    ],
    "Vehicle tax": "€480/Year",
    "Number of Seats": "5",
    "Door Count": "4/5",
    "Transmission": "Automatic",
    "Emission Class": "Euro6",
    "Emissions Sticker": "4 (Green)",
    "Construction Year": "2024",
    "Number of Vehicle Owners": "0",
    "HU": "New",
    "Climatisation": "Automatic climatisation, 3 zones",
    "Parking sensors": "Front, Camera, Self-steering systems, Rear",
    "Airbags": "Front and Side and More Airbags",
    "Colour (Manufacturer)": "Alpinweiß",
    "Colour": "White",
    "Interior Design": "Full leather, Black",
    "Weight": "1,940 kg",
    "Tank capacity": "59 l",
    "Energy consumption (comb.)": "10.4 l/100km",
    "CO₂ emissions (comb.)": "235 g/km"
  },
  "features": [
    "ABS",
    "Adaptive cornering lights",
    "Alarm system",
    "Alloy wheels",
    "Ambient lighting",
    "Android Auto",
    "Apple CarPlay",
    "Arm rest",
    "Autom. dimming interior mirror",
    "Bluetooth",
    "Cargo barrier",
    "Central locking",
    "Cruise control",
    "DAB radio",
    "Digital cockpit",
    "Distance warning system",
    "Dynamic chassis control",
    "Electric seat adjustment",
    "Electric side mirror",
    "Electric tailgate",
    "Electric windows",
    "Emergency brake assist",
    "Emergency call system",
    "ESP",
    "Fatigue warning system",
    "Four-wheel drive",
    "Full Service History",
    "Glare-free high beam headlights",
    "Hands-free kit",
    "Head-up display",
    "Heated seats",
    "High beam assist",
    "Hill-start assist",
    "Immobilizer",
    "Induction charging for smartphones",
    "Integrated music streaming",
    "Isofix",
    "Keyless central locking",
    "Lane change assist",
    "Leather steering wheel",
    "LED headlights",
    "LED running lights",
    "Light sensor",
    "Lumbar support",
    "Multifunction steering wheel",
    "Navigation system",
    "Non-smoker vehicle",
    "On-board computer",
    "Paddle shifters",
    "Particulate filter",
    "Power Steering",
    "Rain sensor",
    "Rear traffic alert",
    "Roof rack",
    "Sound system",
    "Speed limit control system",
    "Sport seats",
    "Sports package",
    "Sports suspension",
    "Start-stop system",
    "Tinted windows",
    "Touchscreen",
    "Traction control",
    "Traffic sign recognition",
    "Tuner/radio",
    "Tyre pressure monitoring",
    "USB port",
    "Voice control",
    "WLAN / Wi-Fi hotspot"
  ]
},
{
  "title": "BMW M3 Competition M xDrive Tour DA-Pro,PA+,HUD,H/K",
  "previewImage": "https://img.classistatic.de/api/v1/mo-prod/images/38/38446633-0361-4db1-a891-7be10f8ac125?rule=mo-1600.jpg",
  "category": "EstateCar",
  "brand": "BMW",
  "model": "M3",
  "url": "https://suchen.mobile.de/fahrzeuge/details.html?id=432112271",
  "price.total.amount": 87900,
  "priceRating": {
    "rating": "Good price",
    "priceRanges": {
      "Very good price": {
        "start": 67501,
        "end": 87700
      },
      "Good price": {
        "start": 87701,
        "end": 94500
      },
      "Fair price": {
        "start": 94501,
        "end": 105100
      },
      "Increased price": {
        "start": 105101,
        "end": 112800
      },
      "High price": {
        "start": 112801,
        "end": 125300
      }
    }
  },
  "description": "Verbrauch und Emission (WLTP)\nPrimärer Antrieb Verbrauch kombiniert: 10,40 l/100 km\nCO2 Emission kombiniert: 234 g/km\n\nGetriebe\nAutomatikgetriebe DriveLogic, 8 Gänge\n\nAusstattungslinie\nAusstattungslinie Exterieur: Competition\n\nAusstattungspakete\nAusstattungspaket: Connected Package Professional, Connected Professional (laufzeitgebundener Dienst)\nM Sportpaket\nComfort Paket\nOptikpaket: M Hochglanz Shadow Line mit erweiterten Umfängen\nAblagepaket\nSpiegelpaket: Innen- und Außenspiegelpaket\n\nAssistenzsysteme\nHead-up-Display HUD\nFernlichtassistent\nBMW ParkAssistent: Parking Assistant Plus\nRückfahrkamera\nSurround View\nFahrlichtautomatik\nAktive Geschwindigkeitsregelung mit Stop & Go\nSpracheingabesystem\nMüdigkeitserkennung\nSpurwechselassistent\nSpurhalteassistent\nBremsassistent\nFahrerassistenzpaket: Driving Assistant Professional, Heckaufprall-Vermeidung, Parkassistent-Paket Plus, Rückfahr-Assistent\nActive Guard Auffahrwarnung\nVerkehrszeichenerkennung\nGespannstabilisierung\n\nLicht und Sicht\nAdaptiver LED-Scheinwerfer\nAdaptives Kurvenlicht\nTagfahrlicht\nRegensensor\nAutomatisch abblendende Innen- und Außenspiegel\nSonnen- und Wärmeschutzverglasung\nDynamische Leuchtweitenregulierung\nAmbientebeleuchtung\nLichtsensor\n\nAudio & Kommunikation\nMultimedia-System\nBMW Live Cockpit Professional: Augmented Reality\nRadio\nMulti-Funktions-Display\nDigitaler Radioempfang DAB\niDrive\nHarman/Kardon Soundsystem\nAudio-Schnittstelle\nBMW ConnectedDrive Services: ConnectedDrive Services (laufzeitgebundener Dienst), Connected Package Professional (laufzeitgebundener Dienst)\nHandyvorbereitung Bluetooth\nAndroid Auto u. Apple CarPlay\nKabelloses Laden für Handys: Ablage für Wireless Charging\nWLAN Hotspot: Personal eSIM\n\nKomfort\nBMW Live Cockpit Professional: BMW Curved Display\nKlimaautomatik, 3 Zonen\nFahrer-/Beifahrersitz elektrisch\nMemoryfunktion Fahrersitz\nLordosenstütze Fahrer/Beifahrer elektrisch\nSitzheizung Fahrer/Beifahrer\nSportsitze: M Sportsitze\nArmauflage vorn und hinten\nServolenkung\nLenksäule verstellbar\nKomfortzugang\nAuto Start Stop Funktion\nZentralver. mit Fernbedienung: mit Diebstahlsicherung und Crashsensor, BMW Digital Key\nFensterheber elektrisch 4-fach\nKopfstützen vorn und hinten: Fondkopfstützen klappbar\nAutomatische Heckklappenbetätigung\nM Drive: M Drive Professional\nGetränkehalter\n\nInterieur\nSitze Leder Merino Silverstone/Schwarz\nMultifunktions-Sport-/Lederlenkrad: M, M Sicherheitsgurte, M Dachhimmel anthrazit\nLenkradheizung\nBordcomputer\nRücksitze klapp- und teilbar\nLaderaumabdeckung\nDurchladesystem\nDekoreinlagen: M Interieurleisten Aluminium Rhombicle Anthrazit, Galvanikapplikation für Bedienelemente\nLenkrad-Schaltwippen\n\nExterieur\nAdaptives Fahrwerk\nAntrieb: Allrad\nM Sportfahrwerk: Adaptives M Fahrwerk, Dach und Spiegelkappen schwarz\nTouchscreen Bedienung\nDifferentialsperre: Aktives M Differential\nCompound-Bremse: M Compound-Bremse rot hochglänzend\nM Leichtmetallräder 20 Zoll: M Schmiederäder Doppelspeiche 826 M Schwarz\nAußenspiegel elekt. anklappbar\nDachreling: BMW Individual hochglanz Shadow Line, Hochglanz Shadow-Line\nReifenpannenset\nInnovationspaket: II\nNotrufsystem: Intelligenter Notruf inkl. TeleServices (laufzeitgebundener Dienst)\nGeschwindigkeitsbegrenzer\nFahrzeugpersonalisierung: BMW ID\n\nSicherheit\nISOFIX Kindersitzbefestigung\nFußgängerschutzsystem: aktiv\nFahrer- /Beifahrerairbag\nKopfairbag vorn\nSeitenairbag vorn und hinten\nKnieairbag Fahrer\nDynamische Traktions Control DTC\nDynamische Stabilitäts Control DSC\nReifen Pannen Anzeige RPA\nDiebstahlwarnanlage\nWegfahrsperre\nAußentemperatur Anzeige\nAntiblockiersystem ABS\nProaktives Insassenschutzsystem: Active Protection\nNotbremsassistent\nAkustischer Umfeldschutz\nQuerverkehrswarnung\n\nWeitere Ausstattung\nM Compound-Bremse rot hochglänzend\nM Sicherheitsgurte\nGalvanikapplikation für Bedienelemente\nTeleServices (laufzeitgebundener Dienst)\nConnectedPackage Professional\nDeutschland-Ausführung\nM Dachhimmel Anthrazit\nM Hochglanz Shadow Line erweitert\nDach und Spiegelkappen schwarz\nFalschfahrwarnung\nAusweich-Assistent\nAmpel-Erkennung\nGepäckraum-Paket\nRemote 3D View (laufzeitgebundener Dienst)\nBeifahrerairbag-Deaktivierung\nGebrauchtwagensiegel: BMW Premium Selection\nehemalige unverbindliche Preisempfehlung des Herstellers: 113319 EUR\n\nDie im Inserat aufgeführten Ausstattungsmerkmale sind unverbindlich. Maßgeblich für den Kauf ist allein der schriftliche Kaufvertrag. Angaben im Inserat begründen keine Beschaffenheitsvereinbarung. Verbindliche Ausstattungsangaben werden ausschließlich im Kaufvertrag festgelegt.",
  "dealerDetails": {
    "id": 454253,
    "name": "WELLER Premium GmbH - BMW & MINI Vertragshändler",
    "sellerType": "Dealer",
    "phones": [
      "+49 (0)581 2254801916"
    ],
    "languages": [
      "Deutsch",
      "English"
    ],
    "country": "DE",
    "address": "Nordallee 7, DE-29525 Uelzen",
    "location": {
      "latitude": 52.9870397,
      "longitude": 10.5466297
    },
    "activeSince": "2000-10-18T00:00:00.000Z",
    "homepageUrl": "https://home.mobile.de/home/redirect.html?customerId=454253",
    "iconUrl": "https://img.classistatic.de/api/v1/mo-prod/images/02/022e1ec4-d4da-4757-9085-444917c85f98?rule=mo-640.jpg",
    "reviewPageUrl": "https://www.mobile.de/bewertungen/B-K-UELZEN?lang=en",
    "score": {
      "total": 4.3,
      "responseTime": 4.2,
      "friendliness": 4.4,
      "advice": 4.2
    },
    "activeRatingCount": 43,
    "vehicleAsDescribedPercentage": 91,
    "recommendPercentage": 79,
    "soldVehicleCount": null,
    "reviews": []
  },
  "attributes": {
    "Vehicle condition": "Used vehicle, Accident-free",
    "Category": "Estate car, Employee's Car",
    "Trim line": "Competition",
    "Vehicle Number": "1647000",
    "Availability": "Now",
    "Origin": "German edition",
    "Mileage": "14,666 km",
    "Cubic Capacity": "3,000 ccm",
    "Power": "390 kW (530 hp)",
    "Drive type": "Internal combustion engine",
    "Fuel": "Petrol",
    "CO₂ class": "Based on CO₂ emissions (combined)",
    "Fuel consumption": [
      "10.4 l/100km (combined)"
    ],
    "Energy costs for 15,000 km annual mileage": "€2,802/Year",
    "Fuel price": "€1.80/l (annual average 2024)",
    "Possible CO₂ costs over the next 10 years (15,000 km/year)": [
      "€4,036 (assuming an average CO₂ price of €115/t)",
      "€1,755 (assuming a low average CO₂ price of €50/t)",
      "€6,669 (assuming a high average CO₂ price of €190/t)"
    ],
    "Vehicle tax": "€476/Year",
    "Number of Seats": "5",
    "Door Count": "4/5",
    "Transmission": "Automatic",
    "Emission Class": "Euro6d",
    "Emissions Sticker": "4 (Green)",
    "First Registration": "02/2025",
    "Number of Vehicle Owners": "1",
    "HU": "New",
    "Climatisation": "Automatic climatisation, 3 zones",
    "Parking sensors": "Front, Self-steering systems, Rear, 360° camera",
    "Airbags": "Front and Side and More Airbags",
    "Colour (Manufacturer)": "Isle of Man Grün",
    "Colour": "Green Metallic",
    "Interior Design": "Full leather, Black",
    "Cylinders": "6",
    "Energy consumption (comb.)": "10.4 l/100km",
    "CO₂ emissions (comb.)": "234 g/km"
  },
  "features": [
    "ABS",
    "Adaptive cornering lights",
    "Adaptive Cruise Control",
    "Alarm system",
    "Alloy wheels",
    "Ambient lighting",
    "Android Auto",
    "Apple CarPlay",
    "Arm rest",
    "Autom. dimming interior mirror",
    "Blind spot assist",
    "Bluetooth",
    "Central locking",
    "DAB radio",
    "Daytime running lights",
    "Digital cockpit",
    "Distance warning system",
    "Dynamic chassis control",
    "Electric seat adjustment",
    "Electric side mirror",
    "Electric tailgate",
    "Electric windows",
    "Eletric seat adjustment with memory function",
    "Emergency brake assist",
    "Emergency call system",
    "Emergency tyre repair kit",
    "ESP",
    "Folding exterior mirrors",
    "Four-wheel drive",
    "Full Service History",
    "Hands-free kit",
    "Head-up display",
    "Heated seats",
    "Heated steering wheel",
    "High beam assist",
    "Immobilizer",
    "Induction charging for smartphones",
    "Isofix",
    "Keyless central locking",
    "Lane change assist",
    "Leather steering wheel",
    "LED headlights",
    "Light sensor",
    "Lumbar support",
    "Multifunction steering wheel",
    "Navigation system",
    "Non-smoker vehicle",
    "On-board computer",
    "Paddle shifters",
    "Power Steering",
    "Rain sensor",
    "Roof rack",
    "Sound system",
    "Speed limit control system",
    "Sport seats",
    "Sports package",
    "Sports suspension",
    "Start-stop system",
    "Touchscreen",
    "Traction control",
    "Traffic sign recognition",
    "Tuner/radio",
    "Tyre pressure monitoring",
    "Voice control",
    "Warranty",
    "WLAN / Wi-Fi hotspot"
  ]
},
{
  "title": "BMW M3 Competition xD *20 *ACC *Carbon *H&K *Laser",
  "previewImage": "https://img.classistatic.de/api/v1/mo-prod/images/58/5888a83f-fd7a-4ed3-b430-a9249286fed7?rule=mo-1600.jpg",
  "category": "Limousine",
  "brand": "BMW",
  "model": "M3",
  "url": "https://suchen.mobile.de/fahrzeuge/details.html?id=429447769",
  "price.total.amount": 87900,
  "priceRating": {
    "rating": "Good price",
    "priceRanges": {
      "Very good price": {
        "start": 63401,
        "end": 82400
      },
      "Good price": {
        "start": 82401,
        "end": 88800
      },
      "Fair price": {
        "start": 88801,
        "end": 98800
      },
      "Increased price": {
        "start": 98801,
        "end": 106000
      },
      "High price": {
        "start": 106001,
        "end": 117800
      }
    }
  },
  "description": "Hiermit bieten wir Ihnen einen wunderschönen BMW M3 Competition xDrive aus 2.Hand an. Alle Wartungen wurden ausschließlich nach Herstellervorgaben durchgeführt. Das Fahrzeug befindet sich in einem sehr gepflegten Allgemeinzustand. \n\n\nGerne nehmen wir Ihr Fahrzeug Inzahlung und kümmern uns um die Ablösung bei Ihrer Bank - Sprechen Sie uns einfach an! \n\n\nHistorie und Besonderheiten des Fahrzeuges:\n\n\nDeutsches Fahrzeug \nNichtraucher-Fahrzeug \nAus 2. Hand\nUnfallfrei\nKein Miet-/ Fahrschulwagen o.ä.\nScheckheftgepflegt bei BMW\nBLP: 113.977,86€\nBMW Garantie bis 2027\n\n\n​WE SPEAK : Deutsch - English - Francais - Italiano - Türkce - Albanisch - Polskie - Russisch - Espanol - Arabic \n\nGerne erstellen wir Ihnen ein individuell angepasstes Finanzierungsangebot - Sprechen Sie uns an !\n\nSonderausstattung:\nAktive Sitzbelüftung vorn\nBMW Drive Recorder (Dashcam)\nBMW Live Cockpit Professional\nBMW Curved Display\nControl-Display mit Farbmonitor (14,9 Zoll)\nBremsanlage: Compound - M Bremssystem (Bremssättel Rot)\nDriving Assistant Professional\nSpurwechselassistent\nFahrassistenz-System: Falschfahrwarnung\nGeschwindigkeits-Begrenzeranlage (Speed Limit Device)\nGeschwindigkeits-Regelanlage, Aktiv mit Stop&Go-Funktion\nKreuzungs-Assistent\nQuerverkehrs-Assistent\nAusweich-Assistent\nAmpel-Erkennung\nSpurwechsel-Warnsystem\naktiver Spurhalteassistent\nDriving Assistant\nFrontkollisionswarnung\nHeckaufprall-Vermeidung (Prävention Heckkollision)\nFernlichtassistent\nHeckklappenbetätigung automatisch\nInnenausstattung: Interieurleisten Carbon\nKomfortzugang (Öffnungs- und Schließsystem)\nLenkrad heizbar\nMetallic-Lackierung\nParkassistent-Paket Plus\nService-System: Remote 3D View\nRückfahrkamera (Top View)\nSurround-Kamerasystem (Surround View)\nFahrassistenz-System: Rückfahr-Assistent\nReifen-Reparaturset (Mobility-Pack)\nScheinwerfer BMW Individual Shadow-Line\nScheinwerfer Laserlicht\nSicherheitsgurte M\nSicherheitssystem Active Protection\nSonnenschutzverglasung (hinten abgedunkelt)\nSound-System Harman-Kardon\n\nSerien-Ausstattung:\nAblage-Paket\nAdaptives Fahrwerk M-Technic\nAirbag Beifahrerseite abschaltbar\nAirbag Fahrer-/Beifahrerseite\nAktives M Differential\nAlarmanlage\nAmbiente-Beleuchtung\nAnti-Blockier-System (ABS)\nAntriebsart: Allradantrieb\nAntriebsart: xDrive (Allrad)\nAusstattungs-Paket: Connected Professional\nService-System: Remote Services\nService-System: Concierge Services\nService-System: Real Time Traffic Information (RTTI)\nService-System: Remote 3D View\nShadow-Line\nShadow-Line Hochglanz\nShadow-Line Hochglanz (erweiterter Umfang)\nAußenspiegel elektr. verstell- und heizbar\nBedienelemente galvanisiert\nBlinkleuchte in Außenspiegel integriert\nBordcomputer\nCompetition\nDAB-Tuner (Radioempfang digital)\nDachhimmel Anthrazit (BMW Individual)\nDiebstahl-Warnanlage\nDiebstahlsicherung für Räder (Felgenschlösser)\nDurchladeeinrichtung (Mittelarmlehne hinten)\nDynamische Stabilitäts-Control (DSC) mit erweiterter Umfang\nEinstiegsleisten mit Einleger in Aluminium mit Schriftzug M\nErste Hilfe-Kasten / Verbandkasten\nFahrassistenz-System: Active Guard (Bremsassistent)\nFahrassistenz-System: Aufmerksamkeits-Assistent\nFensterheber elektrisch\nFreisprecheinrichtung Bluetooth mit USB-/Audio-Schnittstelle\nFußmatten Velours\nGepäckraumbeleuchtung\nGeschwindigkeits-Begrenzeranlage (Speed Limit Device)\nGetriebe Automatik - mit Steptronic und Drivelogic (8-Stufen)\nGetränkehalter\nHeckleuchten LED\nInduktionsladeschale für Smartphone (Wireless Charging)\nInnenspiegel mit Abblendautomatik\nInstrumentenkombination (erweiterter Umfang)\nIsofix-Aufnahmen für Kindersitz an Rücksitz\nKarosserie: 4-türig\nKennzeichenbeleuchtung LED\nKlimaautomatik 3-Zonen mit autom. Umluft-Control\nKnieairbag Fahrerseite\nKopf-Airbag-System hinten\nKopf-Airbag-System vorn\nKopfstützen hinten klappbar\nLeichtbaudach (kohlefaserverstärkter Kunststoff, CFK)\nLenkrad (Leder) mit Multifunktion M-Technic\nLenksäule (Lenkrad) elektr. verstellbar\nLenksäule (Lenkrad) mechan. verstellbar\nLeuchtweitenregelung\nLM-Felgen vorn/hinten: 9,5x19 / 10,5x20 (Doppelspeiche 826 M, Schwarz)\nM Drive (Fahrprofilauswahl)\nM Drive Professional (Fahrprofilauswahl)\nMotor 3,0 Ltr. - 375 kW 24V TwinTurbo KAT (S58)\nMultifunktion für Lenkrad\nNebelschlussleuchte(n)\nOtto-Partikelfilter (OPF)\nPark-Distance-Control (PDC) vorn und hinten\nParkbremse elektrisch\nReifendruck-Kontrollsystem\nReifenpannen-Anzeige\nSchadstoffarm nach Abgasnorm Euro 6d\nSchaltpunktanzeige\n* **Scheibenwis",
  "dealerDetails": {
    "id": 454942,
    "name": "ASG Remscheid Autohaus- seit über 30 Jahren...",
    "sellerType": "Dealer",
    "phones": [
      "+49 (0)2191 374681294"
    ],
    "languages": [
      "Deutsch",
      "العربية",
      "Norsk",
      "Pусский",
      "English",
      "Italiano",
      "Français",
      "Polski",
      "Español",
      "Türkçe"
    ],
    "country": "DE",
    "address": "Vor dem Anger. 3, DE-42855 Remscheid/NRW",
    "location": {
      "latitude": 51.1807361,
      "longitude": 7.2253286
    },
    "activeSince": "2004-12-28T00:00:00.000Z",
    "homepageUrl": "https://home.mobile.de/home/redirect.html?customerId=454942",
    "iconUrl": "https://img.classistatic.de/api/v1/mo-prod/images/7a/7ac7cc21-a173-412c-a77d-974eaf97e8f9?rule=mo-640.jpg",
    "reviewPageUrl": "https://www.mobile.de/bewertungen/AUTOSHOP-REMSCHEID?lang=en",
    "score": {
      "total": 4.8,
      "responseTime": 4.7,
      "friendliness": 4.9,
      "advice": 4.7
    },
    "activeRatingCount": 193,
    "vehicleAsDescribedPercentage": 98,
    "recommendPercentage": 97,
    "soldVehicleCount": null,
    "reviews": []
  },
  "attributes": {
    "Vehicle condition": "Used vehicle, Accident-free",
    "Category": "Saloon",
    "Model range": "Baureihe M3 Lim. (G80)(2020->)",
    "Trim line": "xDrive Competition",
    "Vehicle Number": "14788",
    "Availability": "Now",
    "Origin": "German edition",
    "Mileage": "8,900 km",
    "Cubic Capacity": "2,993 ccm",
    "Power": "375 kW (510 hp)",
    "Drive type": "Internal combustion engine",
    "Fuel": "Petrol",
    "CO₂ class": "Based on CO₂ emissions (combined)",
    "Fuel consumption": [
      "10.0 l/100km (combined)",
      "15.5 l/100km (city)",
      "10.0 l/100km (suburban)",
      "8.5 l/100km (country road)",
      "9.3 l/100km (motorway)"
    ],
    "Energy costs for 15,000 km annual mileage": "€2,880/Year",
    "Fuel price": "€1.92/l (annual average 2024)",
    "Possible CO₂ costs over the next 10 years (15,000 km/year)": [
      "€3,933 (assuming an average CO₂ price of €115/t)",
      "€1,710 (assuming a low average CO₂ price of €50/t)",
      "€6,498 (assuming a high average CO₂ price of €190/t)"
    ],
    "Number of Seats": "5",
    "Door Count": "4/5",
    "Transmission": "Automatic",
    "Emission Class": "Euro6d",
    "Emissions Sticker": "4 (Green)",
    "First Registration": "11/2024",
    "Number of Vehicle Owners": "2",
    "HU": "New",
    "Climatisation": "Automatic climatisation, 3 zones",
    "Parking sensors": "360° camera, Self-steering systems, Front, Rear",
    "Airbags": "Front and Side and More Airbags",
    "Colour (Manufacturer)": "BROOKLYN GRAU METALLIC",
    "Colour": "Grey Metallic",
    "Interior Design": "Full leather, Black",
    "Weight": "1,805 kg",
    "Cylinders": "6",
    "Energy consumption (comb.)": "10.0 l/100km",
    "CO₂ emissions (comb.)": "228 g/km"
  },
  "features": [
    "ABS",
    "Adaptive Cruise Control",
    "Adaptive lighting",
    "Alarm system",
    "Alloy wheels",
    "Ambient lighting",
    "Arm rest",
    "Autom. dimming interior mirror",
    "Blind spot assist",
    "Bluetooth",
    "Cargo barrier",
    "Central locking",
    "DAB radio",
    "Digital cockpit",
    "Distance warning system",
    "Electric seat adjustment",
    "Electric side mirror",
    "Electric tailgate",
    "Electric windows",
    "Eletric seat adjustment with memory function",
    "Emergency brake assist",
    "Emergency call system",
    "ESP",
    "Fatigue warning system",
    "Fog lamp",
    "Folding exterior mirrors",
    "Four-wheel drive",
    "Full Service History",
    "Glare-free high beam headlights",
    "Hands-free kit",
    "Head-up display",
    "Heated rear seats",
    "Heated steering wheel",
    "High beam assist",
    "Hill-start assist",
    "Immobilizer",
    "Induction charging for smartphones",
    "Isofix",
    "Keyless central locking",
    "Lane change assist",
    "Laser headlights",
    "Leather steering wheel",
    "LED running lights",
    "Light sensor",
    "Lumbar support",
    "Multifunction steering wheel",
    "Navigation system",
    "Non-smoker vehicle",
    "On-board computer",
    "Paddle shifters",
    "Rain sensor",
    "Seat ventilation",
    "Sound system",
    "Speed limit control system",
    "Sport seats",
    "Sports package",
    "Sports suspension",
    "Start-stop system",
    "Summer tyres",
    "Tinted windows",
    "Touchscreen",
    "Traction control",
    "Traffic sign recognition",
    "Tuner/radio",
    "Tyre pressure monitoring",
    "USB port",
    "Voice control",
    "Warranty"
  ]
},
{
  "title": "BMW M3 Competition Harman Kardon Parking Assistant A",
  "previewImage": "https://img.classistatic.de/api/v1/mo-prod/images/0a/0aaea0e3-e2ff-439b-82c0-c183d66dc9a1?rule=mo-1600.jpg",
  "category": "Limousine",
  "brand": "BMW",
  "model": "M3",
  "url": "https://suchen.mobile.de/fahrzeuge/details.html?id=433676929",
  "price.total.amount": 87980,
  "priceRating": {
    "rating": "Fair price",
    "priceRanges": {
      "Very good price": {
        "start": 60101,
        "end": 78100
      },
      "Good price": {
        "start": 78101,
        "end": 84100
      },
      "Fair price": {
        "start": 84101,
        "end": 93500
      },
      "Increased price": {
        "start": 93501,
        "end": 100400
      },
      "High price": {
        "start": 100401,
        "end": 111500
      }
    }
  },
  "description": "Getriebe\nAutomatik\nTechnik\nBordcomputer\nSperrdifferential\nAdaptives Daempfungssystem\nPartikelfilter\nStart-Stop-Automatik\nVolldigitales Kombiinstrument\nAssistenten\nMüdigkeitserkennung\nPark-Lenk-Assistent\nRegensensor\nLichtsensor\nNotbremsassistent\nBerganfahrassistent\nAbstands-/Kollisionswarner\nKomfort\nKlimaautomatik\nServolenkung\nZentralverriegelung\nElektrischer Fensterheber\nLederausstattung\nSitzheizung\nElektrische Aussenspiegel\nTempomat\nMultifunktionslenkrad\nKeyless Go Startfunktion\nElektrische Sitze\nInnenspiegel autom. abblendbar\nMittelarmlehne\nInnenraumfilter\nLenksaeule einstellbar\nSportsitze\nParkDistanceControl vorne und hinten\nMemory Sitze\nAmbientebeleuchtung\nLordosenstütze\nLederlenkrad\nGeschwindigkeitsbegrenzungsanlage\nKlimaautomatik-3-Zonen\nFunkfernbedienung\nSicht\nLED-Hauptscheinwerfer\nLED-Tagfahrlicht\nHEAD-UP-Display\nLED-Rueckleuchten\nScheinwerferregulierung\nColorverglasung\nRückfahrkamera\nPrivacyverglasung\nSicherheit\nABS\nAirbag\nBeifahrer-Airbag\nWegfahrsperre\nSeitenairbags\nAlarmanlage\nESP\nAntriebsschlupfregelung\nReifendruckkontrolle\nTraktionskontrolle\nKopfairbag\nKnieairbag\nKindersitzbefestigung\nAnhängerstabilisierung\nNotrufsystem\nPannenkit\nEntertainment\nNavigationssystem\nSoundsystem\nRadio\nTelefonvorbereitung\nUSB-Anschluss\nMP3\nHarman-Kardon\nBluetooth\nFreisprecheinrichtung\nSprachsteuerung\nDAB\nWLAN\nTouchscreen\nInduktionsladen für Smartphones\nMusikstreaming\nUmwelt\nGrüne Umweltplakette\nQualität\nGarantie\nScheckheftgepflegt\nHUAU neu\nNichtraucherfahrzeug\nSonstiges\nKatalysator\nAlufelgen\nGepaeckraumabdeckung\nStossfaenger in Wagenfarbe\nSportfahrwerk\nElektrische Parkbremse\nFahrerprofilauswahl\nSommerreifen\nGepäckraumabtrennung\nEhemaliges Mietfahrzeug\nWBS21HJ040FU54728\n18/19 M Schmiederäder Doppelspeiche 824 M Orbitgrau / MB\nM Sportdifferenzial\nReifendruck-Kontrolle\nReifenreparatur Set\nAdaptives M Fahrwerk\nAlarmanlage\nInnen- und Außenspiegelpaket\nInnenspiegel autom Abblendend\nSitzverstellung elektr mit Memory für Fahrersitz\nLordosenstütze vorne\nSitzheizung vo\nGeschwindigkeitsregelung mit Bremsfunktion\nActive Protection\nFondkopfstützen klappbar\nParking Assistant\nDAB-Tuner\nHarman Kardon Surround Sound System\ngesetzlicher Notruf\nAblage für Wireless Charging\nPersonal eSIM\nLive Cockpit Professional\nM Sportsitze\nM Hochglanz Shadow Line\nM Dachhimmel anthrazit\nM Hochglanz Shadow Line mit erweiterten Umfängen\nAktiver Fußgängerschutz\nM Sao Paulo Gelb uni\nRückfahrkamera\nScheibenwischer mit Regensensor\nScheinwerfer LED\nKnieairbag Fahrerseite\nHeckleuchten LED\nAmbiente-Beleuchtung\nLeuchtweitenregelung\nMultifunktion für Lenkrad\nLenksäule (Lenkrad) mechan. verstellbar\nReifendruck-Kontrollsystem\nAnhänger-Stabilisierungs-Programm (ASL)\nKlimaautomatik 3-Zonen mit autom. Umluft-Control\nReifen-Reparaturset (Mobility-Pack)\nSportdifferential\nLM-Felgen\nAktives M Differential\nControl-Display mit Farbmonitor (14\n9 Zoll)\nSonnenschutzverglasung (hi abgedunkelt)\nAdaptives Fahrwerk M-Technic\nRadioempfang digital (DAB+)\nPersonalisierungssystem (BMW ID)\nEinstiegsleisten mit Einleger in Aluminium mit Schriftzug M\nHead-up-Display Full Color\nSpiegel-Paket\nLeder Merino Schwarz\nAirbag Fahrer-/Beifahrerseite\nAnti-Blockier-System (ABS)\nSeitenairbag vo\nKopf-Airbag-System vo + hi\nLicht- und Regensensor\nIntelligenter Notruf\nReifenpannen-Anzeige\nDynamische Stabilitäts-Control (DSC) mit erweiterter Umfang\nFreisprecheinrichtung Bluetooth mit USB-/Audio-Schnittstelle\nAutom Stabilitäts-Control (ASC)\nLichtassistent (Follow me home)\n12V-Steckdose\nAblage-Paket\nActive Guard\nAußenspiegel elektr. anklappbar\nAußenspiegel mit Abblendautom\nAutomatik - mit Steptronic und Drivelogic (8-Stufen)\nBeifahrerairbag abschaltbar\nBlinkleuchte in Außenspiegel integriert\nCurved Display\nCompetition\nConnected Professional\nDiebstahl-Warnanlage\nDurchladeeinrichtung\nDynamische Stabilitäts-Control (DSC)\nDynamische Tractions Control (DTC)\nEinparkhilfe Seite\nelektr. Sitze/Memory\nFensterheber elektri vo + hi\nGeschwindigkeits-Begrenzeranlage (Speed Limit Device)\nGeschwindigkeits-Regelanlage mit Bremsfunktion\nGetränkehalter\nInduktionsladeschale für Smartphone\nInnenausstattung: Interieurleisten Alu Rhombicle mit Akzentleiste\nIsofix-Aufnahmen für Kindersitz\nKennzeichenbeleuchtung LED\nLeder-Lenkrad M-Technic\nLendenwirbelstützen elektr. verstellbar\nM Drive (Fahrprofilauswahl)\nM Drive Professional (Fahrprofilauswahl)\nMotor 3\n0 Ltr. - 375 kW 24V\nMotor 3\n0 Ltr. - 375 kW 24V TwinTurbo KAT (S58)\nPark-Assistent\nParkbremse elektr\nPersonalisierungssystem (Personal eSIM)\nLeder Merino\nRückfahr-Assistent\nRückfahrhilfe Notbremsfunktion (Active PDC)\nSchaltpunktanzeige\ninklusive unentgeltliche 24 Monate BMW Premium Selection\nBruttolistenpreis 101.710 €\nkeine Mietwagennutzung\n\nInt.KnNr: FBUG251001587\nÄnderungen, Zwischenverkauf und Irrtümer vorbehalten.\nquality by dotzilla",
  "dealerDetails": {
    "id": 453713,
    "name": "Kohl automobile GmbH",
    "sellerType": "Dealer",
    "phones": [
      "+49 (0)241 9809359204"
    ],
    "languages": [
      "Deutsch",
      "English",
      "Français"
    ],
    "country": "DE",
    "address": "Neuenhofstr. 160, DE-52078 Aachen",
    "location": {
      "latitude": 50.7653702,
      "longitude": 6.1470706
    },
    "activeSince": "2001-06-07T00:00:00.000Z",
    "homepageUrl": "https://home.mobile.de/home/redirect.html?customerId=453713",
    "iconUrl": null,
    "reviewPageUrl": "https://www.mobile.de/bewertungen/KOHL-AACHEN?lang=en",
    "score": {
      "total": 4.2,
      "responseTime": 4.3,
      "friendliness": 4.3,
      "advice": 4
    },
    "activeRatingCount": 61,
    "vehicleAsDescribedPercentage": 90,
    "recommendPercentage": 77,
    "soldVehicleCount": null,
    "reviews": []
  },
  "attributes": {
    "Vehicle condition": "Used vehicle, Accident-free",
    "Category": "Saloon, Employee's Car",
    "Model range": "G80",
    "Trim line": "m3 competition",
    "Vehicle Number": "FBUG251001587",
    "Availability": "Now",
    "Mileage": "13,691 km",
    "Cubic Capacity": "2,993 ccm",
    "Power": "370 kW (503 hp)",
    "Drive type": "Internal combustion engine",
    "Fuel": "Petrol",
    "CO₂ class": "Based on CO₂ emissions (combined)",
    "Fuel consumption": [
      "9.8 l/100km (combined)",
      "15.2 l/100km (city)",
      "9.8 l/100km (suburban)",
      "8.3 l/100km (country road)",
      "9.0 l/100km (motorway)"
    ],
    "Energy costs for 15,000 km annual mileage": "€2,640/Year",
    "Fuel price": "€1.80/l (annual average 2024)",
    "Possible CO₂ costs over the next 10 years (15,000 km/year)": [
      "€4,191 (assuming an average CO₂ price of €127/t)",
      "€1,980 (assuming a low average CO₂ price of €60/t)",
      "€6,600 (assuming a high average CO₂ price of €200/t)"
    ],
    "Vehicle tax": "€420/Year",
    "Number of Seats": "5",
    "Door Count": "4/5",
    "Transmission": "Automatic",
    "Emissions Sticker": "4 (Green)",
    "First Registration": "01/2025",
    "Construction Year": "2025",
    "Number of Vehicle Owners": "1",
    "HU": "New",
    "Climatisation": "Automatic climatisation, 3 zones",
    "Parking sensors": "Camera, Rear, Front, Self-steering systems",
    "Airbags": "Front and Side and More Airbags",
    "Colour (Manufacturer)": "SAO PAULO GELB",
    "Colour": "Yellow",
    "Interior Design": "Full leather, Black",
    "Cylinders": "6",
    "Energy consumption (comb.)": "9.8 l/100km",
    "CO₂ emissions (comb.)": "220 g/km"
  },
  "features": [
    "ABS",
    "Alarm system",
    "Alloy wheels",
    "Ambient lighting",
    "Arm rest",
    "Autom. dimming interior mirror",
    "Bluetooth",
    "Cargo barrier",
    "Central locking",
    "Cruise control",
    "DAB radio",
    "Digital cockpit",
    "Distance warning system",
    "Dynamic chassis control",
    "Electric seat adjustment",
    "Electric side mirror",
    "Electric windows",
    "Eletric seat adjustment with memory function",
    "Emergency brake assist",
    "Emergency call system",
    "Emergency tyre repair kit",
    "ESP",
    "Fatigue warning system",
    "Folding exterior mirrors",
    "Full Service History",
    "Hands-free kit",
    "Head-up display",
    "Heated seats",
    "Hill-start assist",
    "Immobilizer",
    "Induction charging for smartphones",
    "Integrated music streaming",
    "Isofix",
    "Leather steering wheel",
    "LED headlights",
    "LED running lights",
    "Light sensor",
    "Lumbar support",
    "Multifunction steering wheel",
    "Navigation system",
    "Non-smoker vehicle",
    "On-board computer",
    "Particulate filter",
    "Power Steering",
    "Rain sensor",
    "Rear wheel drive",
    "Sound system",
    "Speed limit control system",
    "Sport seats",
    "Sports suspension",
    "Start-stop system",
    "Summer tyres",
    "Tinted windows",
    "Touchscreen",
    "Traction control",
    "Tuner/radio",
    "Tyre pressure monitoring",
    "USB port",
    "Voice control",
    "Warranty",
    "WLAN / Wi-Fi hotspot"
  ]
},
{
  "title": "BMW Touring Competition M xDrive 375 kW (510 PS) ...",
  "previewImage": "https://img.classistatic.de/api/v1/mo-prod/images/04/044e3c01-ecb4-4c3c-80a9-2d183c00f8f6?rule=mo-1600.jpg",
  "category": "Limousine",
  "brand": "BMW",
  "model": "M3",
  "url": "https://suchen.mobile.de/fahrzeuge/details.html?id=434381788",
  "price.total.amount": 87990,
  "priceRating": {
    "rating": "Good price",
    "priceRanges": {
      "Very good price": {
        "start": 63901,
        "end": 83100
      },
      "Good price": {
        "start": 83101,
        "end": 89500
      },
      "Fair price": {
        "start": 89501,
        "end": 99500
      },
      "Increased price": {
        "start": 99501,
        "end": 106800
      },
      "High price": {
        "start": 106801,
        "end": 118700
      }
    }
  },
  "description": "Herzlich Willkommen\n\nbei RP Automobile GmbH in 99869 Schwabhausen bei Gotha.\n\nIhr Hyundai Vertragshändler seit 1999 in Schwabhausen, es erwartet Sie eine riesen Auswahl.\n\nGerne rechnen wir Ihnen ein Finanzierungsangebot nach Ihren persönlichen Vorstellungen.\n\nWir freuen uns auf den Kontakt mit Ihnen.\n\n\n\n\nHighlight: \n\nService inklusive 5 Jahre ab Erstzulassung bis 60.000 KM \n\n\n\n\nSonderausstattung / Extra's\n\n19\"/20\" M Schmiederäder Doppelspeiche 825 M Orbitgrau matt / MB\nActive Protection\nBMW Individual Frozen Pure Grey metallic\nBMW Live Cockpit Professional\nDekodierung Zusatzfunktionen\nInnovationspaket: Komfortzugang, Fernlichtassistent, Driving Assistant Professional, BMW Laserlicht\nLenkradheizung\nM Driver's Package\nM interieurleisten 'Carbon Fibre'\nModellschriftzug Entfall\nParking Assistant Plus\nService Inclusive - 5 Jahre/60.000 km\nSonnenschutzverglasung\nVollleder Merino Feinnarbe Schwarz/Schwarz\nBMW Drive Recorder\nHarman Kardon Soundsystem\nM Leuchten Shadow Line\n\n\n\n\nZustand, Aussehen: 1, sehr gut, Felgengröße: 20 Zoll, Außenspiegel: Außenspiegel beheizbar, Außentemperaturanzeige, Qualitätssiegel: BVFK-Siegel, Audioanlage: Farbdisplay, Lenkrad: höhenverstellbar, Lenkrad: in Sportausführung, Laderaumabdeckung, Assistenzsysteme: Querverkehrsassistent (RCTA), Sitze: Rücksitzbank hinten geteilt, Assistenzsysteme: Spurwechselassistent, Zustand: unfallfrei\n\n\n\nam Lager\n\n\n\nAusstattungen: \n\nSonstiges \nAblage für Wireless Charging\nAblagenpaket\nAdaptives M Fahrwerk\nAktiver Fussgängerschutz\nAlarmanlage\nConnected Package Professional\nConnectedDrive Services\nDAB-Tuner\nDach und Spiegelkappen schwarz\nFondkopfstützen klappbar\nGalvanikapplikation für Bedienelemente\nGesetzlicher Notruf\nInnen- und Außenspiegelpaket\nKlimaautomatik\nM Dachhimmel anthrazit\nM Dachreling Hochglanz Shadow Line\nM Drive Professional\nM Hochglanz Shadow Line\nM Hochglanz Shadow Line mit erweiterten Umfängen\nM Sportdifferenzial\nÖlwartungsintervall 30000 km / 24 Monate\nRadschraubensicherung\nReifendruck-Kontrolle\nSteuerung EfficientDynamics\nTeleservices\n* Warndreieck und Verbandskasten",
  "dealerDetails": {
    "id": 37941594,
    "name": "RP Automobile GmbH",
    "sellerType": "Dealer",
    "phones": [
      "+49 (0)36256 84980322"
    ],
    "languages": [
      "Deutsch"
    ],
    "country": "DE",
    "address": "Gottlieb-Daimler Str. 1, DE-99869 Schwabhausen",
    "location": {
      "latitude": 50.8910103,
      "longitude": 10.7294673
    },
    "activeSince": "2025-01-07T00:00:00.000Z",
    "homepageUrl": "https://home.mobile.de/home/redirect.html?customerId=37941594",
    "iconUrl": null,
    "reviewPageUrl": null,
    "score": null,
    "activeRatingCount": null,
    "vehicleAsDescribedPercentage": null,
    "recommendPercentage": null,
    "soldVehicleCount": null,
    "reviews": []
  },
  "attributes": {
    "Vehicle condition": "Used vehicle, Accident-free",
    "Category": "Saloon",
    "Model range": "G81",
    "Trim line": "M3 Competition",
    "Vehicle Number": "1015856",
    "Origin": "EU edition",
    "Mileage": "7,557 km",
    "Cubic Capacity": "2,993 ccm",
    "Power": "375 kW (510 hp)",
    "Drive type": "Internal combustion engine",
    "Fuel": "Petrol",
    "CO₂ class": "Based on CO₂ emissions (combined)",
    "Fuel consumption": [
      "10.3 l/100km (combined)",
      "15.4 l/100km (city)",
      "10.2 l/100km (suburban)",
      "8.9 l/100km (country road)",
      "9.7 l/100km (motorway)"
    ],
    "Energy costs for 15,000 km annual mileage": "€2,687/Year",
    "Fuel price": "€1.74/l (annual average 2024)",
    "Possible CO₂ costs over the next 10 years (15,000 km/year)": [
      "€4,439 (assuming an average CO₂ price of €127/t)",
      "€2,097 (assuming a low average CO₂ price of €60/t)",
      "€6,990 (assuming a high average CO₂ price of €200/t)"
    ],
    "Vehicle tax": "€472/Year",
    "Number of Seats": "5",
    "Door Count": "4/5",
    "Transmission": "Automatic",
    "Emissions Sticker": "1 (None)",
    "First Registration": "05/2024",
    "Number of Vehicle Owners": "1",
    "Climatisation": "Automatic climatisation, 3 zones",
    "Parking sensors": "Front, Rear, 360° camera",
    "Airbags": "Front and Side and More Airbags",
    "Colour (Manufacturer)": "BMW Individual Frozen Pu...",
    "Colour": "Grey Metallic",
    "Interior Design": "Full leather, Black",
    "Cylinders": "6",
    "Energy consumption (comb.)": "10.3 l/100km",
    "CO₂ emissions (comb.)": "233 g/km"
  },
  "features": [
    "ABS",
    "Adaptive Cruise Control",
    "Alloy wheels",
    "Ambient lighting",
    "Android Auto",
    "Apple CarPlay",
    "Arm rest",
    "Autom. dimming interior mirror",
    "Bluetooth",
    "DAB radio",
    "Digital cockpit",
    "Electric seat adjustment",
    "Electric side mirror",
    "Electric tailgate",
    "Electric windows",
    "Eletric seat adjustment with memory function",
    "Emergency brake assist",
    "Emergency call system",
    "ESP",
    "Fatigue warning system",
    "Folding exterior mirrors",
    "Four-wheel drive",
    "Full Service History",
    "Hands-free kit",
    "Head-up display",
    "Heated seats",
    "Heated steering wheel",
    "Induction charging for smartphones",
    "Integrated music streaming",
    "Isofix",
    "Keyless central locking",
    "Lane change assist",
    "Leather steering wheel",
    "Light sensor",
    "Lumbar support",
    "Multifunction steering wheel",
    "Navigation system",
    "On-board computer",
    "Paddle shifters",
    "Power Steering",
    "Rain sensor",
    "Roof rack",
    "Sound system",
    "Sport seats",
    "Sports package",
    "Start-stop system",
    "Summer tyres",
    "Tinted windows",
    "Touchscreen",
    "Traffic sign recognition",
    "Tuner/radio",
    "Tyre pressure monitoring",
    "USB port",
    "Voice control",
    "Warranty"
  ]
},
{
  "title": "BMW M3 Competition Harman/Kardon|DrivingAss.Prof.|Pa",
  "previewImage": "https://img.classistatic.de/api/v1/mo-prod/images/44/44abb1bb-4126-41fb-a4c3-3623c5184eba?rule=mo-1600.jpg",
  "category": "EstateCar",
  "brand": "BMW",
  "model": "M3",
  "url": "https://suchen.mobile.de/fahrzeuge/details.html?id=428590047",
  "price.total.amount": 87777,
  "priceRating": {
    "rating": "Good price",
    "priceRanges": {
      "Very good price": {
        "start": 63701,
        "end": 82800
      },
      "Good price": {
        "start": 82801,
        "end": 89200
      },
      "Fair price": {
        "start": 89201,
        "end": 99200
      },
      "Increased price": {
        "start": 99201,
        "end": 106500
      },
      "High price": {
        "start": 106501,
        "end": 118300
      }
    }
  },
  "description": "Außenausstattung\n19\"/20\" M Schmiederäder Doppel \nM Dachreling Hochglanz Shadow \nSonnenschutzverglasung \n\nKomfort/Innenausstattung\nBMW Live Cockpit Professional \nDAB-Tuner \nHarman Kardon Surround Sound S \nInnenspiegel, automatisch abbl \nKlimaautomatik \nLordosenstütze \nParking Assistant Plus \nSitzheizung für Fahrer und Bei \nWireless Charging Ablage \n\nSicherheit/Umwelt\nAdaptiver LED-Scheinwerfer \nAlarmanlage \nBeifahrerairbag-Deaktivierung \nFernlichtassistent \nGesetzlicher Notruf \nKomfortzugang \nReifendruck-Kontrolle \n\nSitzbezug\nLeder 'Merino' Silverstone/Schwarz\n\nSonstiges\nAbgastechnik EU6d/e \nAblagenpaket \nActive Guard \nActive Protection \nAktiver Fußgängerschutz \nBlow by-Heizer \nCO2-Umfang \nCOC Zusatzumfänge \nConnectedDrive Services \nConnectedPackage Professional \nDach und Spiegelkappen schwarz \nDriving Assistant Professional \nFondkopfstützen, klappbar \nGalvanikapplikation für Bedien \nGepäckraumpaket \nInnen- und Außenspiegelpaket \nInnovationspaket II \nKilometertacho \nM Dachhimmel anthrazit \nM Drive Professional \nM Hochglanz Shadow Line \nM Hochglanz Shadow Line mit er \nM Interieurleisten Aluminium R \nM Leuchten Shadow Line \nM Sicherheitsgurte \nM Sportdifferenzial \nÖlwartungsintervall - 24 Monat \nPersonal eSIM \nRadschraubensicherung \nReifenpannenset \nSitzverstellung, elektrisch, m \nSteuerung Infotainment \nTeleservices \nWarndreieck \n\nSport\nAdaptives M Fahrwerk \nM Sportsitze \n\nFinanzierungsbeispiel\n\nMtl. Finanzierungsrate: 1.589,84 EUR\nAnzahlung: 0,00 EUR\nLaufzeit: 36 Monate\nZielrate: 44.766,27 EUR\nNettodarlehensbetrag: 87.777,00 EUR\nSollzinssatz p.a.: 6,30% (gebunden für die gesamte Vertragslaufzeit)\nEffektiver Jahreszins: 6,49%\nGesamtbetrag: 100.410,67 EUR\nEin unverbindliches Finanzierungsbeispiel der BMW Bank GmbH - Lilienthalallee 26 - 80939 München.\n\n\nEhemalige unverbindliche Neupreisempfehlung: 113.959,- Euro.\n\nHINWEIS: Unsere Angebote werden unverzüglich nach Kauf eingestellt, es kann dadurch sein, dass sich das von Ihnen ausgesuchte Fahrzeug noch nicht in unserer Ausstellung befindet bitte informieren Sie sich vor Besuch bei einem unserer Verkaufsberater, ob das gewünschte Fahrzeug bereits eingetroffen und verkaufsfertig ist.\nVielen Dank, Ihr Verkaufsteam!\n\n\n\n* Lieferservice innerhalb Deutschlands gegen geringen Aufpreis möglich! Irrtümer und Zwischenverkauf vorbehalten.",
  "dealerDetails": {
    "id": 2122200,
    "name": "Fett & Wirtz Automobile GmbH & Co KG",
    "sellerType": "Dealer",
    "phones": [
      "+49 (0)2821 736106865"
    ],
    "languages": [
      "Deutsch",
      "English",
      "Nederlands"
    ],
    "country": "DE",
    "address": "Siemensstr. 19 + 26, DE-47533 Kleve",
    "location": {
      "latitude": 51.8126888,
      "longitude": 6.1393985
    },
    "activeSince": "2009-01-09T00:00:00.000Z",
    "homepageUrl": "https://home.mobile.de/home/redirect.html?customerId=2122200",
    "iconUrl": "https://img.classistatic.de/api/v1/mo-prod/images/85/855b2406-5dcf-4709-bb06-876674c4ab25?rule=mo-640.jpg",
    "reviewPageUrl": "https://www.mobile.de/bewertungen/FETTWIRTZAUTOMOBILEGMBHCOKG?lang=en",
    "score": {
      "total": 4.6,
      "responseTime": 4.6,
      "friendliness": 4.6,
      "advice": 4.5
    },
    "activeRatingCount": 115,
    "vehicleAsDescribedPercentage": 97,
    "recommendPercentage": 91,
    "soldVehicleCount": null,
    "reviews": []
  },
  "attributes": {
    "Vehicle condition": "Used vehicle, Accident-free",
    "Category": "Estate car, Employee's Car",
    "Model range": "G81",
    "Trim line": "Harman/Kardon|DrivingAss.Prof.|ParkAss.+",
    "Vehicle Number": "G411680",
    "Availability": "Now",
    "Mileage": "25,521 km",
    "Cubic Capacity": "2,993 ccm",
    "Power": "390 kW (530 hp)",
    "Drive type": "Internal combustion engine",
    "Fuel": "Petrol, E10-enabled",
    "Number of Seats": "5",
    "Door Count": "4/5",
    "Transmission": "Automatic",
    "Emission Class": "Euro6",
    "Emissions Sticker": "4 (Green)",
    "First Registration": "09/2024",
    "Construction Year": "2024",
    "Number of Vehicle Owners": "1",
    "HU": "09/2027",
    "Climatisation": "Automatic climatisation, 3 zones",
    "Parking sensors": "Self-steering systems, Rear, 360° camera, Front",
    "Airbags": "Front and Side and More Airbags",
    "Colour (Manufacturer)": "BMW Individual Tansanitblau",
    "Colour": "Blue Metallic",
    "Interior Design": "Full leather, Other",
    "Weight": "1,940 kg",
    "Cylinders": "6",
    "Tank capacity": "59 l"
  },
  "features": [
    "ABS",
    "Adaptive Cruise Control",
    "Adaptive lighting",
    "Alarm system",
    "Alloy wheels",
    "Ambient lighting",
    "Android Auto",
    "Apple CarPlay",
    "Arm rest",
    "Autom. dimming interior mirror",
    "Blind spot assist",
    "Bluetooth",
    "Cargo barrier",
    "Central locking",
    "DAB radio",
    "Digital cockpit",
    "Distance warning system",
    "Dynamic chassis control",
    "Electric seat adjustment",
    "Electric side mirror",
    "Electric tailgate",
    "Electric windows",
    "Eletric seat adjustment with memory function",
    "Emergency brake assist",
    "Emergency call system",
    "Emergency tyre repair kit",
    "ESP",
    "Fatigue warning system",
    "Four-wheel drive",
    "Full Service History",
    "Glare-free high beam headlights",
    "Hands-free kit",
    "Head-up display",
    "Heated seats",
    "High beam assist",
    "Hill-start assist",
    "Immobilizer",
    "Induction charging for smartphones",
    "Integrated music streaming",
    "Isofix",
    "Keyless central locking",
    "Leather steering wheel",
    "LED headlights",
    "LED running lights",
    "Light sensor",
    "Lumbar support",
    "Multifunction steering wheel",
    "Navigation system",
    "Non-smoker vehicle",
    "On-board computer",
    "Paddle shifters",
    "Particulate filter",
    "Power Steering",
    "Rain sensor",
    "Roof rack",
    "Sound system",
    "Speed limit control system",
    "Sport seats",
    "Sports package",
    "Sports suspension",
    "Start-stop system",
    "Tinted windows",
    "Touchscreen",
    "Traction control",
    "Traffic sign recognition",
    "Tuner/radio",
    "Tyre pressure monitoring",
    "USB port",
    "Voice control",
    "Warranty"
  ]
},
{
  "title": "BMW M3 Touring Competition xDrive HUD CSL 20",
  "previewImage": "https://img.classistatic.de/api/v1/mo-prod/images/7b/7b1d1769-ea5c-4a07-9eb8-f634090c6925?rule=mo-1600.jpg",
  "category": "EstateCar",
  "brand": "BMW",
  "model": "M3",
  "url": "https://suchen.mobile.de/fahrzeuge/details.html?id=433595380",
  "price.total.amount": 87900,
  "priceRating": {
    "rating": "Fair price",
    "priceRanges": {
      "Very good price": {
        "start": 58501,
        "end": 76100
      },
      "Good price": {
        "start": 76101,
        "end": 81900
      },
      "Fair price": {
        "start": 81901,
        "end": 91100
      },
      "Increased price": {
        "start": 91101,
        "end": 97800
      },
      "High price": {
        "start": 97801,
        "end": 108700
      }
    }
  },
  "description": "Freuen Sie sich auf diesen wunderschönen BMW M3 Touring\n\nDeutsches Fahrzeug \n1 Vorbesitzer \nScheckheftgepflegt \nUnfall-Rauch-& Tier frei \nLeistungsoptimierung über unser Haus möglich\nIm Kundenauftrag\n20 Zoll Bereifung Vorderachse und Hinterachse\nCSL Frontgrill\nCarbon Heckdiffusor\nTieferlegung mit Spurverbreiterung\nPerformance Sitzabdeckungen\n\n\nSonderausstattung\n\nBMW Live Cockpit Professional \nBMW Curved Display \nControl-Display mit Farbmonitor (14,9 Zoll) \nBremsanlage: Compound - M Bremssystem (Bremssättel Schwarz) \nFahrassistenz-System: Driving Assistant Professional \nFahrassistenz-System: Spurwechselassistent \nFahrassistenz-System: Falschfahrwarnung \nGeschwindigkeits-Begrenzeranlage (Speed Limit Device) \nGeschwindigkeits-Regelanlage, Aktiv mit Stop&Go-Funktion \nFahrassistenz-System: Frontkollisionswarnung \nFahrassistenz-System: Heckaufprall-Vermeidung (Prävention Heckkollision) \nFahrassistenz-System: Kreuzungs-Assistent \nFahrassistenz-System: Querverkehrs-Assistent \nFahrassistenz-System: Ausweich-Assistent \nFahrassistenz-System: Ampel-Erkennung \nFahrassistenz-System: Spurwechsel-Warnsystem \nFahrassistenz-System: aktiver Spurhalteassistent \nInnenausstattung: Interieurleisten Carbon \nInnovations-Paket \nScheinwerfer Laserlicht \nFahrassistenz-System: Fernlichtassistent \nKomfortzugang (Öffnungs- und Schließsystem) \nFahrassistenz-System: Driving Assistant \nInstrumententafel Sensatec \nLenkrad heizbar \nLM-Felgen \nMetallic-Lackierung \nParkassistent-Paket Plus \nService-System: Remote 3D View \nRückfahrkamera (Top View) \nSurround-Kamerasystem (Surround View) \nFahrassistenz-System: Rückfahr-Assistent \nScheinwerfer BMW Individual Shadow-Line \nSicherheitsgurte M \nSonnenschutzverglasung (hinten abgedunkelt) \nSound-System Harman-Kardon \n\n\nSerienausstattung\n\nAblage-Paket \nAdaptives Fahrwerk M-Technic \nAirbag Beifahrerseite abschaltbar \nAktives M Differential \nAlarmanlage \nAmbiente-Beleuchtung \nAnti-Blockier-System (ABS) \nAntriebsart: Allradantrieb \nAntriebsart: xDrive (Allrad) \nAusstattungs-Paket: Connected Professional \nService-System: Remote Services \nService-System: Concierge Services \nService-System: Real Time Traffic Information (RTTI) \nAußenausstattung: Shadow-Line Hochglanz \nAußenausstattung: Shadow-Line Hochglanz (erweiterter Umfang) \nAußenspiegel elektr. verstell- und heizbar \nBedienelemente galvanisiert \nBordcomputer \nCompetition \nDAB-Tuner (Radioempfang digital) \nDachhimmel Anthrazit (BMW Individual) \nDachreling Hochglanz Shadow-Line \nDiebstahlsicherung für Räder (Felgenschlösser) \nDurchladeeinrichtung (Mittelarmlehne hinten) \nDynamische Stabilitäts-Control (DSC) mit erweiterter Umfang \nEinstiegsleisten mit Einleger in Aluminium mit Schriftzug M \nErste Hilfe-Kasten / Verbandkasten \nFahrassistenz-System: Active Guard (Bremsassistent) \nFahrassistenz-System: Aufmerksamkeits-Assistent \nFensterheber elektrisch \nFreisprecheinrichtung Bluetooth mit USB-/Audio-Schnittstelle \nFußmatten Velours \nGepäckraumbeleuchtung \nGetriebe Automatik - mit Steptronic und Drivelogic (8-Stufen) \nGetränkehalter \nHeckklappenbetätigung automatisch \nHeckleuchten LED \nInduktionsladeschale für Smartphone (Wireless Charging) \nInnenspiegel mit Abblendautomatik \nInstrumentenkombination (erweiterter Umfang) \nIsofix-Aufnahmen für Kindersitz an Rücksitz \nKarosserie: 5-türig \nKennzeichenbeleuchtung LED \nKlimaautomatik 3-Zonen mit autom. Umluft-Control \nKnieairbag Fahrerseite \nKopf-Airbag-System hinten \nKopf-Airbag-System vorn \nKopfstützen hinten klappbar \nLenkrad (Leder) mit Multifunktion M-Technic \nLenksäule (Lenkrad) elektr. verstellbar \nLeuchtweitenregelung \nM Drive (Fahrprofilauswahl) \nM Drive Professional (Fahrprofilauswahl) \nMotor 3,0 Ltr. - 375 kW 24V TwinTurbo KAT (S58) \nMotor 3,0 Ltr. - 375 kW 24V \nNebelschlussleuchte(n) \nOtto-Partikelfilter (OPF) \nPark-Distance-Control (PDC) vorn und hinten \nParkbremse elektrisch \nReifendruck-Kontrollsystem \nReifenpannen-Anzeige \nSchadstoffarm nach Abgasnorm Euro 6d \nSchaltpunktanzeige \nScheibenwischer mit Regensensor \nSeitenairbag vorn \nService-System: ConnectedDrive Services \nService-System: Gesetzlicher Notruf \nService-System: Intelligenter Notruf inkl. TeleServices \nSitzbezug / Polsterung: Leder Merino (erweiterter Umfang) \nSitze vorn elektr. verstellbar (mit Memory) \nLendenwirbelstütze Sitz vorn links und rechts, elektr. verstellbar \nSitzheizung vorn + hinten \nSpiegel-Paket \nAußenspiegel elektr. anklappbar \nAußenspiegel mit Abblendautomatik, links \nAußenspiegel mit Bordsteinautomatik, rechts \n* Sportdiff",
  "dealerDetails": {
    "id": 8483804,
    "name": "Steurer Automobile GmbH",
    "sellerType": "Dealer",
    "phones": [
      "+49 (0)7307 201993775"
    ],
    "languages": [
      "Deutsch",
      "English"
    ],
    "country": "DE",
    "address": "Alemannenstraße 4, DE-89250 Senden",
    "location": {
      "latitude": 48.3302831,
      "longitude": 10.0348365
    },
    "activeSince": "2012-09-13T00:00:00.000Z",
    "homepageUrl": "https://home.mobile.de/home/redirect.html?customerId=8483804",
    "iconUrl": "https://img.classistatic.de/api/v1/mo-prod/images/e3/e3c75034-bdfa-43cd-927d-fe9354f0679d?rule=mo-640.jpg",
    "reviewPageUrl": "https://www.mobile.de/bewertungen/STEURERAUTOMOBILEGMBH?lang=en",
    "score": {
      "total": 4.8,
      "responseTime": 4.8,
      "friendliness": 4.8,
      "advice": 4.7
    },
    "activeRatingCount": 28,
    "vehicleAsDescribedPercentage": 92,
    "recommendPercentage": 100,
    "soldVehicleCount": null,
    "reviews": []
  },
  "attributes": {
    "Vehicle condition": "Used vehicle, Accident-free",
    "Category": "Estate car",
    "Availability": "Now",
    "Origin": "German edition",
    "Mileage": "23,836 km",
    "Cubic Capacity": "2,993 ccm",
    "Power": "375 kW (510 hp)",
    "Drive type": "Internal combustion engine",
    "Fuel": "Petrol, E10-enabled",
    "CO₂ class": "Based on CO₂ emissions (combined)",
    "Fuel consumption": [
      "10.4 l/100km (combined)",
      "15.5 l/100km (city)",
      "10.3 l/100km (suburban)",
      "9.0 l/100km (country road)",
      "9.8 l/100km (motorway)"
    ],
    "Number of Seats": "5",
    "Door Count": "4/5",
    "Transmission": "Automatic",
    "Emission Class": "Euro6d",
    "Emissions Sticker": "4 (Green)",
    "First Registration": "07/2023",
    "Construction Year": "2023",
    "Number of Vehicle Owners": "1",
    "HU": "07/2026",
    "Climatisation": "Automatic climatisation, 2 zones",
    "Parking sensors": "360° camera, Front, Rear",
    "Colour (Manufacturer)": "SKYSCRAPER GRAU METALLIC",
    "Colour": "Grey Metallic",
    "Interior Design": "Full leather, Black",
    "Energy consumption (comb.)": "10.4 l/100km",
    "CO₂ emissions (comb.)": "235 g/km"
  },
  "features": [
    "ABS",
    "Adaptive Cruise Control",
    "Alarm system",
    "Alloy wheels",
    "Ambient lighting",
    "Android Auto",
    "Apple CarPlay",
    "Arm rest",
    "Bluetooth",
    "Cargo barrier",
    "Central locking",
    "DAB radio",
    "Digital cockpit",
    "Distance warning system",
    "Dynamic chassis control",
    "Electric seat adjustment",
    "Electric side mirror",
    "Electric tailgate",
    "Electric windows",
    "Emergency brake assist",
    "ESP",
    "Fatigue warning system",
    "Four-wheel drive",
    "Full Service History",
    "Hands-free kit",
    "Heated seats",
    "Heated steering wheel",
    "High beam assist",
    "Immobilizer",
    "Isofix",
    "Keyless central locking",
    "Lane change assist",
    "Laser headlights",
    "Leather steering wheel",
    "LED running lights",
    "Light sensor",
    "Lumbar support",
    "Multifunction steering wheel",
    "Navigation system",
    "Non-smoker vehicle",
    "On-board computer",
    "Paddle shifters",
    "Particulate filter",
    "Power Steering",
    "Rain sensor",
    "Roof rack",
    "Ski bag",
    "Sound system",
    "Sport seats",
    "Sports package",
    "Sports suspension",
    "Start-stop system",
    "Summer tyres",
    "Tinted windows",
    "Touchscreen",
    "Tuner/radio",
    "Tyre pressure monitoring",
    "USB port"
  ]
},
{
  "title": "BMW M3 Touring UPE: 107902 € HUD Harman Kardon",
  "previewImage": "https://img.classistatic.de/api/v1/mo-prod/images/47/47ff27eb-8d1a-4bf2-9d3a-d96402e99960?rule=mo-1600.jpg",
  "category": "EstateCar",
  "brand": "BMW",
  "model": "M3",
  "url": "https://suchen.mobile.de/fahrzeuge/details.html?id=424313285",
  "price.total.amount": 87902,
  "priceRating": {
    "rating": "Very good price",
    "priceRanges": {
      "Very good price": {
        "start": 71601,
        "end": 93100
      },
      "Good price": {
        "start": 93101,
        "end": 100300
      },
      "Fair price": {
        "start": 100301,
        "end": 111500
      },
      "Increased price": {
        "start": 111501,
        "end": 119700
      },
      "High price": {
        "start": 119701,
        "end": 133000
      }
    }
  },
  "description": "Sonstiges\nAblage-Paket\nAktives M Differential\nAnhänger-Stabilisierungs-Programm (ASL)\nAußenausstattung: Shadow-Line Hochglanz\nAußenausstattung: Shadow-Line Hochglanz (erweiterter Umfang)\nAußenspiegel mit Abblendautomatik, links\nAußenspiegel mit Bordsteinautomatik, rechts\nAusstattungs-Paket: Connected Professional\nAutomatische Stabilitäts-Control (ASC)\nBedienelemente galvanisiert\nBlinkleuchte in Außenspiegel integriert\nBMW Curved Display\nCompetition\nControl-Display mit Farbmonitor (14,9 Zoll)\nDach schwarz lackiert\nDachhimmel Anthrazit (BMW Individual)\nDiebstahlsicherung für Räder (Felgenschlösser)\nDifferenzialsperre\nDynamische Tractions Control (DTC)\nEinstiegsleisten mit Einleger in Aluminium mit Schriftzug M\nElektrisch verstellbare Spiegel\nErste Hilfe-Kasten / Verbandkasten\nFahrassistenz-System: Rückfahr-Assistent\nGepäckraum-Abtrennung (Netz)\nGetränkehalter\nGetriebe Automatik - mit Steptronic und Drivelogic (8-Stufen)\nHeckleuchten LED\nInduktionsladen für Smartphones\nInnenausstattung: Interieurleisten Alu Rhombicle mit Akzentleiste\nKarosserie: 5-türig\nKennzeichenbeleuchtung LED\nKlimaautomatik 3 Zonen\nKopfstützen hinten klappbar\nLenksäule (Lenkrad) mechan. verstellbar\nLeuchtweitenregelung\nM Drive (Fahrprofilauswahl)\nM Drive Professional (Fahrprofilauswahl)\nModellpflege\nMotor 3,0 Ltr. - 390 kW 24V\nMotor 3,0 Ltr. - 390 kW 24V TwinPower Turbo (S58)\nNotrufsystem\nParkassistent-Paket\nPersonalisierungssystem (BMW ID)\nPersonalisierungssystem (Personal eSIM)\nReifendruckkontrollsystem\nReifen-Reparaturset (Mobility-Pack)\nRückfahrkamera\n\nAntrieb, Fahrwerk\nAllrad\nSportfahrwerk\n\nAußenausstattung\nDachreling Hochglanz Shadow-Line\nLM-Felgen\nSonnenschutzverglasung (hinten abgedunkelt)\n\nExterieur\nDachreling\n\nFahrerassistenz\nHead-Up Display\nRückfahrkamera\n\nKomfort, Innenausstattung\nAmbiente-Beleuchtung\nAußenspiegel elektr. anklappbar\nBMW Live Cockpit Professional\nDurchladeeinrichtung (Mittelarmlehne hinten)\nDurchladesystem\nEinparkhilfe selbstlenkendes System\nFahrassistenz-System: Einparkhilfe Seite\nFahrassistenz-System: Park-Assistent\nFensterheber elektrisch vorn + hinten\nFensterheber, elektrisch\nFreisprecheinrichtung Bluetooth mit USB-/Audio-Schnittstelle\nGeschwindigkeits-Regelanlage mit Bremsfunktion\nHead-up-Display Full Color\nInduktionsladeschale für Smartphone (Wireless Charging)\nInnenspiegel mit Abblendautomatik\nIsofix-Aufnahmen für Kindersitz\nKlimaanlage\nKlimaautomatic\nKlimaautomatik 3-Zonen mit autom. Umluft-Control\nLeder\nLederlenkrad\nLendenwirbelstütze Sitz vorn links und rechts, elektr. verstellbar\nLenkrad (Leder) mit Multifunktion M-Technic\nLicht- und Regensensor\nLordose\nMultifunktion für Lenkrad\nMultifunktionslenkrad\nRadioempfang digital (DAB+)\nScheibenwischer mit Regensensor\nService-System: Augmented Reality für Navigation\nSitze vorn elektr. verstellbar (mit Memory)\nSitzheizung\nSitzheizung vorn\nSitzverstellung, elektrisch fuer Fahrer und Beifahrer\nSound-System Harman-Kardon\nSportsitze\nStart/Stop-Anlage (Funktion)\nTempomat\nZentralverriegelung\nZentralverriegelung mit Diebstahlsicherung und Crashsensor\n\nMultimedia\nBluetooth\nDAB Tuner\nFreisprecheinrichtung\nNavigationssystem\nRadio\nSurround-Sound-System\nTelefon\nUSB Schnittstelle\n\nRäder\nAlufelgen\n\nSicherheit/Umwelt\nAdaptives Fahrwerk M-Technic\nAirbag Beifahrerseite abschaltbar\nAirbag Fahrer-/Beifahrerseite\nAlarmanlage\nAnti-Blockier-System (ABS)\nAntriebsart: Allradantrieb\nAntriebsart: xDrive (Allrad)\nDiebstahl-Warnanlage\nDynamische Stabilitäts-Control (DSC)\nDynamische Stabilitäts-Control (DSC) mit erweiterter Umfang\nFahrassistenz-System: Active Guard (Bremsassistent)\nFahrassistenz-System: Rückfahrhilfe Notbremsfunktion (Active PDC)\nGeschwindigkeits-Begrenzeranlage (Speed Limit Device)\nKnieairbag Fahrerseite\nKopf-Airbag-System hinten\nKopf-Airbag-System vorn\nLichtassistent (Follow me home)\nOtto-Partikelfilter (OPF)\nReifendruck-Kontrollsystem\nReifenpannen-Anzeige\nScheinwerfer LED\nSeitenairbag vorn\nService-System: Gesetzlicher Notruf\nService-System: Intelligenter Notruf inkl. TeleServices\n\nSitzbezug\nLeder\n\nUmwelt, Sicherheit\nABS\nAirbag Fahrer/Beifahrer\nAlarmanlage\nAuto Start/Stop Funktion \nBeifahrerairbag\nBeifahrerairbag-Deaktivierung\nDiebstahlwarnanlage\nESP\nFahrerairbag\nInnenspiegel, automatisch abblendend\nKindersitzbefestigung ISOFIX\nKopfairbag\nLED-Scheinwerfer\nLichtsensor\nNotbremsassistent\nPASM\nRegensensor\nReifen Druck Control (RDC)\nSeitenairbag\nTraction Control\n\nUPE: 107.200,00 €\n\nNO EXPORT!! Irrtümer und Zwischenverkauf vorbehalten.",
  "dealerDetails": {
    "id": 39056542,
    "name": "Langenhan GmbH",
    "sellerType": "Dealer",
    "phones": [
      "+49 (0)3621 429502002"
    ],
    "languages": [
      "Deutsch"
    ],
    "country": "DE",
    "address": "Harjesstraße 11, DE-99867 Gotha",
    "location": {
      "latitude": 50.9250177,
      "longitude": 10.7148928
    },
    "activeSince": "2001-07-30T00:00:00.000Z",
    "homepageUrl": "https://home.mobile.de/home/redirect.html?customerId=39056542",
    "iconUrl": "https://img.classistatic.de/api/v1/mo-prod/images/84/845eef5f-3702-496e-9118-3f69b1bca2d6?rule=mo-640.jpg",
    "reviewPageUrl": "https://www.mobile.de/bewertungen/LANGENHANGMBHGOTHA?lang=en",
    "score": {
      "total": 4.7,
      "responseTime": 4.7,
      "friendliness": 4.8,
      "advice": 4.7
    },
    "activeRatingCount": 29,
    "vehicleAsDescribedPercentage": 100,
    "recommendPercentage": 96,
    "soldVehicleCount": null,
    "reviews": []
  },
  "attributes": {
    "Vehicle condition": "New vehicle, Accident-free",
    "Category": "Estate car",
    "Model range": "G81",
    "Trim line": " UPE: 107902 € HUD Harman Kardon",
    "Availability": "Now",
    "Origin": "German edition",
    "Mileage": "10 km",
    "Cubic Capacity": "2,993 ccm",
    "Power": "390 kW (530 hp)",
    "Drive type": "Internal combustion engine",
    "Fuel": "Petrol, E10-enabled",
    "CO₂ class": "Based on CO₂ emissions (combined)",
    "Fuel consumption": [
      "10.4 l/100km (combined)",
      "15.8 l/100km (city)",
      "10.3 l/100km (suburban)",
      "8.8 l/100km (country road)",
      "9.8 l/100km (motorway)"
    ],
    "Energy costs for 15,000 km annual mileage": "€2,802/Year",
    "Fuel price": "€1.80/l (annual average 2024)",
    "Possible CO₂ costs over the next 10 years (15,000 km/year)": [
      "€4,477 (assuming an average CO₂ price of €127/t)",
      "€2,115 (assuming a low average CO₂ price of €60/t)",
      "€7,050 (assuming a high average CO₂ price of €200/t)"
    ],
    "Vehicle tax": "€480/Year",
    "Number of Seats": "5",
    "Door Count": "4/5",
    "Transmission": "Automatic",
    "Emission Class": "Euro6",
    "Emissions Sticker": "4 (Green)",
    "Construction Year": "2024",
    "Number of Vehicle Owners": "0",
    "HU": "New",
    "Climatisation": "Automatic climatisation, 3 zones",
    "Parking sensors": "Camera, Self-steering systems, Front, Rear",
    "Airbags": "Front and Side and More Airbags",
    "Colour (Manufacturer)": "Alpinweiß",
    "Colour": "White",
    "Interior Design": "Full leather, Black",
    "Weight": "1,940 kg",
    "Tank capacity": "59 l",
    "Energy consumption (comb.)": "10.4 l/100km",
    "CO₂ emissions (comb.)": "235 g/km"
  },
  "features": [
    "ABS",
    "Adaptive cornering lights",
    "Alarm system",
    "Alloy wheels",
    "Ambient lighting",
    "Android Auto",
    "Apple CarPlay",
    "Arm rest",
    "Autom. dimming interior mirror",
    "Bluetooth",
    "Cargo barrier",
    "Central locking",
    "Cruise control",
    "DAB radio",
    "Digital cockpit",
    "Distance warning system",
    "Dynamic chassis control",
    "Electric seat adjustment",
    "Electric side mirror",
    "Electric windows",
    "Emergency brake assist",
    "Emergency call system",
    "ESP",
    "Fatigue warning system",
    "Four-wheel drive",
    "Full Service History",
    "Glare-free high beam headlights",
    "Hands-free kit",
    "Head-up display",
    "Heated seats",
    "High beam assist",
    "Hill-start assist",
    "Immobilizer",
    "Induction charging for smartphones",
    "Integrated music streaming",
    "Isofix",
    "Keyless central locking",
    "Leather steering wheel",
    "LED headlights",
    "LED running lights",
    "Light sensor",
    "Lumbar support",
    "Multifunction steering wheel",
    "Navigation system",
    "Non-smoker vehicle",
    "On-board computer",
    "Paddle shifters",
    "Particulate filter",
    "Power Steering",
    "Rain sensor",
    "Rear traffic alert",
    "Roof rack",
    "Sound system",
    "Speed limit control system",
    "Sport seats",
    "Sports package",
    "Sports suspension",
    "Start-stop system",
    "Tinted windows",
    "Touchscreen",
    "Traction control",
    "Traffic sign recognition",
    "Tuner/radio",
    "Tyre pressure monitoring",
    "USB port",
    "Voice control",
    "WLAN / Wi-Fi hotspot"
  ]
},
{
  "title": "BMW M3 Competition xDrive GREY/BLACK CARBON FULL",
  "previewImage": "https://img.classistatic.de/api/v1/mo-prod/images/f7/f77e8c05-0683-4333-be04-75dc06531563?rule=mo-1600.jpg",
  "category": "EstateCar",
  "brand": "BMW",
  "model": "M3",
  "url": "https://suchen.mobile.de/fahrzeuge/details.html?id=415404433",
  "price.total.amount": 87800,
  "priceRating": {
    "rating": "Good price",
    "priceRanges": {
      "Very good price": {
        "start": 66401,
        "end": 86300
      },
      "Good price": {
        "start": 86301,
        "end": 92900
      },
      "Fair price": {
        "start": 92901,
        "end": 103300
      },
      "Increased price": {
        "start": 103301,
        "end": 110900
      },
      "High price": {
        "start": 110901,
        "end": 123200
      }
    }
  },
  "description": "Angeboten wird hier ein junger gebrauchter BMW M3 Competition M xDrive mit einer Höchstgeschwindigkeit von 280 km/h und 510 PS.\n\nDie umfassende Ausstattung enthält folgendes:\n\n\nC36 - BMW Individual Gravit Grey Metallic\nX3SW - Merino Leather in Black\n\n1T7 - 19\" / 20\" Forged Wheels\n4MC - M Interior Trim \"Carbon Fibre\"\n\n418 - Luggage Compartment Package\n\n430 - Mirror Package\nAuto Dimming Inside and Outside Mirrors\nElectrical Adjustable Mirrors\nMemory Function for Outside Mirrors\n\n493 - Storage Package\n\n5AU - Driving Assistant Professional\nActive Distance Control with Stop & Go\nActive Cruise Control\nActive Lane Keep Assist \n\n6C4 - Connected Package Professional\nSmartphone Integration with Apple CarPlay & Android\nAmazon Alexa Car Integration \n\n7R7 - Innovation Package\nBMW Laserlight\nBMW Selective Beam\nDriving Assistant\nComfort Access \n\n71C - M Carbon Exterior Package\n7ME - M Driver's Package\n\n1MB - M Drive Professional\n248 - Heating Steering Wheel\n2PA - Wheel Bolt Lock\n2VB - Tire Pressure Monitoring\n2VF - Adaptive Running Gear\n302 - Anti Theft Alarm System \n322 - Comfort Access\n3KA - Acoustic Glazing\n3MC - Roof Rails in High Gloss Shadow Line\n3MF - M Lights Shadow Line\n3MQ - BMW M 50 Year Emblems\n3M6 - M Compound Brake in High Gloss Black\n420 - Sun Protection Glazing\n431 - Auto Dimming Rear View Mirror\n453 - Ventilated Seats in the Front\n459 - Electric Adjustable Drivers Seat with Memory Function \n494 - Heating Seats for Driver and Passenger\n5AC - High Beam Assistant\n5AL - Active Protection\n5AZ - BMW Laserlight\n5DC - Foldable Headrests in the Rear\n5DN - Parking Assistant Plus\n534 - Climate Control\n6AK - Connected Drive Services\n6NX - Wireless Mobile Phone Charging\n6U3 - BMW Live Cockpit Professional with Head-Up Display\n654 - DAB Radio Tuner\n688 - Harman Kardon Surround Sound System\n7M9 - High Gloss Shadow Line\n760 - M High Gloss Shadow Line\n712 - M Sport Seats\n775 - Roof Liner in Antracithe\n8TF - Pedestrian Protection\n\n\n\"Wir sind offizieller und autorisierter Brabus Vertragshändler\"\n\n\"We are official and authorized Brabus Dealer\"\n\nFactory Warranty starts with the delivery of the manufacturer /\ndie Garantie startet mit Auslieferung des Herstellers.\n\nBitte vereinbaren Sie mit uns einen Besichtigungstermin, wir freuen uns auf Sie.\n\nGerne erstellen wir Ihnen auch ein individuelles Finanzierungsangebot.\n\nIrrtum und Zwischenverkauf vorbehalten.\nBesuchen Sie auch unsere Homepage : www.luxurycarshamburg.de",
  "dealerDetails": {
    "id": 7497762,
    "name": "Luxury Cars Hamburg GmbH",
    "sellerType": "Dealer",
    "phones": [
      "+49 (0)40 5247603439"
    ],
    "messengers": {
      "WHATS_APP": "+49 (0)1525 3481230"
    },
    "languages": [
      "Deutsch",
      "English",
      "Polski"
    ],
    "country": "DE",
    "address": "Osterbrooksweg 62, DE-22869 Schenefeld",
    "location": {
      "latitude": 53.591867,
      "longitude": 9.8282183
    },
    "activeSince": "2012-04-03T00:00:00.000Z",
    "homepageUrl": "https://home.mobile.de/home/redirect.html?customerId=7497762",
    "iconUrl": null,
    "reviewPageUrl": "https://www.mobile.de/bewertungen/LUXURYCARSHAMBURGGMBHIG?lang=en",
    "score": {
      "total": 5,
      "responseTime": 5,
      "friendliness": 5,
      "advice": 5
    },
    "activeRatingCount": 1,
    "vehicleAsDescribedPercentage": 100,
    "recommendPercentage": 100,
    "soldVehicleCount": null,
    "reviews": []
  },
  "attributes": {
    "Vehicle condition": "Used vehicle, Accident-free",
    "Category": "Estate car",
    "Model range": "G81",
    "Trim line": "M3 Competion",
    "Mileage": "1,590 km",
    "Cubic Capacity": "2,993 ccm",
    "Power": "375 kW (510 hp)",
    "Drive type": "Internal combustion engine",
    "Fuel": "Petrol",
    "CO₂ class": "Based on CO₂ emissions (combined)",
    "Fuel consumption": [
      "10.4 l/100km (combined)"
    ],
    "Number of Seats": "5",
    "Door Count": "4/5",
    "Transmission": "Automatic",
    "Emission Class": "Euro6",
    "Emissions Sticker": "4 (Green)",
    "First Registration": "03/2023",
    "Number of Vehicle Owners": "2",
    "HU": "03/2026",
    "Climatisation": "Automatic climatisation, 3 zones",
    "Parking sensors": "Front, 360° camera, Rear",
    "Airbags": "Front and Side and More Airbags",
    "Colour (Manufacturer)": "Dravit Grey",
    "Colour": "Grey Metallic",
    "Interior Design": "Full leather, Black",
    "Cylinders": "6",
    "Energy consumption (comb.)": "10.4 l/100km",
    "CO₂ emissions (comb.)": "234 g/km"
  },
  "features": [
    "ABS",
    "Adaptive cornering lights",
    "Adaptive Cruise Control",
    "Alarm system",
    "Alloy wheels",
    "Ambient lighting",
    "Android Auto",
    "Apple CarPlay",
    "Arm rest",
    "Autom. dimming interior mirror",
    "Blind spot assist",
    "Bluetooth",
    "Cargo barrier",
    "Central locking",
    "DAB radio",
    "Digital cockpit",
    "Distance warning system",
    "Electric seat adjustment",
    "Electric side mirror",
    "Electric tailgate",
    "Electric windows",
    "Eletric seat adjustment with memory function",
    "Emergency brake assist",
    "Emergency call system",
    "ESP",
    "Fatigue warning system",
    "Folding exterior mirrors",
    "Four-wheel drive",
    "Full Service History",
    "Hands-free kit",
    "Head-up display",
    "Heated seats",
    "Heated steering wheel",
    "High beam assist",
    "Hill-start assist",
    "Immobilizer",
    "Induction charging for smartphones",
    "Integrated music streaming",
    "Isofix",
    "Keyless central locking",
    "Lane change assist",
    "Leather steering wheel",
    "LED headlights",
    "LED running lights",
    "Light sensor",
    "Lumbar support",
    "Multifunction steering wheel",
    "Navigation system",
    "Non-smoker vehicle",
    "On-board computer",
    "Paddle shifters",
    "Power Steering",
    "Rain sensor",
    "Seat ventilation",
    "Sound system",
    "Speed limit control system",
    "Sport seats",
    "Sports package",
    "Sports suspension",
    "Start-stop system",
    "Summer tyres",
    "Tinted windows",
    "Touchscreen",
    "Traction control",
    "Traffic sign recognition",
    "Tuner/radio",
    "Tyre pressure monitoring",
    "USB port",
    "Voice control",
    "Warranty"
  ]
},
{
  "title": "BMW M3 Competition Limousine mit M",
  "previewImage": "https://img.classistatic.de/api/v1/mo-prod/images/61/61ce4c52-0902-4389-8b27-4e486ba6d814?rule=mo-1600.jpg",
  "category": "Limousine",
  "brand": "BMW",
  "model": "M3",
  "url": "https://suchen.mobile.de/fahrzeuge/details.html?id=434222693",
  "price.total.amount": 88799,
  "priceRating": {
    "rating": "Very good price",
    "priceRanges": {
      "Very good price": {
        "start": 72701,
        "end": 94500
      },
      "Good price": {
        "start": 94501,
        "end": 101800
      },
      "Fair price": {
        "start": 101801,
        "end": 113300
      },
      "Increased price": {
        "start": 113301,
        "end": 121600
      },
      "High price": {
        "start": 121601,
        "end": 135100
      }
    }
  },
  "description": "Fahrzeugnummer: NA74540\n\nEhemalige unverbindliche Preisempfehlung des Automobilherstellers: 114.959 €\nSie erreichen uns direkt unter der Telefonnummer +49921959239004. \nHIGHLIGHTS & PAKETE\nM DRIVE PROFESSIONAL\nAblagenpaket\nBMW Live Cockpit Professional\nHochglanz Shadow-Line\nInnovationspaket\n\nASSISTENZSYSTEME\nPark Distance Control (PDC)\nDriving Assistant Professional\n\nMOTOR GETRIEBE & FAHRWERK\nAbgasnorm EU6 rde II\nM Sportdifferenzial\nAdaptives M Fahrwerk\nKomfortzugang\n\nAUDIO & KOMMUNIKATION\nDAB-Tuner\nHarman/Kardon Surround Sound System\nConnected Package Professional\nSteuerung Infotainment\nSprachversion deutsch\n\nINTERIEUR\nLenkradheizung\nBMW INDIVIDUAL LEUCHTEN SHADOW LINE\nInnenspiegel automatisch abblendend\nSitzverstellung elektrisch mit Memory\nLordosenstütze Fahrer u. Beifahrer\nSitzheizung Fahrer/Beifahrer\nInterieurleisten hochglänzend schwarz\nM Sicherheitsgurte\nGalvanikapplikation Bedienelemente\nKlimaautomatik\nDeaktivierung Airbag Beifahrer\nKopfstützen im Fond klappbar\nStorage tray wireless charging\nM Sportsitz\nDachhimmel anthrazit\nIndividual Hochglanz Shadow-Line\nBordliteratur deutsch\n\nLICHT & SICHT\nFernlichtassistent\nBMW Laserlicht\n\nRÄDER\nBMW LM Rad 826M JB\nRadschraubensicherung\nReifendruckanzeige\nReifenreparatur-Set\n\nTECHNIK & SICHERHEIT\nAlarmanlage\nAutomatische Heckklappenbetätigung\nInnen-/Aussensp. mit Abblendautomatik\nKilometertacho\nActive Guard\nAktiver Fussgängerschutz\n\nEXTERIEUR\nM COMPOUND-BREMSE SCHWARZ HOCHGL.\nAbgedunkelte Verglasung\n\nSONSTIGE AUSSTATTUNGEN\nZusatzumfang EU-spezifisch\nWarndreieck und Verbandstasche\nLänderausführung Deutschland\nDummy-SALAPA\nKältemittel R1234yf\nSteuerung K\nL070 Batteriegröße 70AH \n--- Ständig über 1500 Top-Gebrauchte --- Irrtum und Zwischenverkauf vorbehalten",
  "dealerDetails": {
    "id": 38944411,
    "name": "Autohaus Rhein Bayreuth, Zweigniederlassung der Autohaus Heermann und Rhein GmbH",
    "sellerType": "Dealer",
    "phones": [
      "+49 (0)921 5303033958"
    ],
    "languages": [
      "Deutsch"
    ],
    "country": "DE",
    "address": "Justus-Liebig-Straße 41, DE-95447 Bayreuth",
    "location": {
      "latitude": 49.9331127,
      "longitude": 11.563088
    },
    "activeSince": "2025-04-11T00:00:00.000Z",
    "homepageUrl": "https://home.mobile.de/home/redirect.html?customerId=38944411",
    "iconUrl": null,
    "reviewPageUrl": "https://www.mobile.de/bewertungen/AutohausRheinBayreuthZweigniederlassungderAutohausHeermannundRhe?lang=en",
    "score": {
      "total": 3.7,
      "responseTime": 4,
      "friendliness": 4,
      "advice": 3
    },
    "activeRatingCount": 1,
    "vehicleAsDescribedPercentage": null,
    "recommendPercentage": null,
    "soldVehicleCount": null,
    "reviews": []
  },
  "attributes": {
    "Vehicle condition": "Used vehicle, Accident-free",
    "Category": "Saloon, Pre-Registration",
    "Model range": "G81",
    "Availability": "Now",
    "Origin": "German edition",
    "Mileage": "100 km",
    "Cubic Capacity": "2,993 ccm",
    "Power": "375 kW (510 hp)",
    "Drive type": "Internal combustion engine",
    "Fuel": "Petrol, E10-enabled",
    "CO₂ class": "Based on CO₂ emissions (combined)",
    "Fuel consumption": [
      "10.1 l/100km (combined)",
      "15.5 l/100km (city)",
      "10.1 l/100km (suburban)",
      "8.6 l/100km (country road)",
      "9.4 l/100km (motorway)"
    ],
    "Energy costs for 15,000 km annual mileage": "€2,803/Year",
    "Fuel price": "€1.85/l (annual average 2024)",
    "Possible CO₂ costs over the next 10 years (15,000 km/year)": [
      "€3,950 (assuming an average CO₂ price of €115/t)",
      "€1,889 (assuming a low average CO₂ price of €55/t)",
      "€6,526 (assuming a high average CO₂ price of €190/t)"
    ],
    "Vehicle tax": "€456/Year",
    "Number of Seats": "5",
    "Door Count": "4/5",
    "Transmission": "Automatic",
    "First Registration": "06/2025",
    "Construction Year": "2024",
    "Number of Vehicle Owners": "1",
    "Climatisation": "Automatic climatisation, 3 zones",
    "Parking sensors": "Front, Rear",
    "Airbags": "Front and Side and More Airbags",
    "Colour (Manufacturer)": "M Sao Paulo Gelb uni",
    "Colour": "Yellow",
    "Interior Design": "Full leather, Black",
    "Energy consumption (comb.)": "10.1 l/100km",
    "CO₂ emissions (comb.)": "229 g/km"
  },
  "features": [
    "ABS",
    "Adaptive cornering lights",
    "Adaptive Cruise Control",
    "Alarm system",
    "Alloy wheels",
    "Ambient lighting",
    "Android Auto",
    "Apple CarPlay",
    "Arm rest",
    "Autom. dimming interior mirror",
    "Blind spot assist",
    "Bluetooth",
    "Central locking",
    "DAB radio",
    "Digital cockpit",
    "Distance warning system",
    "Dynamic chassis control",
    "Electric seat adjustment",
    "Electric side mirror",
    "Electric windows",
    "Eletric seat adjustment with memory function",
    "Emergency brake assist",
    "Emergency call system",
    "Emergency tyre repair kit",
    "ESP",
    "Fatigue warning system",
    "Folding exterior mirrors",
    "Four-wheel drive",
    "Full Service History",
    "Hands-free kit",
    "Head-up display",
    "Heated seats",
    "Heated steering wheel",
    "High beam assist",
    "Hill-start assist",
    "Immobilizer",
    "Induction charging for smartphones",
    "Integrated music streaming",
    "Isofix",
    "Keyless central locking",
    "Lane change assist",
    "Laser headlights",
    "Leather steering wheel",
    "LED running lights",
    "Light sensor",
    "Lumbar support",
    "Multifunction steering wheel",
    "Navigation system",
    "Non-smoker vehicle",
    "On-board computer",
    "Paddle shifters",
    "Power Steering",
    "Rain sensor",
    "Speed limit control system",
    "Sport seats",
    "Sports package",
    "Sports suspension",
    "Summer tyres",
    "Tinted windows",
    "Touchscreen",
    "Traction control",
    "Traffic sign recognition",
    "Tuner/radio",
    "Tyre pressure monitoring",
    "USB port",
    "Voice control",
    "Warranty"
  ]
},
{
  "title": "BMW M3 Competition M xDrive Touring LiveCock.LED.H/K",
  "previewImage": "https://img.classistatic.de/api/v1/mo-prod/images/22/226004b7-1000-4b60-8551-75a2f14a5eb8?rule=mo-1600.jpg",
  "category": "EstateCar",
  "brand": "BMW",
  "model": "M3",
  "url": "https://suchen.mobile.de/fahrzeuge/details.html?id=432757952",
  "price.total.amount": 88489.99,
  "priceRating": {
    "rating": "Good price",
    "priceRanges": {
      "Very good price": {
        "start": 63501,
        "end": 82500
      },
      "Good price": {
        "start": 82501,
        "end": 88900
      },
      "Fair price": {
        "start": 88901,
        "end": 98900
      },
      "Increased price": {
        "start": 98901,
        "end": 106100
      },
      "High price": {
        "start": 106101,
        "end": 117900
      }
    }
  },
  "description": "Fahrzeugnummer: 204232\n\nEhemalige unverbindliche Preisempfehlung des Automobilherstellers: 114.870 €\n\nUnsere Datenschutzhinweise finden Sie unter http://www.heermann-rhein.de/datenschutz.html \n\nHIGHLIGHTS & PAKETE\nBMW Live Cockpit Professional\nInnovationspaket II\nM Shadow Line mit erweitertem Umfang\nHochglanz Shadow-Line\nGepäckraumpaket\nAblagenpaket\n\nASSISTENZSYSTEME\nParkassistenzsystem Plus\n\nMOTOR GETRIEBE & FAHRWERK\nAdaptives M Fahrwerk\nKomfortzugang\n\nAUDIO & KOMMUNIKATION\nConnected Package Professional\nHarman/Kardon Surround Sound System\nDAB-Tuner\n\nINTERIEUR\nM Sportsitz\nGalvanikapplikation Bedienelemente\nKlimatisierte Sitze vorne\nDachhimmel anthrazit\nSitzverstellung elektrisch mit Memory\nSonnenschutzrollo Tür hinten\nKlimaautomatik\nM Sicherheitsgurte\nLordosenstütze Fahrer u. Beifahrer\nSitzheizung Fahrer/Beifahrer\nInnenspiegel automatisch abblendend\nKopfstützen im Fond klappbar\nDeaktivierung Airbag Beifahrer\n\nLICHT & SICHT\nAdaptiver LED-Scheinwerfer\nFernlichtassistent\n\nRÄDER\nReifendruckanzeige\n\nTECHNIK & SICHERHEIT\nActive Protection\nKilometertacho\nInnen-/Aussensp. mit Abblendautomatik\nAlarmanlage\n\nEXTERIEUR\nAkustik Komfort Verglasung\nAbgedunkelte Verglasung\nDach und Spiegelkappen schwarz\nM Dachreling Shadow Line \nWir besorgen Ihnen Ihren WUNSCHGEBRAUCHTWAGEN! Über 2000 Fzg. sofort ab Lager verfügbar. Zugriff auf über 3000 Dienstwagen der BMW AG. Bitte sprechen Sie uns an. Unser Verkaufsteam freut sich auf Ihren Anruf. -Irrtum und Zwischenverkauf vorbehalten-",
  "dealerDetails": {
    "id": 454709,
    "name": "BMW Autohaus Heermann und Rhein GmbH",
    "sellerType": "Dealer",
    "phones": [
      "+49 (0)7131 3824910",
      "+49 (0)7131 158766"
    ],
    "languages": [
      "Deutsch",
      "English",
      "Türkçe"
    ],
    "country": "DE",
    "address": "Neckarsulmer Strasse 26, DE-74076 Heilbronn",
    "location": {
      "latitude": 49.1528337,
      "longitude": 9.2237639
    },
    "activeSince": "2000-08-31T00:00:00.000Z",
    "homepageUrl": "https://home.mobile.de/home/redirect.html?customerId=454709",
    "iconUrl": null,
    "reviewPageUrl": "https://www.mobile.de/bewertungen/HEERMANN?lang=en",
    "score": {
      "total": 4.6,
      "responseTime": 4.7,
      "friendliness": 4.7,
      "advice": 4.5
    },
    "activeRatingCount": 36,
    "vehicleAsDescribedPercentage": 90,
    "recommendPercentage": 96,
    "soldVehicleCount": null,
    "reviews": []
  },
  "attributes": {
    "Vehicle condition": "Used vehicle, Accident-free",
    "Category": "Estate car, Employee's Car",
    "Model range": "G81",
    "Vehicle Number": "204232",
    "Availability": "Now",
    "Origin": "German edition",
    "Mileage": "25,300 km",
    "Cubic Capacity": "2,998 ccm",
    "Power": "390 kW (530 hp)",
    "Drive type": "Internal combustion engine",
    "Fuel": "Petrol, E10-enabled",
    "CO₂ class": "Based on CO₂ emissions (combined)",
    "Fuel consumption": [
      "10.4 l/100km (combined)"
    ],
    "Number of Seats": "5",
    "Door Count": "4/5",
    "Transmission": "Automatic",
    "Emission Class": "Euro6d",
    "Emissions Sticker": "4 (Green)",
    "First Registration": "01/2025",
    "Number of Vehicle Owners": "1",
    "Climatisation": "Automatic climatisation, 2 zones",
    "Parking sensors": "Front, 360° camera, Rear, Self-steering systems",
    "Airbags": "Front and Side and More Airbags",
    "Colour (Manufacturer)": "Saphirschwarz",
    "Colour": "Black Metallic",
    "Interior Design": "Full leather, Black",
    "Energy consumption (comb.)": "10.4 l/100km",
    "CO₂ emissions (comb.)": "235 g/km"
  },
  "features": [
    "ABS",
    "Adaptive Cruise Control",
    "Alarm system",
    "Alloy wheels",
    "Ambient lighting",
    "Arm rest",
    "Autom. dimming interior mirror",
    "Central locking",
    "DAB radio",
    "Daytime running lights",
    "Digital cockpit",
    "Distance warning system",
    "Electric seat adjustment",
    "Electric side mirror",
    "Electric tailgate",
    "Electric windows",
    "Emergency brake assist",
    "Emergency call system",
    "ESP",
    "Fatigue warning system",
    "Four-wheel drive",
    "Full Service History",
    "Hands-free kit",
    "Heated seats",
    "High beam assist",
    "Immobilizer",
    "Induction charging for smartphones",
    "Integrated music streaming",
    "Isofix",
    "Keyless central locking",
    "Leather steering wheel",
    "LED headlights",
    "Light sensor",
    "Lumbar support",
    "Multifunction steering wheel",
    "Navigation system",
    "Non-smoker vehicle",
    "On-board computer",
    "Paddle shifters",
    "Power Steering",
    "Rain sensor",
    "Roof rack",
    "Seat ventilation",
    "Sound system",
    "Speed limit control system",
    "Sport seats",
    "Sports package",
    "Sports suspension",
    "Start-stop system",
    "Tinted windows",
    "Touchscreen",
    "Traction control",
    "Tuner/radio",
    "Tyre pressure monitoring",
    "USB port",
    "Warranty"
  ]
},
{
  "title": "BMW M3 Comp. LCI HUD H/K DAB PA+ ACC CARBON MEMORY",
  "previewImage": "https://img.classistatic.de/api/v1/mo-prod/images/13/138d242d-9fbd-4c02-8a66-d54f92f75211?rule=mo-1600.jpg",
  "category": "Limousine",
  "brand": "BMW",
  "model": "M3",
  "url": "https://suchen.mobile.de/fahrzeuge/details.html?id=431418172",
  "price.total.amount": 88850,
  "priceRating": {
    "rating": "Good price",
    "priceRanges": {
      "Very good price": {
        "start": 65401,
        "end": 85000
      },
      "Good price": {
        "start": 85001,
        "end": 91500
      },
      "Fair price": {
        "start": 91501,
        "end": 101800
      },
      "Increased price": {
        "start": 101801,
        "end": 109300
      },
      "High price": {
        "start": 109301,
        "end": 121400
      }
    }
  },
  "description": "Verbrauch und Emission (WLTP)\nPrimärer Antrieb Verbrauch kombiniert: 9,90 l/100 km\nCO2 Emission kombiniert: 222 g/km\n\nGetriebe\nAutomatikgetriebe DriveLogic, 8 Gänge\n\nAusstattungslinie\nAusstattungslinie Exterieur: Competition\n\nAusstattungspakete\nAusstattungspaket: Connected Package Professional, Connected Professional (laufzeitgebundener Dienst)\nSportpaket\nComfort Paket\nOptikpaket: M Hochglanz Shadow Line\nLichtpaket\nAblagepaket\nSpiegelpaket: Innen- und Außenspiegelpaket\nAssistenzpaket\n\nAssistenzsysteme\nHead-up-Display HUD\nFernlichtassistent\nBMW ParkAssistent mit PDC vorne u. hinten\nRückfahrkamera\nSurround View: Parking Assistant Plus\nFahrlichtautomatik\nAktive Geschwindigkeitsregelung mit Stop & Go: Driving Assistant Professional\nSpracheingabesystem\nMüdigkeitserkennung\nSpurwechselassistent\nSpurhalteassistent\nBremsassistent\nFahrerassistenzpaket: Driving Assistant Professional, Heckaufprall-Vermeidung, Parkassistent-Paket Plus, Rückfahr-Assistent\nActive Guard Auffahrwarnung\nSpeed Limit Info\nGespannstabilisierung\n\nLicht und Sicht\nAdaptiver LED-Scheinwerfer\nAdaptives Kurvenlicht\nLED-Tagfahrlicht\nRegensensor\nAutomatisch abblendende Innen- und Außenspiegel\nSonnenschutzverglasung\nDynamische Leuchtweitenregulierung\nAmbientebeleuchtung\nLichtsensor\n\nAudio & Kommunikation\nBMW Live Cockpit Professional: Augmented Reality\nRadio: Teleservice\nMulti-Funktions-Display\nDigitaler Radioempfang DAB\nHarman/Kardon Soundsystem\nUSB Anschluss, Bluetooth Audiostreaming\nBMW ConnectedDrive Services: ConnectedDrive Services (laufzeitgebundener Dienst), Connected Package Professional (laufzeitgebundener Dienst)\nHandyvorbereitung Bluetooth\nApple CarPlay\nKabelloses Laden für Handys: Telefonie mit Wireless Charging\nWLAN Hotspot: Personal eSIM\n\nKomfort\nBMW Live Cockpit Professional: Professional, BMW Curved Display\nKlimaautomatik, 3 Zonen\nFahrer-/Beifahrersitz elektrisch\nMemoryfunktion Fahrersitz\nLordosenstütze Fahrer/Beifahrer elektrisch\nSitzheizung Fahrer/Beifahrer\nSportsitze: M\nArmauflage vorn und hinten\nServolenkung\nLenksäule verstellbar\nKomfortzugang\nAuto Start Stop Funktion\nZentralver. mit Fernbedienung: mit Diebstahlsicherung und Crashsensor\nFensterheber elektrisch 4-fach\nKopfstützen vorn und hinten\nAutomatische Heckklappenbetätigung\nM Drive\nGetränkehalter\n\nInterieur\nSitze Leder Merino\nMultifunktions-Lederlenkrad\nLenkradheizung\nBordcomputer\nDurchladesystem\nDekoreinlagen Aluminium: M Interieurleisten Aluminium Rhombicle A, Rhombicle mit Akzentleiste, Rhombicle anthrazit\nBodenbelag Teppich\nLenkrad-Schaltwippen\n\nExterieur\nAdaptives Fahrwerk\nAntrieb: Heckantrieb\nM Sportfahrwerk\nTouchscreen Bedienung\nDifferentialsperre: Aktives M Differential\nCompound-Bremse\nM Leichtmetallräder 20 Zoll: Doppelspeiche 826 M\nAußenspiegel elekt. anklappbar\nReifenpannenset\nM Sportabgasanlage\nInnovationspaket\nNotrufsystem: Intelligenter Notruf inkl. TeleServices (laufzeitgebundener Dienst)\nGeschwindigkeitsbegrenzer\nFahrzeugpersonalisierung: BMW ID\n\nSicherheit\nISOFIX Kindersitzbefestigung\nFußgängerschutzsystem: aktiv\nFahrer- /Beifahrerairbag: Beifahrerairbag-Deaktivierung\nKopfairbag vorn\nSeitenairbag vorn und hinten\nKnieairbag Fahrer\nDynamische Traktions Control DTC\nDynamische Stabilitäts Control DSC\nReifen Pannen Anzeige RPA\nDiebstahlwarnanlage\nWegfahrsperre\nAußentemperatur Anzeige\nAntiblockiersystem ABS\nProaktives Insassenschutzsystem: Active Protection\nQuerverkehrswarnung\n\nWeitere Ausstattung\nM Drive Professional\nLenkradheizung\nRadschraubensicherung\nReifendruckanzeige\nAlarmanlage\nKomfortzugang\nAkustikverglasung\nM Compound-Bremse schwarz hochglänzend\nM Leuchten Shadow Line\nSonnenschutzverglasung\nInnen- und Außenspiegelpaket\nInnenspiegel automatisch abblendend\nSitzverstellung elektrisch mit Memory\nAblagenpaket\nM Sicherheitsgurte\nM Interieurleisten Aluminium Rhombicle Anthrazit\nInstrumententafel Luxury\nFernlichtassistent\nFondkopfstützen klappbar\nTeleservices\nGesetzlicher Notruf\nConnectedDrive Services\nConnected Package Professional\nAblage für Wireless Charging\nPersonal eSIM\nM Hochglanz Shadow Line\nM Dachhimmel anthrazit\nInnovationspaket II\nM Hochglanz Shadow Line mit erweiterten Umfängen\nGebrauchtwagensiegel: BMW Premium Selection\n\nFahrdaten\nvMax: 290 km/h\n\nDie im Inserat aufgeführten Ausstattungsmerkmale sind unverbindlich. Maßgeblich für den Kauf ist allein der schriftliche Kaufvertrag. Angaben im Inserat begründen keine Beschaffenheitsvereinbarung. Verbindliche Ausstattungsangaben werden ausschließlich im Kaufvertrag festgelegt.",
  "dealerDetails": {
    "id": 454159,
    "name": "WELLER Premium GmbH - BMW & MINI Vertragshändler",
    "sellerType": "Dealer",
    "phones": [
      "+49 (0)5231 500813562"
    ],
    "languages": [
      "Deutsch"
    ],
    "country": "DE",
    "address": "Windmeierweg 12, DE-32758 Detmold",
    "location": {
      "latitude": 51.96147879999999,
      "longitude": 8.8422092
    },
    "activeSince": "2007-01-09T00:00:00.000Z",
    "homepageUrl": "https://home.mobile.de/home/redirect.html?customerId=454159",
    "iconUrl": "https://img.classistatic.de/api/v1/mo-prod/images/50/506ea7dd-2034-4fd8-a104-0773e6f9a536?rule=mo-640.jpg",
    "reviewPageUrl": "https://www.mobile.de/bewertungen/BKALLESKLARDETMOLDGMBH?lang=en",
    "score": {
      "total": 4.3,
      "responseTime": 4.3,
      "friendliness": 4.4,
      "advice": 4.1
    },
    "activeRatingCount": 60,
    "vehicleAsDescribedPercentage": 93,
    "recommendPercentage": 91,
    "soldVehicleCount": null,
    "reviews": []
  },
  "attributes": {
    "Vehicle condition": "Used vehicle",
    "Category": "Saloon, Employee's Car",
    "Trim line": "Competition",
    "Vehicle Number": "1562070",
    "Availability": "Now",
    "Origin": "German edition",
    "Mileage": "5,324 km",
    "Cubic Capacity": "2,993 ccm",
    "Power": "375 kW (510 hp)",
    "Drive type": "Internal combustion engine",
    "Fuel": "Petrol",
    "CO₂ class": "Based on CO₂ emissions (combined)",
    "Fuel consumption": [
      "9.9 l/100km (combined)"
    ],
    "Energy costs for 15,000 km annual mileage": "€2,667/Year",
    "Fuel price": "€1.80/l (annual average 2024)",
    "Possible CO₂ costs over the next 10 years (15,000 km/year)": [
      "€3,830 (assuming an average CO₂ price of €115/t)",
      "€1,665 (assuming a low average CO₂ price of €50/t)",
      "€6,327 (assuming a high average CO₂ price of €190/t)"
    ],
    "Vehicle tax": "€428/Year",
    "Number of Seats": "5",
    "Door Count": "4/5",
    "Transmission": "Automatic",
    "Emission Class": "Euro6d",
    "Emissions Sticker": "4 (Green)",
    "First Registration": "03/2025",
    "Number of Vehicle Owners": "1",
    "HU": "New",
    "Climatisation": "Automatic climatisation, 3 zones",
    "Parking sensors": "Front, Rear, Self-steering systems, 360° camera",
    "Airbags": "Front and Side and More Airbags",
    "Colour (Manufacturer)": "Alpinweiss III",
    "Colour": "White",
    "Interior Design": "Full leather, Black",
    "Cylinders": "6",
    "Energy consumption (comb.)": "9.9 l/100km",
    "CO₂ emissions (comb.)": "222 g/km"
  },
  "features": [
    "ABS",
    "Adaptive cornering lights",
    "Adaptive Cruise Control",
    "Alarm system",
    "Alloy wheels",
    "Ambient lighting",
    "Apple CarPlay",
    "Arm rest",
    "Autom. dimming interior mirror",
    "Blind spot assist",
    "Bluetooth",
    "Central locking",
    "DAB radio",
    "Digital cockpit",
    "Distance warning system",
    "Dynamic chassis control",
    "Electric seat adjustment",
    "Electric side mirror",
    "Electric tailgate",
    "Electric windows",
    "Eletric seat adjustment with memory function",
    "Emergency call system",
    "Emergency tyre repair kit",
    "ESP",
    "Folding exterior mirrors",
    "Full Service History",
    "Hands-free kit",
    "Head-up display",
    "Heated seats",
    "Heated steering wheel",
    "High beam assist",
    "Immobilizer",
    "Induction charging for smartphones",
    "Integrated music streaming",
    "Isofix",
    "Keyless central locking",
    "Lane change assist",
    "Leather steering wheel",
    "LED headlights",
    "LED running lights",
    "Light sensor",
    "Lumbar support",
    "Multifunction steering wheel",
    "Navigation system",
    "Non-smoker vehicle",
    "On-board computer",
    "Paddle shifters",
    "Power Steering",
    "Rain sensor",
    "Rear wheel drive",
    "Sound system",
    "Speed limit control system",
    "Sport seats",
    "Sports package",
    "Sports suspension",
    "Start-stop system",
    "Touchscreen",
    "Traction control",
    "Traffic sign recognition",
    "Tuner/radio",
    "Tyre pressure monitoring",
    "USB port",
    "Voice control",
    "Warranty",
    "WLAN / Wi-Fi hotspot"
  ]
},
{
  "title": "BMW M3 A Competition M xDr Tou ACC 360 H&K HuD 19\"LM",
  "previewImage": "https://img.classistatic.de/api/v1/mo-prod/images/c0/c0406c24-fcd1-4a93-aefa-d1437f5b01ff?rule=mo-1600.jpg",
  "category": "EstateCar",
  "brand": "BMW",
  "model": "M3",
  "url": "https://suchen.mobile.de/fahrzeuge/details.html?id=433346279",
  "price.total.amount": 88749,
  "priceRating": {
    "rating": "Good price",
    "priceRanges": {
      "Very good price": {
        "start": 64101,
        "end": 83400
      },
      "Good price": {
        "start": 83401,
        "end": 89800
      },
      "Fair price": {
        "start": 89801,
        "end": 99800
      },
      "Increased price": {
        "start": 99801,
        "end": 107200
      },
      "High price": {
        "start": 107201,
        "end": 119100
      }
    }
  },
  "description": "Saphirschwarz metallic\nVollleder Merino Schwarz\nBMW Live Cockpit Professional\nM Sportsitze\nAdaptiver LED-Scheinwerfer\nRückfahrkamera\nSurround-View\nDriving Assistant Professional\nParking Assistant Plus\nWinterräder statt Sommerräder\nAdaptives Sportfahrwerk\nHarman Kardon Surround Sound System\nDAB-Tuner\nSitzheizung für Fahrer und Beifahrer\nAkustikverglasung\nKlimaautomatik\nKomfortzugang (Keyless Entry)\nAlarmanlage\nSonnenschutzverglasung\nParkassistent inkl. PDC vo & hi\nDachhimmel in anthrazit\nBMW Individual Dachreling Hochglanz Shadow Line\nSonnenschutzrollo für hintere Türseitenscheiben\nM Interieurleisten Aluminium R\nDach und Spiegelkappen in schwarz\nInnen- und Außenspiegel, automatisch abblendend\nAblagepaket\nAblage für Wireless Charging\nHochglanz Shadow-Line\nBeifahrerairbag Deaktivierung\nBMW Individual HochglanzShadow Line mit \nGesetzlicher Notruf\nActive Protection\nFondkopfstützen klappbar\nReifendruckanzeige\nLordosenstütze\nSpurverlassenswarnung\n19\" M Leichtmetallräder\nAktive Geschwindigkeitsregelung mit Stop & Go\nSelbstfahrervermietfahrzeug\nSpurwechselwarnung\nInstrumententafel Luxury\nAktive Sitzbelüftung vorn\nSitzverstellung, elektrisch mit Memory für Fahrer\nInnenspiegel, automatisch abblendend\nGepäckraumpaket\nM Sicherheitsgurte\nBMW Individual Leuchten Shadow Line\nM Sportdifferential\nGalvanikapplikation für Bedienelemente\nM Drive Professional\nFernlichtassistent\nHead-Up-Display\n19\" Leichtmetallräder Styling 829 M\nMetallic-Lackierung\nAbstandstempomat\nNotbremsassistent\nÄnderungen Zwischenverkauf und Irrtümer vorbehalten!",
  "dealerDetails": {
    "id": 462876,
    "name": "Autohaus Reisacher GmbH",
    "sellerType": "Dealer",
    "phones": [
      "+49 (0)731 8507605950"
    ],
    "languages": [
      "Deutsch",
      "English",
      "Français",
      "Türkçe"
    ],
    "country": "DE",
    "address": "Blaubeurer  Strasse 110, DE-89077 Ulm",
    "location": {
      "latitude": 48.4013097,
      "longitude": 9.9598537
    },
    "activeSince": "2003-10-28T00:00:00.000Z",
    "homepageUrl": "https://home.mobile.de/home/redirect.html?customerId=462876",
    "iconUrl": null,
    "reviewPageUrl": "https://www.mobile.de/bewertungen/REISACHER-ULM?lang=en",
    "score": {
      "total": 4.8,
      "responseTime": 4.6,
      "friendliness": 4.9,
      "advice": 4.8
    },
    "activeRatingCount": 33,
    "vehicleAsDescribedPercentage": 100,
    "recommendPercentage": 92,
    "soldVehicleCount": null,
    "reviews": []
  },
  "attributes": {
    "Vehicle condition": "Used vehicle",
    "Category": "Estate car, Employee's Car",
    "Vehicle Number": "152806",
    "Mileage": "26,375 km",
    "Cubic Capacity": "2,993 ccm",
    "Power": "385 kW (523 hp)",
    "Drive type": "Internal combustion engine",
    "Fuel": "Petrol",
    "CO₂ class": "Based on CO₂ emissions (combined)",
    "Fuel consumption": [
      "10.4 l/100km (combined)",
      "15.8 l/100km (city)",
      "10.3 l/100km (suburban)",
      "8.8 l/100km (country road)",
      "9.8 l/100km (motorway)"
    ],
    "Number of Seats": "5",
    "Door Count": "4/5",
    "Transmission": "Automatic",
    "Emission Class": "Euro 6e",
    "First Registration": "01/2025",
    "Number of Vehicle Owners": "1",
    "HU": "New",
    "Climatisation": "Automatic air conditioning",
    "Parking sensors": "Self-steering systems, 360° camera, Rear",
    "Airbags": "Front and Side and More Airbags",
    "Colour (Manufacturer)": "Saphirschwarz",
    "Colour": "Black",
    "Interior Design": "Full leather, Black",
    "Energy consumption (comb.)": "10.4 l/100km",
    "CO₂ emissions (comb.)": "235 g/km"
  },
  "features": [
    "ABS",
    "Adaptive cornering lights",
    "Adaptive Cruise Control",
    "Alarm system",
    "Central locking",
    "DAB radio",
    "Distance warning system",
    "Electric seat adjustment",
    "Electric side mirror",
    "Electric windows",
    "ESP",
    "Fog lamp",
    "Four-wheel drive",
    "Full Service History",
    "Head-up display",
    "Heated seats",
    "Immobilizer",
    "Isofix",
    "Keyless central locking",
    "LED headlights",
    "LED running lights",
    "Light sensor",
    "Lumbar support",
    "Navigation system",
    "Non-smoker vehicle",
    "On-board computer",
    "Power Steering",
    "Roof rack",
    "Sound system",
    "Sport seats",
    "Sports package",
    "Sports suspension",
    "Start-stop system",
    "Traction control",
    "Tuner/radio",
    "Warranty"
  ]
},
{
  "title": "BMW M3 Competition Driving Assistant Professional Ha",
  "previewImage": "https://img.classistatic.de/api/v1/mo-prod/images/a2/a270b4bf-97e9-4af5-af4a-d2885f6fefbe?rule=mo-1600.jpg",
  "category": "Limousine",
  "brand": "BMW",
  "model": "M3",
  "url": "https://suchen.mobile.de/fahrzeuge/details.html?id=433203253",
  "price.total.amount": 88280,
  "priceRating": {
    "rating": "Fair price",
    "priceRanges": {
      "Very good price": {
        "start": 60201,
        "end": 78300
      },
      "Good price": {
        "start": 78301,
        "end": 84300
      },
      "Fair price": {
        "start": 84301,
        "end": 93700
      },
      "Increased price": {
        "start": 93701,
        "end": 100600
      },
      "High price": {
        "start": 100601,
        "end": 111800
      }
    }
  },
  "description": "Getriebe\nAutomatik\nTechnik\nBordcomputer\nSperrdifferential\nAdaptives Daempfungssystem\nPartikelfilter\nStart-Stop-Automatik\nVolldigitales Kombiinstrument\nAssistenten\nMüdigkeitserkennung\nVerkehrszeichenerkennung\nPark-Lenk-Assistent\nRegensensor\nFernlichtassistent\nLichtsensor\nNotbremsassistent\nBerganfahrassistent\nSpurhalteassistent\nSpurwechselassistent\nAbstandsregeltempomat\nAusparkassistent\nAbstands-/Kollisionswarner\nKomfort\nKlimaautomatik\nServolenkung\nZentralverriegelung\nElektrischer Fensterheber\nLederausstattung\nSitzheizung\nElektrische Aussenspiegel\nTempomat\nMultifunktionslenkrad\nKeyless Go Startfunktion\nElektrische Sitze\nInnenspiegel autom. abblendbar\nMittelarmlehne\nInnenraumfilter\nLenksaeule einstellbar\nSportsitze\nParkDistanceControl vorne und hinten\nElektrische Heckklappe\nKeyless Entry\nMemory Sitze\nAmbientebeleuchtung\nLordosenstütze\nLederlenkrad\nGeschwindigkeitsbegrenzungsanlage\nKlimaautomatik-3-Zonen\nFunkfernbedienung\nSicht\nLED-Hauptscheinwerfer\nadaptives Kurvenlicht\nLED-Tagfahrlicht\n360 Grad Kamera\nHEAD-UP-Display\nLED-Rueckleuchten\nScheinwerferregulierung\nColorverglasung\nPrivacyverglasung\nSicherheit\nABS\nAirbag\nBeifahrer-Airbag\nWegfahrsperre\nSeitenairbags\nAlarmanlage\nESP\nAntriebsschlupfregelung\nReifendruckkontrolle\nTraktionskontrolle\nKopfairbag\nKnieairbag\nKindersitzbefestigung\nAnhängerstabilisierung\nNotrufsystem\nPannenkit\nEntertainment\nNavigationssystem\nSoundsystem\nKommunikationspaket\nRadio\nTelefonvorbereitung\nUSB-Anschluss\nMP3\nHarman-Kardon\nBluetooth\nFreisprecheinrichtung\nSprachsteuerung\nDAB\nWLAN\nTouchscreen\nInduktionsladen für Smartphones\nMusikstreaming\nNavigationsvorbereitung\nUmwelt\nGrüne Umweltplakette\nQualität\nGarantie\nScheckheftgepflegt\nHUAU neu\nNichtraucherfahrzeug\nSonstiges\nKatalysator\nMetallic\nSportausstattung\nAlufelgen\nGepaeckraumabdeckung\nStossfaenger in Wagenfarbe\nSportpaket\nSportfahrwerk\nElektrische Parkbremse\nFahrerprofilauswahl\nSommerreifen\nGepäckraumabtrennung\nWBS21HJ010FU47686\nM Drive Professional\nM Sportdifferenzial\nReifendruck-Kontrolle\nReifenpannenset\nAdaptives M Fahrwerk\nAlarmanlage\nAutomatische Heckklappenbetäti\nInnen- und Außenspiegelpaket\nInnenspiegel\nautom abbl\nSitzverstellung elektr m Lordosenstütze\nGalvanikapplikation für Bedien\nAdaptiver LED-Scheinwerfer\nActive Protection\nDAB-Tuner\nHarman Kardon Surround Sound S\ngesetzlicher Notruf\nWireless Charging Ablage\nPersonal eSIM\nBMW Live Cockpit Professional\nSteuerung Infotainment\nM Sportsitze\nM Hochglanz Shadow Line\nM Dachhimmel anthrazit\nAktiver Fußgängerschutz\nM Toronto Rot metallic\nLeder Merino Schwarz\nScheibenwischer mit Regensensor\nScheinwerfer LED\nKnieairbag Fahrerseite\nHeckleuchten LED\nAmbiente-Beleuchtung\nLeuchtweitenregelung\nMultifunktion für Lenkrad\nLenksäule (Lenkrad) mechan. verstellbar\nReifendruck-Kontrollsystem\nAnhänger-Stabilisierungs-Programm (ASL)\nKlimaautomatik 3-Zonen mit autom. Umluft-Control\nReifen-Reparaturset (Mobility-Pack)\nSportdifferential\nLM-Felgen\nAktives M Differential\nControl-Display mit Farbmonitor (14\n9 Zoll)\nSonnenschutzverglasung (hi abgedunkelt)\nAdaptives Fahrwerk M-Technic\nRadioempfang digital (DAB+)\nPersonalisierungssystem (BMW ID)\nEinstiegsleisten mit Einleger in Aluminium mit Schriftzug M\nHead-up-Display Full Color\nSpiegel-Paket\nRückfahrkamera\nGeschwindigkeits-Regelanlage\nAktiv mit Stop&Go-Funktion\nKomfortzugang\nAnti-Blockier-System (ABS)\nSeitenairbag vo\nKopf-Airbag-System vo + hi\nLicht- und Regensensor\nIntelligenter Notruf\nReifenpannen-Anzeige\nDynamische Stabilitäts-Control (DSC) mit erweiterter Umfang\nFreisprecheinrichtung Bluetooth mit USB-/Audio-Schnittstelle\nAutomatische Stabilitäts-Control (ASC)\nLichtassistent (Follow me home)\nRückfahrkamera (Top View)\nMetallic-Lackierung\n12V-Steckdose\nAblage-Paket\nActive Guard (Bremsassistent)\naktiver Spurhalteassistent\nAmpel-Erkennung\nAußenspiegel elektr. anklappbar\nAußenspiegel mit Abblendautomatik\nAusweich-Assistent\nAutomatik - mit Steptronic und Drivelogic (8-Stufen)\nBeifahrerairbag abschaltbar\nBlinkleuchte in Außenspiegel integriert\nBMW Curved Display\nCompetition\nConnected Professional\nDiebstahl-Warnanlage\nDriving Assistant Professional\nDurchladeeinrichtung\nDynamische Stabilitäts-Control (DSC)\nDynamische Tractions Control (DTC)\nEinparkhilfe Seite\nelektr. Sitze/Memory\nFalschfahrwarnung\nFensterheber elektrisch vorn und hinten\nFernlichtassistent\nFrontkollisionswarnung\nGeschwindigkeits-Begrenzeranlage (Speed Limit Device)\nGeschwindigkeits-Regelanlage mit Bremsfunktion\nGetränkehalter\nHeckaufprall-Vermeidung (Prävention Heckkollision)\ninklusive unentgeltliche 24 Monate BMW Premium Selection\nBruttolistenpreis: 106.460€\nkeine Mietwagennutzung\n\nInt.KnNr: FBUG251001522\nÄnderungen, Zwischenverkauf und Irrtümer vorbehalten.\nquality by dotzilla",
  "dealerDetails": {
    "id": 453713,
    "name": "Kohl automobile GmbH",
    "sellerType": "Dealer",
    "phones": [
      "+49 (0)241 9809359266"
    ],
    "languages": [
      "Deutsch",
      "English",
      "Français"
    ],
    "country": "DE",
    "address": "Neuenhofstr. 160, DE-52078 Aachen",
    "location": {
      "latitude": 50.7653702,
      "longitude": 6.1470706
    },
    "activeSince": "2001-06-07T00:00:00.000Z",
    "homepageUrl": "https://home.mobile.de/home/redirect.html?customerId=453713",
    "iconUrl": null,
    "reviewPageUrl": "https://www.mobile.de/bewertungen/KOHL-AACHEN?lang=en",
    "score": {
      "total": 4.2,
      "responseTime": 4.3,
      "friendliness": 4.3,
      "advice": 4
    },
    "activeRatingCount": 61,
    "vehicleAsDescribedPercentage": 90,
    "recommendPercentage": 77,
    "soldVehicleCount": null,
    "reviews": []
  },
  "attributes": {
    "Vehicle condition": "Used vehicle, Accident-free",
    "Category": "Saloon, Employee's Car",
    "Model range": "G80",
    "Trim line": "m3 competition",
    "Vehicle Number": "FBUG251001522",
    "Availability": "Now",
    "Mileage": "15,128 km",
    "Cubic Capacity": "2,993 ccm",
    "Power": "375 kW (510 hp)",
    "Drive type": "Internal combustion engine",
    "Fuel": "Petrol",
    "CO₂ class": "Based on CO₂ emissions (combined)",
    "Fuel consumption": [
      "9.8 l/100km (combined)",
      "15.2 l/100km (city)",
      "9.8 l/100km (suburban)",
      "8.3 l/100km (country road)",
      "9.0 l/100km (motorway)"
    ],
    "Energy costs for 15,000 km annual mileage": "€2,640/Year",
    "Fuel price": "€1.80/l (annual average 2024)",
    "Possible CO₂ costs over the next 10 years (15,000 km/year)": [
      "€4,210 (assuming an average CO₂ price of €127/t)",
      "€1,989 (assuming a low average CO₂ price of €60/t)",
      "€6,630 (assuming a high average CO₂ price of €200/t)"
    ],
    "Vehicle tax": "€424/Year",
    "Number of Seats": "5",
    "Door Count": "4/5",
    "Transmission": "Automatic",
    "Emissions Sticker": "4 (Green)",
    "First Registration": "01/2025",
    "Construction Year": "2024",
    "Number of Vehicle Owners": "1",
    "HU": "New",
    "Climatisation": "Automatic climatisation, 3 zones",
    "Parking sensors": "Front, 360° camera, Rear, Self-steering systems",
    "Airbags": "Front and Side and More Airbags",
    "Colour (Manufacturer)": "M TORONTO ROT METALLIC",
    "Colour": "Red Metallic",
    "Interior Design": "Full leather, Black",
    "Cylinders": "6",
    "Energy consumption (comb.)": "9.8 l/100km",
    "CO₂ emissions (comb.)": "221 g/km"
  },
  "features": [
    "ABS",
    "Adaptive cornering lights",
    "Adaptive Cruise Control",
    "Alarm system",
    "Alloy wheels",
    "Ambient lighting",
    "Arm rest",
    "Autom. dimming interior mirror",
    "Bluetooth",
    "Cargo barrier",
    "Central locking",
    "DAB radio",
    "Digital cockpit",
    "Distance warning system",
    "Dynamic chassis control",
    "Electric seat adjustment",
    "Electric side mirror",
    "Electric tailgate",
    "Electric windows",
    "Eletric seat adjustment with memory function",
    "Emergency brake assist",
    "Emergency call system",
    "Emergency tyre repair kit",
    "ESP",
    "Fatigue warning system",
    "Folding exterior mirrors",
    "Full Service History",
    "Hands-free kit",
    "Head-up display",
    "Heated seats",
    "High beam assist",
    "Hill-start assist",
    "Immobilizer",
    "Induction charging for smartphones",
    "Integrated music streaming",
    "Isofix",
    "Keyless central locking",
    "Lane change assist",
    "Leather steering wheel",
    "LED headlights",
    "LED running lights",
    "Light sensor",
    "Lumbar support",
    "Multifunction steering wheel",
    "Navigation preparation",
    "Navigation system",
    "Non-smoker vehicle",
    "On-board computer",
    "Particulate filter",
    "Power Steering",
    "Rain sensor",
    "Rear traffic alert",
    "Rear wheel drive",
    "Sound system",
    "Speed limit control system",
    "Sport seats",
    "Sports package",
    "Sports suspension",
    "Start-stop system",
    "Summer tyres",
    "Tinted windows",
    "Touchscreen",
    "Traction control",
    "Traffic sign recognition",
    "Tuner/radio",
    "Tyre pressure monitoring",
    "USB port",
    "Voice control",
    "Warranty",
    "WLAN / Wi-Fi hotspot"
  ]
},
{
  "title": "BMW M3 Competion M xDrive Touring M3 Competion ",
  "previewImage": "https://img.classistatic.de/api/v1/mo-prod/images/0e/0e79c148-4425-46eb-a5fe-fb67ba9b5da3?rule=mo-1600.jpg",
  "category": "EstateCar",
  "brand": "BMW",
  "model": "M3",
  "url": "https://suchen.mobile.de/fahrzeuge/details.html?id=434190255",
  "price.total.amount": 88500,
  "priceRating": {
    "rating": "No rating",
    "priceRanges": null
  },
  "description": "Hallo ich verkaufe mein M3 Comp, \n\ndas Fahrzeug ist erste Hand, hat alle von BMW vorgeschriebenen Service bei BMW direkt erhalten, ebenso ist das Fahrzeug komplett mit einer XPEL Steinschlagschutzfolie in transparent foliert und das ab Kilometer 377 (Rechnung vorhanden, NEU 4150,00€ netto). \n\nWinterradsatz mit Pirelli P Zero ist ebenfalls vorhanden auf den selben Felgen, es gibt also zwei Sätze Felgen. \n\nBei weiteren Fragen einfach durchrufen, ist kein Notverkauf.",
  "dealerDetails": {
    "id": 30252775,
    "name": "Raumausstattung Bergmann GmbH",
    "sellerType": "Private Seller",
    "phones": [
      "+49 (0)176 72235566"
    ],
    "country": "DE",
    "address": "Heerstr. 35, DE-47178 Duisburg",
    "location": {
      "latitude": 51.5397986,
      "longitude": 6.6999817
    },
    "iconUrl": null,
    "reviewPageUrl": null,
    "score": null,
    "activeRatingCount": null,
    "vehicleAsDescribedPercentage": null,
    "recommendPercentage": null,
    "soldVehicleCount": null,
    "reviews": []
  },
  "attributes": {
    "Vehicle condition": "Used vehicle, Accident-free",
    "Category": "Estate car",
    "Mileage": "43,993 km",
    "Cubic Capacity": "2,993 ccm",
    "Power": "375 kW (510 hp)",
    "Drive type": "Internal combustion engine",
    "Fuel": "Petrol",
    "Number of Seats": "5",
    "Door Count": "4/5",
    "Transmission": "Automatic",
    "Emission Class": "Euro4",
    "Emissions Sticker": "4 (Green)",
    "First Registration": "12/2023",
    "Number of Vehicle Owners": "1",
    "HU": "11/2026",
    "Climatisation": "Automatic climatisation, 3 zones",
    "Parking sensors": "360° camera, Front, Self-steering systems, Rear",
    "Colour": "Silver Metallic",
    "Interior Design": "Full leather, Black"
  },
  "features": [
    "ABS",
    "Adaptive cornering lights",
    "Alarm system",
    "Alloy wheels",
    "Ambient lighting",
    "Android Auto",
    "Apple CarPlay",
    "Arm rest",
    "Autom. dimming interior mirror",
    "Blind spot assist",
    "Bluetooth",
    "Cargo barrier",
    "Central locking",
    "Cruise control",
    "DAB radio",
    "Digital cockpit",
    "Distance warning system",
    "Electric seat adjustment",
    "Electric side mirror",
    "Electric tailgate",
    "Electric windows",
    "Emergency brake assist",
    "Emergency call system",
    "ESP",
    "Fatigue warning system",
    "Full Service History",
    "Glare-free high beam headlights",
    "Hands-free kit",
    "Head-up display",
    "Heated seats",
    "High beam assist",
    "Hill-start assist",
    "Induction charging for smartphones",
    "Integrated music streaming",
    "Isofix",
    "Keyless central locking",
    "Lane change assist",
    "Leather steering wheel",
    "LED running lights",
    "Light sensor",
    "Lumbar support",
    "Multifunction steering wheel",
    "Navigation system",
    "Non-smoker vehicle",
    "On-board computer",
    "Paddle shifters",
    "Particulate filter",
    "Power Steering",
    "Rain sensor",
    "Sound system",
    "Speed limit control system",
    "Sport seats",
    "Sports suspension",
    "Start-stop system",
    "Summer tyres",
    "Touchscreen",
    "Traction control",
    "Traffic sign recognition",
    "Tuner/radio",
    "Tyre pressure monitoring",
    "USB port",
    "Voice control",
    "Warranty",
    "Winter tyres",
    "WLAN / Wi-Fi hotspot"
  ]
},
{
  "title": "BMW M3 Touring UPE: 107902 € HUD Harman Kardon",
  "previewImage": "https://img.classistatic.de/api/v1/mo-prod/images/47/47ff27eb-8d1a-4bf2-9d3a-d96402e99960?rule=mo-1600.jpg",
  "category": "EstateCar",
  "brand": "BMW",
  "model": "M3",
  "url": "https://suchen.mobile.de/fahrzeuge/details.html?id=424297220",
  "price.total.amount": 87902,
  "priceRating": {
    "rating": "Very good price",
    "priceRanges": {
      "Very good price": {
        "start": 71601,
        "end": 93100
      },
      "Good price": {
        "start": 93101,
        "end": 100300
      },
      "Fair price": {
        "start": 100301,
        "end": 111500
      },
      "Increased price": {
        "start": 111501,
        "end": 119700
      },
      "High price": {
        "start": 119701,
        "end": 133000
      }
    }
  },
  "description": "Sonstiges\nAblage-Paket\nAktives M Differential\nAnhänger-Stabilisierungs-Programm (ASL)\nAußenausstattung: Shadow-Line Hochglanz\nAußenausstattung: Shadow-Line Hochglanz (erweiterter Umfang)\nAußenspiegel mit Abblendautomatik, links\nAußenspiegel mit Bordsteinautomatik, rechts\nAusstattungs-Paket: Connected Professional\nAutomatische Stabilitäts-Control (ASC)\nBedienelemente galvanisiert\nBlinkleuchte in Außenspiegel integriert\nBMW Curved Display\nCompetition\nControl-Display mit Farbmonitor (14,9 Zoll)\nDach schwarz lackiert\nDachhimmel Anthrazit (BMW Individual)\nDiebstahlsicherung für Räder (Felgenschlösser)\nDifferenzialsperre\nDynamische Tractions Control (DTC)\nEinstiegsleisten mit Einleger in Aluminium mit Schriftzug M\nElektrisch verstellbare Spiegel\nErste Hilfe-Kasten / Verbandkasten\nFahrassistenz-System: Rückfahr-Assistent\nGepäckraum-Abtrennung (Netz)\nGetränkehalter\nGetriebe Automatik - mit Steptronic und Drivelogic (8-Stufen)\nHeckleuchten LED\nInduktionsladen für Smartphones\nInnenausstattung: Interieurleisten Alu Rhombicle mit Akzentleiste\nKarosserie: 5-türig\nKennzeichenbeleuchtung LED\nKlimaautomatik 3 Zonen\nKopfstützen hinten klappbar\nLenksäule (Lenkrad) mechan. verstellbar\nLeuchtweitenregelung\nM Drive (Fahrprofilauswahl)\nM Drive Professional (Fahrprofilauswahl)\nModellpflege\nMotor 3,0 Ltr. - 390 kW 24V\nMotor 3,0 Ltr. - 390 kW 24V TwinPower Turbo (S58)\nNotrufsystem\nParkassistent-Paket\nPersonalisierungssystem (BMW ID)\nPersonalisierungssystem (Personal eSIM)\nReifendruckkontrollsystem\nReifen-Reparaturset (Mobility-Pack)\nRückfahrkamera\n\nAntrieb, Fahrwerk\nAllrad\nSportfahrwerk\n\nAußenausstattung\nDachreling Hochglanz Shadow-Line\nLM-Felgen\nSonnenschutzverglasung (hinten abgedunkelt)\n\nExterieur\nDachreling\n\nFahrerassistenz\nHead-Up Display\nRückfahrkamera\n\nKomfort, Innenausstattung\nAmbiente-Beleuchtung\nAußenspiegel elektr. anklappbar\nBMW Live Cockpit Professional\nDurchladeeinrichtung (Mittelarmlehne hinten)\nDurchladesystem\nEinparkhilfe selbstlenkendes System\nFahrassistenz-System: Einparkhilfe Seite\nFahrassistenz-System: Park-Assistent\nFensterheber elektrisch vorn + hinten\nFensterheber, elektrisch\nFreisprecheinrichtung Bluetooth mit USB-/Audio-Schnittstelle\nGeschwindigkeits-Regelanlage mit Bremsfunktion\nHead-up-Display Full Color\nInduktionsladeschale für Smartphone (Wireless Charging)\nInnenspiegel mit Abblendautomatik\nIsofix-Aufnahmen für Kindersitz\nKlimaanlage\nKlimaautomatic\nKlimaautomatik 3-Zonen mit autom. Umluft-Control\nLeder\nLederlenkrad\nLendenwirbelstütze Sitz vorn links und rechts, elektr. verstellbar\nLenkrad (Leder) mit Multifunktion M-Technic\nLicht- und Regensensor\nLordose\nMultifunktion für Lenkrad\nMultifunktionslenkrad\nRadioempfang digital (DAB+)\nScheibenwischer mit Regensensor\nService-System: Augmented Reality für Navigation\nSitze vorn elektr. verstellbar (mit Memory)\nSitzheizung\nSitzheizung vorn\nSitzverstellung, elektrisch fuer Fahrer und Beifahrer\nSound-System Harman-Kardon\nSportsitze\nStart/Stop-Anlage (Funktion)\nTempomat\nZentralverriegelung\nZentralverriegelung mit Diebstahlsicherung und Crashsensor\n\nMultimedia\nBluetooth\nDAB Tuner\nFreisprecheinrichtung\nNavigationssystem\nRadio\nSurround-Sound-System\nTelefon\nUSB Schnittstelle\n\nRäder\nAlufelgen\n\nSicherheit/Umwelt\nAdaptives Fahrwerk M-Technic\nAirbag Beifahrerseite abschaltbar\nAirbag Fahrer-/Beifahrerseite\nAlarmanlage\nAnti-Blockier-System (ABS)\nAntriebsart: Allradantrieb\nAntriebsart: xDrive (Allrad)\nDiebstahl-Warnanlage\nDynamische Stabilitäts-Control (DSC)\nDynamische Stabilitäts-Control (DSC) mit erweiterter Umfang\nFahrassistenz-System: Active Guard (Bremsassistent)\nFahrassistenz-System: Rückfahrhilfe Notbremsfunktion (Active PDC)\nGeschwindigkeits-Begrenzeranlage (Speed Limit Device)\nKnieairbag Fahrerseite\nKopf-Airbag-System hinten\nKopf-Airbag-System vorn\nLichtassistent (Follow me home)\nOtto-Partikelfilter (OPF)\nReifendruck-Kontrollsystem\nReifenpannen-Anzeige\nScheinwerfer LED\nSeitenairbag vorn\nService-System: Gesetzlicher Notruf\nService-System: Intelligenter Notruf inkl. TeleServices\n\nSitzbezug\nLeder\n\nUmwelt, Sicherheit\nABS\nAirbag Fahrer/Beifahrer\nAlarmanlage\nAuto Start/Stop Funktion \nBeifahrerairbag\nBeifahrerairbag-Deaktivierung\nDiebstahlwarnanlage\nESP\nFahrerairbag\nInnenspiegel, automatisch abblendend\nKindersitzbefestigung ISOFIX\nKopfairbag\nLED-Scheinwerfer\nLichtsensor\nNotbremsassistent\nPASM\nRegensensor\nReifen Druck Control (RDC)\nSeitenairbag\nTraction Control\n\nUPE: 107.902,00 €\nNO EXPORT!! Irrtümer und Zwischenverkauf vorbehalten.",
  "dealerDetails": {
    "id": 39056608,
    "name": "Langenhan GmbH Filiale Eisenach",
    "sellerType": "Dealer",
    "phones": [
      "+49 (0)3691 249115542"
    ],
    "languages": [
      "Deutsch"
    ],
    "country": "DE",
    "address": "Rennbahn 74, DE-99817 Eisenach",
    "location": {
      "latitude": 50.979429,
      "longitude": 10.3041818
    },
    "activeSince": "2006-03-30T00:00:00.000Z",
    "homepageUrl": "https://home.mobile.de/home/redirect.html?customerId=39056608",
    "iconUrl": "https://img.classistatic.de/api/v1/mo-prod/images/7e/7eec821c-d07a-4bb8-b541-0ac1df5e5f99?rule=mo-640.jpg",
    "reviewPageUrl": "https://www.mobile.de/bewertungen/LANGENHANGMBHFILIALEEISENACH?lang=en",
    "score": {
      "total": 4.5,
      "responseTime": 4.5,
      "friendliness": 4.5,
      "advice": 4.4
    },
    "activeRatingCount": 20,
    "vehicleAsDescribedPercentage": 94,
    "recommendPercentage": 93,
    "soldVehicleCount": null,
    "reviews": []
  },
  "attributes": {
    "Vehicle condition": "New vehicle, Accident-free",
    "Category": "Estate car",
    "Model range": "G81",
    "Trim line": " UPE: 107902 € HUD Harman Kardon",
    "Availability": "Now",
    "Origin": "German edition",
    "Mileage": "10 km",
    "Cubic Capacity": "2,993 ccm",
    "Power": "390 kW (530 hp)",
    "Drive type": "Internal combustion engine",
    "Fuel": "Petrol, E10-enabled",
    "CO₂ class": "Based on CO₂ emissions (combined)",
    "Fuel consumption": [
      "10.4 l/100km (combined)",
      "15.8 l/100km (city)",
      "10.3 l/100km (suburban)",
      "8.8 l/100km (country road)",
      "9.8 l/100km (motorway)"
    ],
    "Energy costs for 15,000 km annual mileage": "€2,802/Year",
    "Fuel price": "€1.80/l (annual average 2024)",
    "Possible CO₂ costs over the next 10 years (15,000 km/year)": [
      "€4,477 (assuming an average CO₂ price of €127/t)",
      "€2,115 (assuming a low average CO₂ price of €60/t)",
      "€7,050 (assuming a high average CO₂ price of €200/t)"
    ],
    "Vehicle tax": "€480/Year",
    "Number of Seats": "5",
    "Door Count": "4/5",
    "Transmission": "Automatic",
    "Emission Class": "Euro6",
    "Emissions Sticker": "4 (Green)",
    "Construction Year": "2024",
    "Number of Vehicle Owners": "0",
    "HU": "New",
    "Climatisation": "Automatic climatisation, 3 zones",
    "Parking sensors": "Front, Camera, Rear, Self-steering systems",
    "Airbags": "Front and Side and More Airbags",
    "Colour (Manufacturer)": "Alpinweiß",
    "Colour": "White",
    "Interior Design": "Full leather, Black",
    "Weight": "1,940 kg",
    "Tank capacity": "59 l",
    "Energy consumption (comb.)": "10.4 l/100km",
    "CO₂ emissions (comb.)": "235 g/km"
  },
  "features": [
    "ABS",
    "Adaptive cornering lights",
    "Alarm system",
    "Alloy wheels",
    "Ambient lighting",
    "Android Auto",
    "Apple CarPlay",
    "Arm rest",
    "Autom. dimming interior mirror",
    "Bluetooth",
    "Cargo barrier",
    "Central locking",
    "Cruise control",
    "DAB radio",
    "Digital cockpit",
    "Distance warning system",
    "Dynamic chassis control",
    "Electric seat adjustment",
    "Electric side mirror",
    "Electric tailgate",
    "Electric windows",
    "Emergency brake assist",
    "Emergency call system",
    "ESP",
    "Fatigue warning system",
    "Four-wheel drive",
    "Full Service History",
    "Hands-free kit",
    "Head-up display",
    "Heated seats",
    "High beam assist",
    "Hill-start assist",
    "Immobilizer",
    "Induction charging for smartphones",
    "Integrated music streaming",
    "Isofix",
    "Keyless central locking",
    "Lane change assist",
    "Leather steering wheel",
    "LED headlights",
    "LED running lights",
    "Light sensor",
    "Lumbar support",
    "Multifunction steering wheel",
    "Navigation system",
    "Non-smoker vehicle",
    "On-board computer",
    "Paddle shifters",
    "Particulate filter",
    "Power Steering",
    "Rain sensor",
    "Rear traffic alert",
    "Roof rack",
    "Sound system",
    "Speed limit control system",
    "Sport seats",
    "Sports package",
    "Sports suspension",
    "Start-stop system",
    "Tinted windows",
    "Touchscreen",
    "Traction control",
    "Traffic sign recognition",
    "Tuner/radio",
    "Tyre pressure monitoring",
    "USB port",
    "Voice control",
    "WLAN / Wi-Fi hotspot"
  ]
},
{
  "title": "BMW M3 Competition M xDrive Touring M Sportpaket Har",
  "previewImage": "https://img.classistatic.de/api/v1/mo-prod/images/b9/b939d994-7e2d-49f8-9177-a2f12231230b?rule=mo-1600.jpg",
  "category": "EstateCar",
  "brand": "BMW",
  "model": "M3",
  "url": "https://suchen.mobile.de/fahrzeuge/details.html?id=416790098",
  "price.total.amount": 88450,
  "priceRating": {
    "rating": "Good price",
    "priceRanges": {
      "Very good price": {
        "start": 65301,
        "end": 84900
      },
      "Good price": {
        "start": 84901,
        "end": 91400
      },
      "Fair price": {
        "start": 91401,
        "end": 101700
      },
      "Increased price": {
        "start": 101701,
        "end": 109200
      },
      "High price": {
        "start": 109201,
        "end": 121300
      }
    }
  },
  "description": "Antrieb, Fahrwerk\nAdaptives M Fahrwerk\nAllrad\nBremsanlage: Compound - M Bremssystem (Bremssättel Schwarz)\nM Drive Professional\nM Sportdifferenzial\nSportfahrwerk\n\nAußenausstattung\nDachreling Hochglanz Shadow-Line\nLM-Felgen\nSonnenschutzverglasung (hinten abgedunkelt)\n\nEditionen und Pakete\nAblagenpaket\nConnected Package Professional (laufzeitgebundener Dienst)\nConnectedDrive Services (laufzeitgebundener Dienst)\nGepäckraum-Paket\nInnovations-Paket (2)\n\nExterieur\nDach und Spiegelkappen schwarz\nDachreling\n\nFahrerassistenz\nFahrassistenz-System: Driving Assistant Professional\nGesetzlicher Notruf\nHead-Up Display\nParkassistent-Paket Plus\nRückfahrkamera\nSpurverlassenswarnung\nSpurwechselwarnung\nTeleservices\n\nIndividualumfänge\nM Dachreling Hochglanz Shadow Line\nM Hochglanz Shadow Line\nM Hochglanz Shadow Line mit erweiterten Umfängen\nScheinwerfer BMW Individual Shadow-Line\n\nKomfort, Innenausstattung\nAbstandsregeltempomat\nAmbiente-Beleuchtung\nAußenspiegel elektr. anklappbar\nBMW Live Cockpit Professional\nDurchladeeinrichtung (Mittelarmlehne hinten)\nDurchladesystem\nEinparkhilfe selbstlenkendes System\nFensterheber elektrisch vorn + hinten\nFensterheber, elektrisch\nFondkopfstützen klappbar\nFreisprecheinrichtung Bluetooth mit USB-/Audio-Schnittstelle\nGalvanikapplikation für Bedienelemente\nGeschwindigkeits-Regelanlage mit Bremsfunktion\nHead-up-Display Full Color\nInduktionsladeschale für Smartphone (Wireless Charging)\nInnen- und Außenspiegelpaket\nInnenspiegel mit Abblendautomatik\nIsofix-Aufnahmen für Kindersitz\nKeyless Entry\nKlimaautomatik\nKlimaautomatik 3-Zonen mit autom. Umluft-Control\nKomfortzugang (Öffnungs- und Schließsystem)\nLeder\nLederlenkrad\nLendenwirbelstütze Sitz vorn links und rechts, elektr. verstellbar\nLenkrad (Leder) mit Multifunktion M-Technic\nLenkrad heizbar\nLicht- und Regensensor\nLordose\nLordosenstütze für Fahrer und Beifahrer\nM Sicherheitsgurte\nM Sportsitze\nMultifunktion für Lenkrad\nMultifunktionslenkrad\nRadioempfang digital (DAB+)\nScheibenwischer mit Regensensor\nService-System: Augmented Reality für Navigation\nSitzheizung für Fahrer und Beifahrer\nSitzverstellung elektrisch mit Memory für Fahrersitz\nSonnenschutzverglasung\nSportsitze\nSpurhalteassistent\nTempomat\nVerglasung Akustikglas\nZentralverriegelung\n\nMultimedia\nBluetooth\nBMW Live Cockpit Professional (laufzeitgebundener Dienst)\nDAB Tuner\nFreisprecheinrichtung\nHarman Kardon Surround Sound System\nNavigationssystem\nRadio\nTelefon\nUSB Schnittstelle\n\nRäder\nAlufelgen\nLM-Felgen vorn/hinten: 9,5x19 / 10,5x20 (Doppelspeichen 826 M, Bicolor, Schwarz)\nRadschraubensicherung\nReifenreparatur Set\n\nSitzbezug\nLeder Merino Schwarz/Schwarz\n\nSonstiges\n19\"/20\" M Schmiederäder Doppelspeiche 826 M Bicolor Schwarz / MB\nAblage für Wireless Charging\nActive Guard\nActive Protection\nAdaptiver LED-Scheinwerfer\nAkustikverglasung\nBlow by-Heizer\nBMW Digital Key\nDekodierung Zusatzfunktionen\nDeutsch / Bordliteratur\nDeutschland-Ausfuehrung\nDriving Assistant Professional\nElektrisch verstellbare Spiegel\nEU-spezifische Zusatzumfaenge\nFahrassistenz-System: aktiver Spurhalteassistent\nFahrassistenz-System: Ampel-Erkennung\nFahrassistenz-System: Ausweich-Assistent\nFahrassistenz-System: Einparkhilfe Seite\nFahrassistenz-System: Falschfahrwarnung\nFahrassistenz-System: Frontkollisionswarnung\nFahrassistenz-System: Heckaufprall-Vermeidung (Prävention Heckkollision)\nFahrassistenz-System: Kreuzungs-Assistent\nFahrassistenz-System: Park-Assistent\nFahrassistenz-System: Querverkehrs-Assistent\nFahrassistenz-System: Rückfahr-Assistent\nFahrassistenz-System: Rückfahrhilfe Notbremsfunktion (Active PDC)\nFahrassistenz-System: Spurwechselassistent\nFahrassistenz-System: Spurwechsel-Warnsystem\nFernlichtassistent\nGepäckraumpaket\nGeschwindigkeits-Regelanlage, Aktiv mit Stop&Go-Funktion\nInduktionsladen für Smartphones\nInnovationspaket\nInstrumententafel Luxury\nKaeltemittel\nKilometertacho\nKomfortzugang\nLenkradheizung\nM Compound-Bremse, schwarz hochglänzend\nM Interieurleisten Aluminium Rhombicle Anthrazit\nM Leuchten Shadow Line\nMetallic-Lackierung\nÖlwartungsintervall 24 Monate/30.000 km\nParking Assistant Plus\nPersonal eSIM\nReifendruckkontrollsystem\nRückfahrkamera\nRückfahrkamera (Top View)\nService-System: Remote 3D View\nSitzbezug / Polsterung: Leder Merino Schwarz\nSteuerung EfficientDynamics\nSteuerung Infotainment\nSteuerung Karosserie\nSurround-Kamerasystem (Surround View)\n\nUmwelt, Sicherheit\nAbgasnorm EU6 RDE II\nABS\nAktiver Fußgängerschutz\nAlarmanlage mit Fernbedienung\nAuto Start/Stop Funktion \nBeifahrerairbag\nBeifahrerairbag-Deaktivierung\nESP\nFahrassistenz-System: Fernlichtassistent\nFahrerairbag\nInnenspiegel automatisch abblendend\nKindersitzbefestigung ISOFIX\nKopfairbag\nLED-Scheinwerfer\nLichtsensor\nNotbremsassistent\nPASM\nRegensensor\nReifendruck-Kontrolle\nScheinwerfer LED mit adaptiver Lichtverteilung\nSeitenairbag\nSicherheitssystem Active Protection\nTraction Control\nWarndreieck\nIrrtümer und Zwischenverkauf vorbehalten.",
  "dealerDetails": {
    "id": 457453,
    "name": "Autohaus Unterberger GmbH",
    "sellerType": "Dealer",
    "phones": [
      "+49 (0)8031 350944046"
    ],
    "languages": [
      "Deutsch",
      "English"
    ],
    "country": "DE",
    "address": "Sepp-Heindl-Strasse 2, DE-83026 Rosenheim",
    "location": {
      "latitude": 47.8432107,
      "longitude": 12.0839006
    },
    "activeSince": "2003-01-09T00:00:00.000Z",
    "homepageUrl": "https://home.mobile.de/home/redirect.html?customerId=457453",
    "iconUrl": "https://img.classistatic.de/api/v1/mo-prod/images/4a/4a312e72-83bf-4c8e-ad5e-2e21475792dd?rule=mo-640.jpg",
    "reviewPageUrl": "https://www.mobile.de/bewertungen/UNTERBERGER-GMBH?lang=en",
    "score": {
      "total": 4.6,
      "responseTime": 4.7,
      "friendliness": 4.6,
      "advice": 4.4
    },
    "activeRatingCount": 26,
    "vehicleAsDescribedPercentage": 95,
    "recommendPercentage": 87,
    "soldVehicleCount": null,
    "reviews": []
  },
  "attributes": {
    "Vehicle condition": "Used vehicle, Accident-free",
    "Category": "Estate car, Employee's Car",
    "Model range": "G81",
    "Trim line": "M xDrive Touring M Sportpaket Harman/Kardon LED Parkas…",
    "Vehicle Number": "196486",
    "Availability": "Now",
    "Origin": "German edition",
    "Mileage": "19,929 km",
    "Cubic Capacity": "2,993 ccm",
    "Power": "390 kW (530 hp)",
    "Drive type": "Internal combustion engine",
    "Fuel": "Petrol, E10-enabled",
    "Number of Seats": "5",
    "Door Count": "4/5",
    "Transmission": "Automatic",
    "Emission Class": "Euro6",
    "First Registration": "07/2024",
    "Construction Year": "2024",
    "Number of Vehicle Owners": "1",
    "HU": "New",
    "Climatisation": "Automatic climatisation, 3 zones",
    "Parking sensors": "Self-steering systems, Rear, 360° camera, Front",
    "Airbags": "Front and Side and More Airbags",
    "Colour (Manufacturer)": "Skyscraper Grau",
    "Colour": "Grey Metallic",
    "Interior Design": "Full leather, Black",
    "Weight": "1,940 kg",
    "Cylinders": "6",
    "Tank capacity": "59 l"
  },
  "features": [
    "ABS",
    "Adaptive Cruise Control",
    "Adaptive lighting",
    "Alarm system",
    "Alloy wheels",
    "Ambient lighting",
    "Arm rest",
    "Autom. dimming interior mirror",
    "Blind spot assist",
    "Bluetooth",
    "Central locking",
    "DAB radio",
    "Digital cockpit",
    "Distance warning system",
    "Dynamic chassis control",
    "Electric seat adjustment",
    "Electric side mirror",
    "Electric windows",
    "Eletric seat adjustment with memory function",
    "Emergency brake assist",
    "Emergency call system",
    "ESP",
    "Four-wheel drive",
    "Full Service History",
    "Glare-free high beam headlights",
    "Hands-free kit",
    "Head-up display",
    "Heated seats",
    "Heated steering wheel",
    "High beam assist",
    "Hill-start assist",
    "Immobilizer",
    "Induction charging for smartphones",
    "Isofix",
    "Keyless central locking",
    "Lane change assist",
    "Leather steering wheel",
    "LED headlights",
    "LED running lights",
    "Light sensor",
    "Lumbar support",
    "Multifunction steering wheel",
    "Navigation system",
    "On-board computer",
    "Particulate filter",
    "Power Steering",
    "Rain sensor",
    "Roof rack",
    "Sound system",
    "Speed limit control system",
    "Sport seats",
    "Sports suspension",
    "Start-stop system",
    "Tinted windows",
    "Touchscreen",
    "Traction control",
    "Tuner/radio",
    "Tyre pressure monitoring",
    "USB port",
    "Voice control",
    "Warranty"
  ]
},
{
  "title": "BMW M3 Touring FACELIFT 19\"/20\" DA Prof. HUD PA+ H/K",
  "previewImage": "https://img.classistatic.de/api/v1/mo-prod/images/09/09957372-667f-425a-a3a7-79a0de578d92?rule=mo-1600.jpg",
  "category": "EstateCar",
  "brand": "BMW",
  "model": "M3",
  "url": "https://suchen.mobile.de/fahrzeuge/details.html?id=430103487",
  "price.total.amount": 88440,
  "priceRating": {
    "rating": "Good price",
    "priceRanges": {
      "Very good price": {
        "start": 65201,
        "end": 84700
      },
      "Good price": {
        "start": 84701,
        "end": 91200
      },
      "Fair price": {
        "start": 91201,
        "end": 101500
      },
      "Increased price": {
        "start": 101501,
        "end": 108900
      },
      "High price": {
        "start": 108901,
        "end": 121000
      }
    }
  },
  "description": "Sonstiges\nDifferenzialsperre\nElektrisch verstellbare Spiegel\nInduktionsladen für Smartphones\nKlimaautomatik 3 Zonen\nMüdigkeitswarnsystem\nNotrufsystem\nReifendruckkontrollsystem\n\nAntrieb, Fahrwerk\nAllrad\nSportfahrwerk\n\nExterieur\nDachreling\nElektrische Gepäckraumklappe\n\nFahrerassistenz\nHead-Up Display\nRückfahrkamera\nSpurverlassenswarnung\nSpurwechselwarnung\n\nKomfort, Innenausstattung\nAbstandsregeltempomat\nDurchladesystem\nEinparkhilfe selbstlenkendes System\nFensterheber, elektrisch\nKeyless Entry\nKlimaanlage\nKlimaautomatic\nLeder\nLederlenkrad\nLenkradheizung\nLordose\nMultifunktionslenkrad\nSitzheizung\nSitzverstellung, elektrisch fuer Fahrer und Beifahrer\nSportsitze\nSpurhalteassistent\nTempomat\nZentralverriegelung\n\nMultimedia\nBluetooth\nDAB Tuner\nFreisprecheinrichtung\nNavigationssystem\nRadio\nSurround-Sound-System\nTelefon\nUSB Schnittstelle\n\nRäder\nAlufelgen\n\nSitzbezug\nLeder Merino Schwarz/Schwarz\n\nUmwelt, Sicherheit\nABS\nAirbag Fahrer/Beifahrer\nAlarmanlage\nAuto Start/Stop Funktion \nBeifahrerairbag\nBeifahrerairbag-Deaktivierung\nDiebstahlwarnanlage\nESP\nFahrerairbag\nFernlichtassistent\nInnenspiegel, automatisch abblendend\nKindersitzbefestigung ISOFIX\nKopfairbag\nLED-Scheinwerfer\nLichtsensor\nNotbremsassistent\nPASM\nRegensensor\nReifen Druck Control (RDC)\nSeitenairbag\nTraction Control\n\nSonderausstattung\nMetallic-Lackierung\nS0248 Lenkradheizung\nS03KA Akustikverglasung\nS03MF M Leuchten Shadow Line\nS05AC Fernlichtassistent\nS05AL Active Protection\nS05AU Driving Assistant Professional\nS05DN Parking Assistant Plus\nS06DR BMW Drive Recorder\nS07A2 Innovationspaket Sonderausstattung ab Werk\n19'/20' M Schmiederäder Doppelspeiche 826 M Schwarz mit Mischbereifung\nM Sportdifferenzial\nReifenreparatur Set\nAdaptives Fahrwerk\nAlarmanlage\nKomfortzugang\nM Dachreling Hochglanz shadow line\nSonnenschutzverglasung\nInnen- und Außenspiegelpaket\nInnenspiegel.automatisch abblendend\nSitzverstellung elektrisch mit Memory\nLordosenstütze für Fahrer und Beifahrer\nAblagenpaket\nSitzheizung für Fahrer und Beifahrer\nM Sicherheitsgurte\nM Interieurleisten Aluminium Rhombicle Antrazit\nGalvanikapplikation für Bedienelemente\nKlimaautomatik\nAdaptiver LED-Scheinwerfer\nHarman Kardon Surround Sound System\nWireless Charging Ablage\nBMW Live Cockpit Professional\nM Sportsitze\nM Hochglanz Shadow Line\nM Dachhimmel anthrazit\nBMW Individual Hochglanz Shadow Line Serienaustattung\nElektrische Heckklappen-Zuziehhilfe\nElektr. Sitz-Memory für Außenspiegel\nGeschwindigkeitsregelanlage\nEinparkhilfe vorne Sensor, Einparkhilfe hinten Sensor & Kamera, Einparkhilfe seitlich Sensor\nTagfahrlicht\nKopf-/Dach Airbag vorn und hinten\nDachreling getönt\nFahrer-Airbag, Beifahrer-Airbag mit Deaktivierung für Beifahrerairbag\nSeiten-Airbag vorne\nArmlehne für Rücksitze\nFahrersitz Sportsitz mit sieben elektr. Verstellmöglichkeiten, Sitzheizung, Lehnenneigungsverstellung mit Memory, Längsverstellung mit Memory und Längsverstellung mit Memory 2-Wege elektrisch mit Sitzflächenneigungsverstellung mit Memory und mechanischer Oberschenkelauflage, Beifahrersitz Sportsitz mit sieben elektr. Verstellmöglichkeiten, Sitzheizung, elektrischer Lehnenneigungsverstellung, elektrischer Längsverstellung und elektrischer Höhenverstellung 2-Wege elektrisch mit elektrischer Sitzflächenneigungsverstellung und mechanischer Oberschenkelauflage\nSportfahrwerk\nAktive Radaufhängung mit wählbarer Einstellung elektronisch\nNavigationssystem mit Bedienung über Touch Screen, Datenquelle: Internet (Farbe), 14,90 Zoll-Bildschirm, Verkehrsinformation und Verkehrsinfo Monate inklusive: 24\nSportauspuff\nSprachbedienung herstellereigen\nTelematik mit automatischem Notruf, mit SIM im Fahrzeug, Tracking System, Concierge Service Monate inkl.: und Pannenhilfe\nPartikelfilter\nKnie-Airbags Fahrer\nLokale Sprache Deutsch, BMW, 3er-Reihe, M3 Competion M xDrive Touring, M3 Competion und M3 Competion M xDrive Touring\nCrash Warnsystem aktiviert Bremslicht, Müdigkeitswarnung, automatische Notbremsung, Bremst bei niedriger Geschwindigkeit Mindestgeschw. Zur Aktivierung: 5 km/h Fußgängerschutz, visuelle/akustische Warnung, Funktion über 130 km/h 78 mph, Funktion über 50 km/h 30 mph und Funktion unter 50 km/h 30 mph\nBluetooth\nStart/Stop\nSpurassistent aktiviert Lenkung\nSichtschutzglas hinten und Seite hinten\nEinparkassistent hinten und vollautomatisches Ein- und Ausparken 90°\n* Multi-Funktions-Monitor mit 12,30 Zoll Bildschirm Kombi-Instrumente 1, Bildschirmgröße (cm):, Wahlrad und beinhaltet Augmented Reality, Multi-Funktions-Monitor mit 14,90 Zoll Bildschirm undIrrtümer und Zwischenverkauf vorbehalten.",
  "dealerDetails": {
    "id": 460500,
    "name": "Autohaus Muhra GmbH",
    "sellerType": "Dealer",
    "phones": [
      "+49 (0)208 3067924432"
    ],
    "languages": [
      "Deutsch",
      "Pусский",
      "Slovenščina",
      "English",
      "Türkçe"
    ],
    "country": "DE",
    "address": "Im Erlengrund 1, DE-46149 Oberhausen",
    "location": {
      "latitude": 51.5164652,
      "longitude": 6.819407
    },
    "activeSince": "1998-10-17T00:00:00.000Z",
    "homepageUrl": "https://home.mobile.de/home/redirect.html?customerId=460500",
    "iconUrl": "https://img.classistatic.de/api/v1/mo-prod/images/bc/bcca3056-e92f-4a0f-b164-9a70a9b412ea?rule=mo-640.jpg",
    "reviewPageUrl": "https://www.mobile.de/bewertungen/MUHRA?lang=en",
    "score": {
      "total": 4.7,
      "responseTime": 4.6,
      "friendliness": 4.7,
      "advice": 4.6
    },
    "activeRatingCount": 150,
    "vehicleAsDescribedPercentage": 97,
    "recommendPercentage": 95,
    "soldVehicleCount": null,
    "reviews": []
  },
  "attributes": {
    "Vehicle condition": "Used vehicle, Accident-free",
    "Category": "Estate car, Employee's Car",
    "Model range": "G81",
    "Trim line": "FACELIFT 19\"/20\" DA Prof. HUD PA+ H/K",
    "Vehicle Number": "039113",
    "Availability": "Now",
    "Origin": "German edition",
    "Mileage": "20,163 km",
    "Cubic Capacity": "2,993 ccm",
    "Power": "390 kW (530 hp)",
    "Drive type": "Internal combustion engine",
    "Fuel": "Petrol, E10-enabled",
    "Number of Seats": "5",
    "Door Count": "4/5",
    "Transmission": "Automatic",
    "Emission Class": "Euro6",
    "Emissions Sticker": "4 (Green)",
    "First Registration": "07/2024",
    "Construction Year": "2024",
    "Number of Vehicle Owners": "1",
    "HU": "New",
    "Climatisation": "Automatic climatisation, 3 zones",
    "Parking sensors": "Camera, Self-steering systems, Front, Rear",
    "Airbags": "Front and Side and More Airbags",
    "Colour (Manufacturer)": "Saphirschwarz metallic",
    "Colour": "Black Metallic",
    "Interior Design": "Full leather, Black",
    "Weight": "1,940 kg",
    "Cylinders": "6",
    "Tank capacity": "59 l"
  },
  "features": [
    "ABS",
    "Adaptive Cruise Control",
    "Alarm system",
    "Alloy wheels",
    "Ambient lighting",
    "Android Auto",
    "Apple CarPlay",
    "Arm rest",
    "Autom. dimming interior mirror",
    "Blind spot assist",
    "Bluetooth",
    "Cargo barrier",
    "Central locking",
    "DAB radio",
    "Digital cockpit",
    "Distance warning system",
    "Dynamic chassis control",
    "Electric seat adjustment",
    "Electric side mirror",
    "Electric tailgate",
    "Electric windows",
    "Eletric seat adjustment with memory function",
    "Emergency brake assist",
    "Emergency call system",
    "ESP",
    "Fatigue warning system",
    "Four-wheel drive",
    "Full Service History",
    "Glare-free high beam headlights",
    "Hands-free kit",
    "Head-up display",
    "Heated seats",
    "Heated steering wheel",
    "High beam assist",
    "Hill-start assist",
    "Immobilizer",
    "Induction charging for smartphones",
    "Integrated music streaming",
    "Isofix",
    "Keyless central locking",
    "Lane change assist",
    "Leather steering wheel",
    "LED headlights",
    "LED running lights",
    "Light sensor",
    "Lumbar support",
    "Multifunction steering wheel",
    "Navigation system",
    "Non-smoker vehicle",
    "On-board computer",
    "Paddle shifters",
    "Particulate filter",
    "Power Steering",
    "Rain sensor",
    "Rear traffic alert",
    "Roof rack",
    "Sound system",
    "Speed limit control system",
    "Sport seats",
    "Sports package",
    "Sports suspension",
    "Start-stop system",
    "Summer tyres",
    "Tinted windows",
    "Touchscreen",
    "Traction control",
    "Traffic sign recognition",
    "Tuner/radio",
    "Tyre pressure monitoring",
    "USB port",
    "Voice control",
    "Warranty"
  ]
},
{
  "title": "BMW M3 Competition M xDrive Touring Harman/K Laser",
  "previewImage": "https://img.classistatic.de/api/v1/mo-prod/images/22/22115289-a567-4569-92f3-607d44d35298?rule=mo-1600.jpg",
  "category": "EstateCar",
  "brand": "BMW",
  "model": "M3",
  "url": "https://suchen.mobile.de/fahrzeuge/details.html?id=428757299",
  "price.total.amount": 88695,
  "priceRating": {
    "rating": "Fair price",
    "priceRanges": {
      "Very good price": {
        "start": 60001,
        "end": 78000
      },
      "Good price": {
        "start": 78001,
        "end": 84000
      },
      "Fair price": {
        "start": 84001,
        "end": 93400
      },
      "Increased price": {
        "start": 93401,
        "end": 100300
      },
      "High price": {
        "start": 100301,
        "end": 111400
      }
    }
  },
  "description": "Antrieb, Fahrwerk\nAdaptives M Fahrwerk\nAllrad\nM Sportdifferenzial\n\nAußenausstattung\nDachreling Hochglanz Shadow-Line\nHeckklappenbetätigung automatisch\nWärme-/Sonnenschutzverglasung\n\nEditionen und Pakete\nAblagenpaket\nConnected Package Professional (laufzeitgebundener Dienst)\nConnectedDrive Services (laufzeitgebundener Dienst)\nExterieur-Paket M Carbon\nGepäckraum-Paket\nInnovations-Paket\n\nExterieur\nDach und Spiegelkappen schwarz\n\nFahrerassistenz\nFahrassistenz-System: Driving Assistant Professional\nGesetzlicher Notruf\nParkassistent-Paket Plus\nTeleservices\n\nIndividualumfänge\nM Dachreling Hochglanz Shadow Line\nM Hochglanz Shadow Line\nM Hochglanz Shadow Line mit erweiterten Umfängen\n\nKomfort, Innenausstattung\nAmbiente-Beleuchtung\nAußenspiegel elektr. anklappbar\nAußenspiegel elektr. verstell- und heizbar\nBordcomputer\nDAB-Tuner (Radioempfang digital)\nDurchladeeinrichtung (Mittelarmlehne hinten)\nDurchladesystem\nEinparkhilfe Sensoren hinten\nEinparkhilfe Sensoren vorne\nFensterheber elektrisch\nFensterheber, elektrisch\nFondkopfstützen klappbar\nFreisprecheinrichtung Bluetooth mit USB-/Audio-Schnittstelle\nGalvanikapplikation für Bedienelemente\nGeschwindigkeits-Begrenzeranlage (Speed Limit Device)\nInduktionsladeschale für Smartphone (Wireless Charging)\nInnen- und Außenspiegelpaket\nInnenausstattung: Interieurleisten Carbon\nInnenspiegel mit Abblendautomatik\nIsofix-Aufnahmen für Kindersitz an Rücksitz\nKlimaautomatik\nKlimaautomatik 3-Zonen mit autom. Umluft-Control\nKomfortzugang (Öffnungs- und Schließsystem)\nLendenwirbelstütze Sitz vorn links und rechts, elektr. verstellbar\nLordosenstütze für Fahrer und Beifahrer\nM Sportsitze\nSicherheitsgurte M\nSitzheizung für Fahrer und Beifahrer\nSitzverstellung elektrisch mit Memory für Fahrersitz\nSkisack\nSonnenschutzverglasung (hinten abgedunkelt)\nVerglasung Akustikglas\n\nMultimedia\nBMW Live Cockpit Professional\nBordcomputer\nDAB Tuner\nFreisprecheinrichtung\nSound-System Harman-Kardon\nTelefon\n\nRäder\nLM-Felgen\nRadschraubensicherung\n\nSitzbezug\nVollleder Merino Silverstone/Schwarz\n\nSonstiges\n19\"/20\" M Schmiederäder Doppelspeiche 826 M Schwarz / MB\nAbdeckkappen Außenspiegel M Carbon\nAblage für Wireless Charging\nABS\nActive Guard\nActive Protection\nAkustikverglasung\nBMW Curved Display\nBMW Laserlicht\nBMW Live Cockpit Professional (laufzeitgebundener Dienst)\nBremsanlage: Compound - M Bremssystem (Bremssättel Rot)\nCOC Zusatzumfänge\nControl-Display mit Farbmonitor (14,9 Zoll)\nDriving Assistant Professional\nElektrisch verstellbare Spiegel\nFahrassistenz-System: aktiver Spurhalteassistent\nFahrassistenz-System: Ampel-Erkennung\nFahrassistenz-System: Ausweich-Assistent\nFahrassistenz-System: Driving Assistant\nFahrassistenz-System: Falschfahrwarnung\nFahrassistenz-System: Frontkollisionswarnung\nFahrassistenz-System: Heckaufprall-Vermeidung (Prävention Heckkollision)\nFahrassistenz-System: Kreuzungs-Assistent\nFahrassistenz-System: Querverkehrs-Assistent\nFahrassistenz-System: Rückfahr-Assistent\nFahrassistenz-System: Spurwechselassistent\nFahrassistenz-System: Spurwechsel-Warnsystem\nFahrerairbag\nFernlichtassistent\nGepäckraumpaket\nGeschwindigkeits-Regelanlage, Aktiv mit Stop&Go-Funktion\nHarman Kardon Surround Sound System\nHeckdiffusor Carbon\nInnovationspaket\nKomfortzugang\nLeder\nM Carbon Exterieurpaket\nM Compound-Bremse, rot hochglänzend\nM Drive Professional\nM Interieurleisten 'Carbon Fibre'\nM Leuchten Shadow Line\nM Sicherheitsgurte\nMetallic-Lackierung\nMultifunktionslenkrad\nÖlwartungsintervall 24 Monate/30.000 km\nParking Assistant Plus\nPersonal eSIM\nPersonalisierungssystem (Personal eSIM)\nRückfahrkamera (Top View)\nScheinwerfer BMW Individual Shadow-Line\nSeitenairbag\nSitzheizung\nSonnenschutzverglasung\nSportfahrwerk\nSportsitze\nSteuerung D\nSteuerung FAS 18\nSteuerung G\nSurround-Kamerasystem (Surround View)\nWegfahrsperre\nZentralverriegelung\n\nUmwelt, Sicherheit\nAbgasnorm EU6 RDE II\nAktiver Fussgängerschutz\nAlarmanlage mit Fernbedienung\nBeifahrerairbag\nBeifahrerairbag-Deaktivierung\nESP\nFahrassistenz-System: Fernlichtassistent\nInnenspiegel automatisch abblendend\nKindersitzbefestigung ISOFIX\nPASM\nRegensensor\nReifendruck-Kontrolle\nScheinwerfer Laserlicht\nSicherheitssystem Active Protection\nTraction Control\nWarndreieck\n\nFinanzierungsbeispiel\n\nMtl. Finanzierungsrate: 949,00 EUR\nAnzahlung: 17.926,27 EUR\nLaufzeit: 36 Monate\nZielrate: 45.234,45 EUR\nNettodarlehensbetrag: 70.768,73 EUR\nSollzinssatz p.a.: 4,40% (gebunden für die gesamte Vertragslaufzeit)\nEffektiver Jahreszins: 4,49%\nGesamtbetrag: 78.449,45 EUR\nEin unverbindliches Finanzierungsbeispiel der BMW Bank GmbH, Lilienthalallee 26, 80939 München.\n\n\nBrutto-Neupreis : 119.920,00 EUR\nAngebot-Winterkompletträder:\nhttps://t1p.de/Winterrad-Angebot-NX725107\n\nDigitale BMW Broschüre\nHochauflösende Bilder und Videos des Fahrzeugs\nBroschüre öffnen:\nhttps://webfrontend.evecp.bmw.cloud/3vy1j6d1\nhttps://t1p.de/Expose-NX725107\n\nEhemaliger Listenpreis: 119.920 EURIrrtümer und Zwischenverkauf vorbehalten.",
  "dealerDetails": {
    "id": 461419,
    "name": "Bayerische Motoren Werke Aktiengesellschaft - BMW Niederlassung Nürnberg",
    "sellerType": "Dealer",
    "phones": [
      "+49 (0)911 4773780008"
    ],
    "languages": [
      "Deutsch",
      "English",
      "Română",
      "Türkçe"
    ],
    "country": "DE",
    "address": "Max-Ottenstein-Strasse 1, DE-90441 Nürnberg",
    "location": {
      "latitude": 49.43096999999999,
      "longitude": 11.041609
    },
    "activeSince": "2003-05-19T00:00:00.000Z",
    "homepageUrl": "https://home.mobile.de/home/redirect.html?customerId=461419",
    "iconUrl": "https://img.classistatic.de/api/v1/mo-prod/images/ab/ab8115eb-1313-4152-b3c1-529bb4deaab9?rule=mo-640.jpg",
    "reviewPageUrl": "https://www.mobile.de/bewertungen/BMW-GROUP-NUERNBERG?lang=en",
    "score": {
      "total": 4.5,
      "responseTime": 4.5,
      "friendliness": 4.5,
      "advice": 4.3
    },
    "activeRatingCount": 48,
    "vehicleAsDescribedPercentage": 92,
    "recommendPercentage": 89,
    "soldVehicleCount": null,
    "reviews": []
  },
  "attributes": {
    "Vehicle condition": "Used vehicle",
    "Category": "Estate car",
    "Model range": "G81",
    "Trim line": "M xDrive Touring Harman/K Laser",
    "Vehicle Number": "NX725107",
    "Availability": "Now",
    "Origin": "German edition",
    "Mileage": "17,495 km",
    "Cubic Capacity": "2,993 ccm",
    "Power": "375 kW (510 hp)",
    "Drive type": "Internal combustion engine",
    "Fuel": "Petrol, E10-enabled",
    "Number of Seats": "5",
    "Door Count": "4/5",
    "Transmission": "Automatic",
    "Emission Class": "Euro6d",
    "Emissions Sticker": "4 (Green)",
    "First Registration": "03/2024",
    "Construction Year": "2024",
    "Number of Vehicle Owners": "1",
    "HU": "03/2027",
    "Climatisation": "Automatic climatisation, 3 zones",
    "Parking sensors": "Rear, Front, Self-steering systems, 360° camera",
    "Airbags": "Front and Side and More Airbags",
    "Colour (Manufacturer)": "M Brooklyn Grau",
    "Colour": "Grey Metallic",
    "Interior Design": "Full leather, Black",
    "Weight": "1,940 kg",
    "Cylinders": "6",
    "Tank capacity": "59 l"
  },
  "features": [
    "ABS",
    "Adaptive cornering lights",
    "Adaptive Cruise Control",
    "Alarm system",
    "Alloy wheels",
    "Ambient lighting",
    "Arm rest",
    "Autom. dimming interior mirror",
    "Blind spot assist",
    "Bluetooth",
    "Central locking",
    "DAB radio",
    "Digital cockpit",
    "Distance warning system",
    "Dynamic chassis control",
    "Electric seat adjustment",
    "Electric side mirror",
    "Electric tailgate",
    "Electric windows",
    "Eletric seat adjustment with memory function",
    "Emergency brake assist",
    "Emergency call system",
    "ESP",
    "Fatigue warning system",
    "Four-wheel drive",
    "Glare-free high beam headlights",
    "Hands-free kit",
    "Heated seats",
    "High beam assist",
    "Hill-start assist",
    "Immobilizer",
    "Induction charging for smartphones",
    "Isofix",
    "Keyless central locking",
    "Lane change assist",
    "Laser headlights",
    "Leather steering wheel",
    "Light sensor",
    "Lumbar support",
    "Multifunction steering wheel",
    "Navigation system",
    "On-board computer",
    "Particulate filter",
    "Power Steering",
    "Rain sensor",
    "Roof rack",
    "Ski bag",
    "Sound system",
    "Speed limit control system",
    "Sport seats",
    "Sports suspension",
    "Start-stop system",
    "Tinted windows",
    "Touchscreen",
    "Traction control",
    "Tuner/radio",
    "Tyre pressure monitoring",
    "USB port",
    "Voice control",
    "Warranty"
  ]
},
{
  "title": "BMW M3 Competion M xDrive Touring AC Schnitzer Endsc",
  "previewImage": "https://img.classistatic.de/api/v1/mo-prod/images/b0/b0fe51bc-4936-4dd1-a5ab-306ddcef183c?rule=mo-1600.jpg",
  "category": "EstateCar",
  "brand": "BMW",
  "model": "M3",
  "url": "https://suchen.mobile.de/fahrzeuge/details.html?id=430230099",
  "price.total.amount": 88830,
  "priceRating": {
    "rating": "Fair price",
    "priceRanges": {
      "Very good price": {
        "start": 59201,
        "end": 76900
      },
      "Good price": {
        "start": 76901,
        "end": 82800
      },
      "Fair price": {
        "start": 82801,
        "end": 92100
      },
      "Increased price": {
        "start": 92101,
        "end": 98900
      },
      "High price": {
        "start": 98901,
        "end": 109900
      }
    }
  },
  "description": "Sonderausstattung:\nM Carbon Schalensitze\nM Carbon Exterieurpaket\nVollleder Merino Schwarz\nBMW Laserlicht\nM Interieurleisten Carbon Fibre\nBMW Live Cockpit Professional\nMetallic-Lackierung\nDriving Assistant\nKomfortzugang\nParking Assistant\nHarman Kardon Surround Sound System\nSonnenschutzverglasung\nM Leuchten Shadow Line\nFernlichtassistent\n\nSerienausstattung:\nZehn Lautsprecher Subwoofer\nBordcomputer mit Durchschnittskraftstoffverbrauch\nLuxus-Ausstattung: Klavierlack, Klavierlack, Leder auf Türverkleidungen, Klavierlack auf Armaturenbrett\nTagfahrlicht\nKopf-/Dach Airbag vorn und hinten\nZentralverriegelung mit Schließung der elektr. Fenster\nDachreling getönt\nFahrer-Airbag, Beifahrer-Airbag mit Deaktivierung für Beifahrerairbag\nSeiten-Airbag vorne\nPremiumleder / Premiumleder\nArmlehne für Vordersitze\nArmlehne für Rücksitze\nFahrersitz Sportsitz mit sieben elektr. Verstellmöglichkeiten, Sitzheizung, Lehnenneigungsverstellung mit Memory, Längsverstellung mit Memory und Längsverstellung mit Memory 2-Wege elektrisch mit Sitzflächenneigungsverstellung mit Memory und mechanischer Oberschenkelauflage, Beifahrersitz Sportsitz mit sieben elektr. Verstellmöglichkeiten, Sitzheizung, elektrischer Lehnenneigungsverstellung, elektrischer Längsverstellung und elektrischer Höhenverstellung 2-Wege elektrisch mit elektrischer Sitzflächenneigungsverstellung und mechanischer Oberschenkelauflage\nMultifunktions-Alu & Lederlenkrad höhenverstellbar und längsverstellbar\n12V Steckdose im Gepäck/Laderaum vorne und hinten\nSportfahrwerk\nAktive Radaufhängung mit wählbarer Einstellung elektronisch\nBelüftungssystem mit digitaler Überwachung, Pollenfilter, Aktivkohlefilter und Motorvorwärmer\nGetrennte Belüftungsregelung für Beifahrerseite und hinten mit digitaler Anzeige\nKlimaanlage mit 3 Klimatisierungszonen (vollautomatisch)\nAnklappbare Außenspiegel\nElektrische Fensterheber mit Impulsschaltung für zwei Fenster vorn und hinten\nNavigationssystem mit Bedienung über Touch Screen, Datenquelle: Internet (Farbe), 14,90 Zoll-Bildschirm, Verkehrsinformation und Verkehrsinfo Monate inklusive: 24\nSportauspuff\nIsofix\nSprachbedienung herstellereigen\nElektrische Heckklappen-Zuziehhilfe\nElektronische Handbremse\nPartikelfilter\nKnie-Airbags Fahrer\nLokale Sprache Deutsch, BMW, 3er-Reihe, M3 Competion M xDrive Touring, M3 Competion und M3 Competion M xDrive Touring\nAutom. Warnblinker bei starker Bremsung\nElektr. Sitz-Memory für Außenspiegel\nCrash Warnsystem aktiviert Bremslicht, Müdigkeitswarnung, automatische Notbremsung, Bremst bei niedriger Geschwindigkeit Mindestgeschw. Zur Aktivierung: 5 km/h Fußgängerschutz, visuelle/akustische Warnung, Funktion über 130 km/h 78 mph, Funktion über 50 km/h 30 mph und Funktion unter 50 km/h 30 mph\nBluetooth\nStart/Stop\nGeschwindigkeitsregelanlage\nSpurassistent\nStartknopf\nMulti-Funktions-Monitor mit 12,30 Zoll Bildschirm Kombi-Instrumente 1, Bildschirmgröße (cm): und Wahlrad, Multi-Funktions-Monitor mit 14,90 Zoll Bildschirm und Touch-Bedienung Armaturenbrett 1, Bildschirmgröße (cm):, fix, Drehknopf, Touchpadsteuerung und nein\nLED Licht Bremslicht, Abblendlicht, Blinker, Tagfahrlicht, Rückleuchten und Fernlicht\nBeleuchtete Einstiegszone\nEnergie Rückgewinnung\nVerkehrszeichenerkennung\nAktives Differenzial Hinten\nInterner Speicher/Festplatte 320,00 GB\nFahrereinstellungen Motorcharakteristik, Lenkung, Fahrwerk, Stabilitätskontrolle und Traktionskontrolle\nBeleuchteter Make-up-Spiegel für Fahrer und Beifahrer\nFernbedienung Klimaanlage per Internet, per Telefon, mit Zeitschaltuhr, mit Heizen und mit Kühlen\nKabelloses Ladekissen\nInstallierte Apps\nApp-Steuerung\nEinparkhilfe vorne, hinten Sensor\nText - Sprache/Sprache - Text\n7 Airbags\nMobiltelefonintegration Apple CarPlay, Android Auto, Apple Monate inklusive: 999, Android Monate inklusive: 999, MirrorLink Monate inklusive: 0, Apple drahtlos und Android drahtlos\nAmbientelicht einhüllend, Farbauswahl und reaktives Licht\nWLTP Emissionen ICE, kombiniert: 232,0, kombiniert Fzg niedrig: 229,0 und kombiniert Fzg hoch: 235,0\nElektrisches System 12\nTorque vectoring Differential\nRemote Services Fensterbruchwarnung, Fahrzeug finden, Ton/Blinken, 999 Monate inklusive, Zielübertragung, Position teilen, Fahrzeugdiagnose und Fahrhistorie & Analyse\nOver air updates OS Version\nUnfalldatenschreiber\nNotruf\nLaunch Control\nOptik Schwarz um Seitenfenster und Auspuff\nUSB Ladeanschluss vorne, hinten\nTürschwellerschutz Aluminium\nSperrdifferential mit begrenztem Schlupf elektronisches und hinten\nAntriebs-Schlupf-Regelung\nMehrere Benutzerprofile\nIntegrierte Infotainmentnutzeroberfläche 24 Monate inkl.\nM Drive Professional\n19'/20' M Schmiederäder Doppelspeiche 826 M Schwarz mit Mischbereifung\nRadschraubensicherung\nAlarmanlage\n\n\n(Änderungen, Irrtümer und Zwischenverkauf vorbehalten!)",
  "dealerDetails": {
    "id": 455943,
    "name": "ahg Autohandelsgesellschaft mbH",
    "sellerType": "Dealer",
    "phones": [
      "+49 (0)7433 140756204"
    ],
    "languages": [
      "Deutsch",
      "English",
      "Italiano",
      "Français",
      "Türkçe"
    ],
    "country": "DE",
    "address": "Lange Strasse 23, DE-72336 Balingen",
    "location": {
      "latitude": 48.2606733,
      "longitude": 8.8504648
    },
    "activeSince": "2000-10-19T00:00:00.000Z",
    "homepageUrl": "https://home.mobile.de/home/redirect.html?customerId=455943",
    "iconUrl": "https://img.classistatic.de/api/v1/mo-prod/images/ba/ba7c569b-3429-4e89-9039-4f53de68e744?rule=mo-640.jpg",
    "reviewPageUrl": "https://www.mobile.de/bewertungen/AHG-BALINGEN?lang=en",
    "score": {
      "total": 4.2,
      "responseTime": 4.1,
      "friendliness": 4.6,
      "advice": 4
    },
    "activeRatingCount": 31,
    "vehicleAsDescribedPercentage": 80,
    "recommendPercentage": 84,
    "soldVehicleCount": null,
    "reviews": []
  },
  "attributes": {
    "Vehicle condition": "Used vehicle, Accident-free",
    "Category": "Estate car",
    "Vehicle Number": "FS89232",
    "Availability": "Now",
    "Mileage": "29,984 km",
    "Cubic Capacity": "2,993 ccm",
    "Power": "375 kW (510 hp)",
    "Drive type": "Internal combustion engine",
    "Fuel": "Petrol",
    "CO₂ class": "Based on CO₂ emissions (combined)",
    "Fuel consumption": [
      "10.3 l/100km (combined)",
      "15.4 l/100km (city)",
      "10.2 l/100km (suburban)",
      "8.8 l/100km (country road)",
      "8.8 l/100km (motorway)"
    ],
    "Number of Seats": "5",
    "Door Count": "4/5",
    "Transmission": "Automatic",
    "Emission Class": "Euro6d",
    "Emissions Sticker": "4 (Green)",
    "First Registration": "03/2024",
    "Number of Vehicle Owners": "1",
    "Climatisation": "Automatic air conditioning",
    "Parking sensors": "Rear, Self-steering systems, Front, Camera",
    "Airbags": "Front and Side and More Airbags",
    "Colour (Manufacturer)": "M Isle of Man Grün metallic",
    "Colour": "Green Metallic",
    "Interior Design": "Full leather, Black",
    "Energy consumption (comb.)": "10.3 l/100km",
    "CO₂ emissions (comb.)": "232 g/km"
  },
  "features": [
    "ABS",
    "Adaptive lighting",
    "Alarm system",
    "Alloy wheels",
    "Bluetooth",
    "Central locking",
    "Cruise control",
    "DAB radio",
    "Daytime running lights",
    "Electric seat adjustment",
    "Electric side mirror",
    "Electric windows",
    "ESP",
    "Four-wheel drive",
    "Full Service History",
    "Hands-free kit",
    "Head-up display",
    "Heated seats",
    "Immobilizer",
    "Isofix",
    "LED headlights",
    "Light sensor",
    "Multifunction steering wheel",
    "Navigation system",
    "Non-smoker vehicle",
    "On-board computer",
    "Particulate filter",
    "Power Steering",
    "Rain sensor",
    "Roof rack",
    "Sport seats",
    "Sports package",
    "Sports suspension",
    "Start-stop system",
    "Traction control",
    "Tuner/radio",
    "Warranty"
  ]
},
{
  "title": "BMW M3 Competition Touring MxDrive LC-Prof.|DA-Prof.",
  "previewImage": "https://img.classistatic.de/api/v1/mo-prod/images/9b/9b21938b-4908-4f8b-8772-4c3d9463fcc1?rule=mo-1600.jpg",
  "category": "EstateCar",
  "brand": "BMW",
  "model": "M3",
  "url": "https://suchen.mobile.de/fahrzeuge/details.html?id=432592289",
  "price.total.amount": 88888,
  "priceRating": {
    "rating": "Good price",
    "priceRanges": {
      "Very good price": {
        "start": 65701,
        "end": 85400
      },
      "Good price": {
        "start": 85401,
        "end": 91900
      },
      "Fair price": {
        "start": 91901,
        "end": 102200
      },
      "Increased price": {
        "start": 102201,
        "end": 109700
      },
      "High price": {
        "start": 109701,
        "end": 121900
      }
    }
  },
  "description": "Außenausstattung\n19\"/20\" M Schmiederäder Doppel \nM Dachreling Hochglanz Shadow \nSonnenschutzverglasung \n\nKomfort/Innenausstattung\nAktive Sitzbelüftung vorn \nBMW Live Cockpit Professional \nDAB-Tuner \nHarman Kardon Surround Sound S \nInnenspiegel, automatisch abbl \nKlimaautomatik \nLenkradheizung \nLordosenstütze \nParking Assistant Plus \nSitzheizung für Fahrer und Bei \nWireless Charging Ablage \n\nSicherheit/Umwelt\nAdaptiver LED-Scheinwerfer \nAlarmanlage \nFernlichtassistent \nKomfortzugang \nReifendruck-Kontrolle \n\nSitzbezug\nIndividual erweiterte Lederausstattung 'Merino' Fionarot/Schwarz\n\nSonstiges\nAblagenpaket \nActive Guard \nActive Protection \nAktiver Fußgängerschutz \nConnectedDrive Services \nConnectedPackage Professional \nDach und Spiegelkappen schwarz \nDriving Assistant Professional \nFondkopfstützen, klappbar \nGalvanikapplikation für Bedien \nGepäckraumpaket \nInnen- und Außenspiegelpaket \nInnovationspaket II \nM Compound-Bremse, rot hochglä \nM Dachhimmel anthrazit \nM Drive Professional \nM Hochglanz Shadow Line \nM Hochglanz Shadow Line mit er \nM Interieurleisten Aluminium R \nM Sicherheitsgurte \nM Sportdifferenzial \nÖlwartungsintervall - 24 Monat \nPersonal eSIM \nSitzverstellung, elektrisch, m \n\nSport\nAdaptives M Fahrwerk \nM Sportsitze \n\nFinanzierungsbeispiel\n\nMtl. Finanzierungsrate: 1.609,96 EUR\nAnzahlung: 0,00 EUR\nLaufzeit: 36 Monate\nZielrate: 45.332,88 EUR\nNettodarlehensbetrag: 88.888,00 EUR\nSollzinssatz p.a.: 6,30% (gebunden für die gesamte Vertragslaufzeit)\nEffektiver Jahreszins: 6,49%\nGesamtbetrag: 101.681,48 EUR\nEin unverbindliches Finanzierungsbeispiel der BMW Bank GmbH - Lilienthalallee 26 - 80939 München.\n\n\nEhemalige unverbindliche Neupreisempfehlung: 114.520,- Euro.\n\nHINWEIS: Unsere Angebote werden unverzüglich nach Kauf eingestellt, es kann dadurch sein, dass sich das von Ihnen ausgesuchte Fahrzeug noch nicht in unserer Ausstellung befindet bitte informieren Sie sich vor Besuch bei einem unserer Verkaufsberater, ob das gewünschte Fahrzeug bereits eingetroffen und verkaufsfertig ist.\nVielen Dank, Ihr Verkaufsteam!\n\n\n\n* Lieferservice innerhalb Deutschlands gegen geringen Aufpreis möglich! Irrtümer und Zwischenverkauf vorbehalten.",
  "dealerDetails": {
    "id": 8342118,
    "name": "Fett & Wirtz Automobile GmbH & Co. KG",
    "sellerType": "Dealer",
    "phones": [
      "+49 (0)2831 990410335"
    ],
    "languages": [
      "Deutsch",
      "English"
    ],
    "country": "DE",
    "address": "Martinistr. 52b, DE-47608 Geldern",
    "location": {
      "latitude": 51.5210403,
      "longitude": 6.2904506
    },
    "activeSince": "2012-08-20T00:00:00.000Z",
    "homepageUrl": "https://home.mobile.de/home/redirect.html?customerId=8342118",
    "iconUrl": "https://img.classistatic.de/api/v1/mo-prod/images/6e/6e7dc492-3cdd-4745-8b97-1679fcc192fe?rule=mo-640.jpg",
    "reviewPageUrl": "https://www.mobile.de/bewertungen/FETTWIRTZAUTOMOBILEGMBHCOKGGELDERN?lang=en",
    "score": {
      "total": 4.8,
      "responseTime": 4.7,
      "friendliness": 4.8,
      "advice": 4.8
    },
    "activeRatingCount": 53,
    "vehicleAsDescribedPercentage": 97,
    "recommendPercentage": 98,
    "soldVehicleCount": null,
    "reviews": []
  },
  "attributes": {
    "Vehicle condition": "Used vehicle, Accident-free",
    "Category": "Estate car, Employee's Car",
    "Model range": "G81",
    "Trim line": "Touring MxDrive LC-Prof.|DA-Prof.",
    "Vehicle Number": "G412348",
    "Availability": "Now",
    "Mileage": "15,100 km",
    "Cubic Capacity": "2,993 ccm",
    "Power": "390 kW (530 hp)",
    "Drive type": "Internal combustion engine",
    "Fuel": "Petrol",
    "Number of Seats": "5",
    "Door Count": "4/5",
    "Transmission": "Automatic",
    "Emission Class": "Euro 6e",
    "Emissions Sticker": "4 (Green)",
    "First Registration": "08/2024",
    "Construction Year": "2024",
    "Number of Vehicle Owners": "1",
    "HU": "08/2027",
    "Climatisation": "Automatic climatisation, 3 zones",
    "Parking sensors": "Self-steering systems, Rear, 360° camera, Front",
    "Airbags": "Front and Side and More Airbags",
    "Colour (Manufacturer)": "Aventurinrot",
    "Colour": "Red Metallic",
    "Interior Design": "Full leather, Red",
    "Weight": "1,940 kg",
    "Cylinders": "6",
    "Tank capacity": "59 l"
  },
  "features": [
    "ABS",
    "Adaptive Cruise Control",
    "Adaptive lighting",
    "Alarm system",
    "Alloy wheels",
    "Ambient lighting",
    "Android Auto",
    "Apple CarPlay",
    "Arm rest",
    "Autom. dimming interior mirror",
    "Blind spot assist",
    "Bluetooth",
    "Cargo barrier",
    "Central locking",
    "DAB radio",
    "Digital cockpit",
    "Distance warning system",
    "Dynamic chassis control",
    "Electric seat adjustment",
    "Electric side mirror",
    "Electric tailgate",
    "Electric windows",
    "Eletric seat adjustment with memory function",
    "Emergency brake assist",
    "Emergency call system",
    "ESP",
    "Four-wheel drive",
    "Full Service History",
    "Glare-free high beam headlights",
    "Hands-free kit",
    "Head-up display",
    "Heated seats",
    "Heated steering wheel",
    "High beam assist",
    "Hill-start assist",
    "Immobilizer",
    "Induction charging for smartphones",
    "Integrated music streaming",
    "Isofix",
    "Keyless central locking",
    "Lane change assist",
    "Leather steering wheel",
    "LED headlights",
    "LED running lights",
    "Light sensor",
    "Lumbar support",
    "Multifunction steering wheel",
    "Navigation system",
    "Non-smoker vehicle",
    "On-board computer",
    "Paddle shifters",
    "Particulate filter",
    "Power Steering",
    "Rain sensor",
    "Roof rack",
    "Seat ventilation",
    "Sound system",
    "Speed limit control system",
    "Sport seats",
    "Sports package",
    "Sports suspension",
    "Start-stop system",
    "Tinted windows",
    "Touchscreen",
    "Traction control",
    "Traffic sign recognition",
    "Tuner/radio",
    "Tyre pressure monitoring",
    "USB port",
    "Voice control",
    "Warranty"
  ]
},
{
  "title": "BMW M3 Comp. Touring xDrive Erstbesitz! UN...",
  "previewImage": "https://img.classistatic.de/api/v1/mo-prod/images/80/805a39e8-d60a-4a3f-bc65-80d0a1b62f62?rule=mo-1600.jpg",
  "category": "EstateCar",
  "brand": "BMW",
  "model": "M3",
  "url": "https://suchen.mobile.de/fahrzeuge/details.html?id=433520674",
  "price.total.amount": 87999,
  "priceRating": {
    "rating": "Fair price",
    "priceRanges": {
      "Very good price": {
        "start": 61801,
        "end": 80400
      },
      "Good price": {
        "start": 80401,
        "end": 86500
      },
      "Fair price": {
        "start": 86501,
        "end": 96200
      },
      "Increased price": {
        "start": 96201,
        "end": 103300
      },
      "High price": {
        "start": 103301,
        "end": 114800
      }
    }
  },
  "description": "Zum Verkauf steht mein gepflegter BMW M3 Touring, der sich in einem hervorragenden Zustand befindet und mit einer besonders umfangreichen Ausstattung überzeugt. Das Fahrzeug kombiniert Sportlichkeit mit hohem Alltagskomfort.\n\nBMW M3 Competition Touring xDrive Erstbesitz! UNFALLFREI!\n\nFahrzeugdetails:\nErstbesitz\nEinfahrkontrolle wurde bei 2.000 km durchgeführt.\nHerstellergarantie bis 06/2027\n\nFahrzeugdaten:\nModell: BMW M3 Competition Touring xDrive\nLeistung: 510 PS\nErstzulassung: 06/2024\nLaufleistung nicht tagesaktuell, da das Fahrzeug noch bewegt wird.\nFarbe: Saphirschwarz Metallic\n-- Innenausstattung: BMW Volllederausstattung Merino Schwarz\n-- Sitzbelüftung\n-- Beledertes Armaturenbrett\n-- M Interieur leisten 'Carbon Fibre'\n-- 19\"/20\" M Schmiederäder Doppelspeiche 826 M Schwarz / MB\n-- Adaptives M Fahrwerk\n-- Alarmanlage\n-- Komfortzugang\n-- HeadUp Display\n-- Dach und Spiegelkappen schwarz\n-- M Compound Bremse, rot hochglänzend\n-- M Dachreling Hochglanz Shadow line\n-- M Leuchten Shadow Line\n-- M Drive Professional\n-- M Drive Recorder\n-- Sonnenschutzverglasung\n-- Innen - und Außenspiegel Paket\n-- Innenspiegel automatisch abblendend\n-- Sitzverstellung, elektrisch mit Memory\n-- Lordosenstütze für Fahrer und Beifahrer\n-- Ablagen Paket\n-- Sitzheizung für Fahrer und Beifahrer\n-- Galvanikapplikation für Bedienelemente\n-- Klimaautomatik\n-- Geschwindigkeitsregelung mit Bremsfunktion\n-- Fernlichtassistent\n-- Driving Assistant Professional\n-- BMW Laserlicht\n-- Deaktivierung Beifahrerairbag\n-- Fondkopfstützen klappbar\n-- Parking Assistant Plus\n-- DAB--Tuner\n-- H/K Surround Sound System\n-- Teleservices\n-- Gesetzlicher Notruf\n-- ConnectedDrive Services\n-- Connected Package Professional\n-- Ablage für Wireless Charging\n-- BMW Live Cockpit Professional\n-- Interne Steuerung\n-- M Sportsitze\n-- M Hochglanz Shadow Line\n-- M Dachhimmel anthrazit\n-- M Hochglanz Shadow Line mit erweiterten Umfängen\n-- Innovationspaket\n-- Aktiver Fussgängerschutz\n\nBitte keine Tauschangebote!\n\nPrivatverkauf keine Gewährleistung, Garantie oder Rücknahme\nDer Verkauf erfolgt unter Ausschluss jeglicher Sachmängelhaftung. Das bedeutet, dass ich als Privatverkäufer keine Gewährleistung übernehme. Eine Rücknahme, Umtausch oder Garantie ist ausgeschlossen.",
  "dealerDetails": {
    "sellerType": "Private Seller",
    "country": "DE",
    "address": "DE-14641 Nauen",
    "location": {
      "latitude": 52.61775,
      "longitude": 12.777332
    },
    "iconUrl": null,
    "reviewPageUrl": null,
    "score": null,
    "activeRatingCount": null,
    "vehicleAsDescribedPercentage": null,
    "recommendPercentage": null,
    "soldVehicleCount": null,
    "reviews": []
  },
  "attributes": {
    "Vehicle condition": "Used vehicle",
    "Category": "Estate car",
    "Mileage": "15,500 km",
    "Power": "375 kW (510 hp)",
    "Drive type": "Internal combustion engine",
    "Fuel": "Petrol",
    "Transmission": "Automatic",
    "Emissions Sticker": "4 (Green)",
    "First Registration": "06/2024",
    "HU": "06/2027",
    "Climatisation": "A/C (man.)",
    "Parking sensors": "Rear",
    "Colour (Manufacturer)": "BLACK"
  },
  "features": [
    "ABS",
    "Alloy wheels",
    "Bluetooth",
    "Cruise control",
    "Full Service History",
    "Hands-free kit",
    "Heated seats",
    "Navigation system",
    "Tuner/radio"
  ]
},
{
  "title": "BMW M3 Comp. xDrive *LED*ACC*Live*H&K*Carbon*TRACK*",
  "previewImage": "https://img.classistatic.de/api/v1/mo-prod/images/b1/b14a07c4-956b-4377-98b4-9a74c9baf1ef?rule=mo-1600.jpg",
  "category": "Limousine",
  "brand": "BMW",
  "model": "M3",
  "url": "https://suchen.mobile.de/fahrzeuge/details.html?id=430766693",
  "price.total.amount": 88888,
  "priceRating": {
    "rating": "Very good price",
    "priceRanges": {
      "Very good price": {
        "start": 70601,
        "end": 91700
      },
      "Good price": {
        "start": 91701,
        "end": 98800
      },
      "Fair price": {
        "start": 98801,
        "end": 109900
      },
      "Increased price": {
        "start": 109901,
        "end": 117900
      },
      "High price": {
        "start": 117901,
        "end": 131000
      }
    }
  },
  "description": "Weitere Ausstattungen:\nGetriebe: Automatik\nTechnik: Allrad, Bordcomputer, Sperrdifferential, Adaptives Daempfungssystem, Partikelfilter, Start-Stop-Automatik, Sportabgasanlage, Schaltwippen, Volldigitales Kombiinstrument\nAssistenten: Totwinkel-Assistent, Müdigkeitserkennung, Verkehrszeichenerkennung, Park-Lenk-Assistent, Regensensor, Fernlichtassistent, Lichtsensor, Notbremsassistent, Berganfahrassistent, Spurhalteassistent, Spurwechselassistent, Abstandsregeltempomat, Ausparkassistent, Abstands-/Kollisionswarner\nKomfort: Servolenkung, Zentralverriegelung, Elektrischer Fensterheber, Lederausstattung, Sitzheizung, Elektrische Aussenspiegel, Teilbare Ruecksitzlehne, Tempomat, Standheizung, Multifunktionslenkrad, Keyless Go Startfunktion, Elektrische Sitze, Innenspiegel autom. abblendbar, Mittelarmlehne, Innenraumfilter, Lenksaeule einstellbar, Sportsitze, ParkDistanceControl vorne und hinten, Elektrische Heckklappe, Keyless Entry, Memory Sitze, Ambientebeleuchtung, Lordosenstütze, Lederlenkrad, Geschwindigkeitsbegrenzungsanlage, Klimaautomatik-3-Zonen, Funkfernbedienung\nSicht: Laserlicht, LED-Hauptscheinwerfer, adaptives Kurvenlicht, Dynamisches Kurvenlicht, Blendfreies Fernlicht, LED-Tagfahrlicht, 360 Grad Kamera, HEAD-UP-Display, LED-Rueckleuchten, Nebelscheinwerfer, Scheinwerferregulierung, Colorverglasung, Aussenspiegel beheizbar, Privacyverglasung\nSicherheit: ABS, Airbag, Beifahrer-Airbag, Wegfahrsperre, Seitenairbags, Alarmanlage, ESP, Antriebsschlupfregelung, Reifendruckkontrolle, Traktionskontrolle, Kopfairbag, Kindersitzbefestigung, Notrufsystem, Pannenkit\nEntertainment: Navigationssystem, Soundsystem, Radio, USB-Anschluss, MP3, Harman-Kardon, Bluetooth, Freisprecheinrichtung, Apple CarPlay, Android Auto, Sprachsteuerung, DAB, WLAN, Touchscreen, Induktionsladen für Smartphones, Musikstreaming\nUmwelt: Abgasnorm Euro 6E, Grüne Umweltplakette\nQualität: Garantie, Scheckheftgepflegt, HUAU neu, Nichtraucherfahrzeug\nSonstiges: Katalysator, Metallic, Sportausstattung, Alufelgen, Skisack, Stossfaenger in Wagenfarbe, Sportpaket, Sportfahrwerk, Elektrische Parkbremse, Fahrerprofilauswahl, Sommerreifen, Winterpaket, Gepäckraumabtrennung, Spoiler\nWeiteres:\nInt.KnNr: 4733-25_60650 \nFür sämtliche Fahrzeuge bieten wir Ihnen folgenden Service an:\n\njedes unserer Fahrzeuge wird durch unsere Werkstatt geprüft! \nhttps://www.autoweller.de/videotelefonie-autohaus \nindividuelle Finanzierungs- und Leasingangebote \nInzahlungnahme Ihres Gebrauchten \nindividuelles Versicherungsangebot \n\nWir freuen uns schon jetzt auf Ihren Besuch!\n\nIrrtümer und Zwischenverkauf vorbehalten. Die Fahrzeugbeschreibung als auch -ausstattung sind vorläufig und unverbindlich und werden in dieser Form nicht automatisch zum Vertragsinhalt.\n\nDer Verkäufer weist darauf hin, dass die Verbrauchsangaben des Herstellers zum Fahrzeug als Neufahrzeug für das vertragsgegenständliche Gebrauchtfahrzeug keine zugesicherten Eigenschaften sind.\n\nquality by dotzilla",
  "dealerDetails": {
    "id": 11267716,
    "name": "WELLER Performance GmbH & Co. KG",
    "sellerType": "Dealer",
    "phones": [
      "+49 (0)251 2979327617"
    ],
    "languages": [
      "Deutsch",
      "العربية",
      "Pусский",
      "English",
      "Italiano",
      "Français",
      "Polski",
      "Română",
      "Español",
      "Türkçe"
    ],
    "country": "DE",
    "address": "Weseler Straße 655, DE-48163 Münster",
    "location": {
      "latitude": 51.9245027,
      "longitude": 7.5756462
    },
    "activeSince": "2014-03-11T00:00:00.000Z",
    "homepageUrl": "https://home.mobile.de/home/redirect.html?customerId=11267716",
    "iconUrl": "https://img.classistatic.de/api/v1/mo-prod/images/b9/b977e667-4f1c-4c44-9d6f-e85976a02267?rule=mo-640.jpg",
    "reviewPageUrl": "https://www.mobile.de/bewertungen/AUTOWELLERGMBHCOKGTOYOTAVERTRAGSHAENDLER?lang=en",
    "score": {
      "total": 4.3,
      "responseTime": 4.3,
      "friendliness": 4.4,
      "advice": 4.2
    },
    "activeRatingCount": 33,
    "vehicleAsDescribedPercentage": 83,
    "recommendPercentage": 80,
    "soldVehicleCount": null,
    "reviews": []
  },
  "attributes": {
    "Vehicle condition": "Used vehicle",
    "Category": "Saloon, Employee's Car",
    "Trim line": "m3",
    "Vehicle Number": "4733-25_60650",
    "Availability": "Now",
    "Origin": "German edition",
    "Mileage": "4,200 km",
    "Cubic Capacity": "2,993 ccm",
    "Power": "390 kW (530 hp)",
    "Drive type": "Internal combustion engine",
    "Fuel": "Petrol",
    "CO₂ class": "Based on CO₂ emissions (combined)",
    "Fuel consumption": [
      "10.2 l/100km (combined)",
      "15.4 l/100km (city)",
      "10.1 l/100km (suburban)",
      "8.7 l/100km (country road)",
      "9.5 l/100km (motorway)"
    ],
    "Energy costs for 15,000 km annual mileage": "€2,748/Year",
    "Fuel price": "€1.80/l (annual average 2024)",
    "Possible CO₂ costs over the next 10 years (15,000 km/year)": [
      "€4,382 (assuming an average CO₂ price of €127/t)",
      "€2,070 (assuming a low average CO₂ price of €60/t)",
      "€6,900 (assuming a high average CO₂ price of €200/t)"
    ],
    "Vehicle tax": "€460/Year",
    "Number of Seats": "5",
    "Door Count": "4/5",
    "Transmission": "Automatic",
    "Emission Class": "Euro 6e",
    "Emissions Sticker": "4 (Green)",
    "First Registration": "12/2024",
    "Construction Year": "2024",
    "Number of Vehicle Owners": "1",
    "HU": "New",
    "Climatisation": "Automatic climatisation, 3 zones",
    "Parking sensors": "Front, Self-steering systems, Rear, 360° camera",
    "Airbags": "Front and Side and More Airbags",
    "Colour (Manufacturer)": "TANSANITBLAU II METALLIC",
    "Colour": "Blue Metallic",
    "Interior Design": "Full leather, Black",
    "Cylinders": "6",
    "Energy consumption (comb.)": "10.2 l/100km",
    "CO₂ emissions (comb.)": "230 g/km"
  },
  "features": [
    "ABS",
    "Adaptive cornering lights",
    "Adaptive Cruise Control",
    "Alarm system",
    "Alloy wheels",
    "Ambient lighting",
    "Android Auto",
    "Apple CarPlay",
    "Arm rest",
    "Autom. dimming interior mirror",
    "Auxiliary heating",
    "Blind spot assist",
    "Bluetooth",
    "Cargo barrier",
    "Central locking",
    "DAB radio",
    "Digital cockpit",
    "Distance warning system",
    "Dynamic chassis control",
    "Electric seat adjustment",
    "Electric side mirror",
    "Electric tailgate",
    "Electric windows",
    "Eletric seat adjustment with memory function",
    "Emergency brake assist",
    "Emergency call system",
    "Emergency tyre repair kit",
    "ESP",
    "Fatigue warning system",
    "Fog lamp",
    "Folding exterior mirrors",
    "Four-wheel drive",
    "Full Service History",
    "Glare-free high beam headlights",
    "Hands-free kit",
    "Head-up display",
    "Heated seats",
    "High beam assist",
    "Hill-start assist",
    "Immobilizer",
    "Induction charging for smartphones",
    "Integrated music streaming",
    "Isofix",
    "Keyless central locking",
    "Lane change assist",
    "Laser headlights",
    "Leather steering wheel",
    "LED running lights",
    "Light sensor",
    "Lumbar support",
    "Multifunction steering wheel",
    "Navigation system",
    "Non-smoker vehicle",
    "On-board computer",
    "Paddle shifters",
    "Particulate filter",
    "Power Steering",
    "Rain sensor",
    "Rear traffic alert",
    "Ski bag",
    "Sound system",
    "Speed limit control system",
    "Sport seats",
    "Sports package",
    "Sports suspension",
    "Start-stop system",
    "Summer tyres",
    "Tinted windows",
    "Touchscreen",
    "Traction control",
    "Traffic sign recognition",
    "Tuner/radio",
    "Tyre pressure monitoring",
    "USB port",
    "Voice control",
    "Warranty",
    "Winter package",
    "WLAN / Wi-Fi hotspot"
  ]
},
{
  "title": "BMW M3 Competition Touring xDrive/Allrad|*Facelift*|",
  "previewImage": "https://img.classistatic.de/api/v1/mo-prod/images/e2/e2589027-c9d6-470f-8641-47d8c53b4ab7?rule=mo-1600.jpg",
  "category": "EstateCar",
  "brand": "BMW",
  "model": "M3",
  "url": "https://suchen.mobile.de/fahrzeuge/details.html?id=430303958",
  "price.total.amount": 88888,
  "priceRating": {
    "rating": "Good price",
    "priceRanges": {
      "Very good price": {
        "start": 66401,
        "end": 86400
      },
      "Good price": {
        "start": 86401,
        "end": 93000
      },
      "Fair price": {
        "start": 93001,
        "end": 103400
      },
      "Increased price": {
        "start": 103401,
        "end": 111000
      },
      "High price": {
        "start": 111001,
        "end": 123400
      }
    }
  },
  "description": "Außenausstattung\n19\"/20\" M Schmiederäder Doppelspeiche 826 M Schwar z / MB\nM Dachreling Hochglanz Shadow Line \nSonnenschutzverglasung \n\nKomfort/Innenausstattung\nAblage für Wireless Charging \nAktive Sitzbelüftung vorn \nBMW Live Cockpit Professional \nDAB-Tuner \nGeschwindigkeitsregelung mit Bremsfunktion \nHarman Kardon Surround Sound System \nInnenspiegel automatisch abblendend \nKlimaautomatik \nLenkradheizung \nLordosenstütze für Fahrer und Beifahrer \nParking Assistant Plus \nSitzheizung für Fahrer und Beifahrer \nSitzverstellung, elektrisch mit Memory für Fahrers itz\n\nSicherheit/Umwelt\nAdaptiver LED-Scheinwerfer \nAlarmanlage \nDeaktivierung Beifahrerairbag \nFernlichtassistent \nGesetzlicher Notruf \nKomfortzugang \nReifendruck-Kontrolle \n\nSitzbezug\nVollleder 'Merino' | Yas Marina Blau/Schwarz\n\nSonstiges\nAbgasnorm EU6 RDE II \nAblagenpaket \nActive Guard \nActive Protection \nAktiver Fußgängerschutz \nAkustikverglasung \nBlow by-Heizer \nBMW Drive Recorder \nCOC Zusatzumfänge \nConnected Package Professional \nConnectedDrive Services \nDach und Spiegelkappen schwarz \nDriving Assistant \nFondkopfstützen klappbar \nGalvanikapplikation für Bedienelemente \nGepäckraumpaket \nInnen- und Außenspiegelpaket \nInnovationspaket \nInterne Steuerung \nKilometertacho \nM Carbon Exterieurpaket \nM Compound-Bremse, rot hochglänzend \nM Dachhimmel anthrazit \nM Drive Professional \nM Hochglanz Shadow Line \nM Hochglanz Shadow Line mit erweiterten Umfängen \nM Interieurleisten 'Carbon Fibre' \nM Sicherheitsgurte \nM Sportdifferenzial \nÖlwartungsintervall 30000 km / 24 Monate \nPersonal eSIM \nRadschraubensicherung \nReifenreparatur Set \nSteuerung EfficientDynamics \nTeleservices \nWarndreieck und Verbandkasten \n\nSport\nAdaptives M Fahrwerk \nM Sportsitze \n\nFinanzierungsbeispiel\n\nMtl. Finanzierungsrate: 1.609,96 EUR\nAnzahlung: 0,00 EUR\nLaufzeit: 36 Monate\nZielrate: 45.332,88 EUR\nNettodarlehensbetrag: 88.888,00 EUR\nSollzinssatz p.a.: 6,30% (gebunden für die gesamte Vertragslaufzeit)\nEffektiver Jahreszins: 6,49%\nGesamtbetrag: 101.681,48 EUR\nEin unverbindliches Finanzierungsbeispiel der BMW Bank GmbH - Lilienthalallee 26 - 80939 München.\n\n\nEhemalige unverbindliche Neupreisempfehlung: 120.620,- Euro.\n\nHINWEIS: Unsere Angebote werden unverzüglich nach Kauf eingestellt, es kann dadurch sein, dass sich das von Ihnen ausgesuchte Fahrzeug noch nicht in unserer Ausstellung befindet bitte informieren Sie sich vor Besuch bei einem unserer Verkaufsberater, ob das gewünschte Fahrzeug bereits eingetroffen und verkaufsfertig ist.\nVielen Dank, Ihr Verkaufsteam!\n\n\n\n* Lieferservice innerhalb Deutschlands gegen geringen Aufpreis möglich! Irrtümer und Zwischenverkauf vorbehalten.",
  "dealerDetails": {
    "id": 8342118,
    "name": "Fett & Wirtz Automobile GmbH & Co. KG",
    "sellerType": "Dealer",
    "phones": [
      "+49 (0)2831 990413042"
    ],
    "languages": [
      "Deutsch",
      "English"
    ],
    "country": "DE",
    "address": "Martinistr. 52b, DE-47608 Geldern",
    "location": {
      "latitude": 51.5210403,
      "longitude": 6.2904506
    },
    "activeSince": "2012-08-20T00:00:00.000Z",
    "homepageUrl": "https://home.mobile.de/home/redirect.html?customerId=8342118",
    "iconUrl": "https://img.classistatic.de/api/v1/mo-prod/images/6e/6e7dc492-3cdd-4745-8b97-1679fcc192fe?rule=mo-640.jpg",
    "reviewPageUrl": "https://www.mobile.de/bewertungen/FETTWIRTZAUTOMOBILEGMBHCOKGGELDERN?lang=en",
    "score": {
      "total": 4.8,
      "responseTime": 4.7,
      "friendliness": 4.8,
      "advice": 4.8
    },
    "activeRatingCount": 53,
    "vehicleAsDescribedPercentage": 97,
    "recommendPercentage": 98,
    "soldVehicleCount": null,
    "reviews": []
  },
  "attributes": {
    "Vehicle condition": "Used vehicle, Accident-free",
    "Category": "Estate car, Employee's Car",
    "Model range": "G81",
    "Trim line": "Touring xDrive/Allrad|*Facelift*|H/K",
    "Vehicle Number": "G411974",
    "Availability": "Now",
    "Mileage": "12,180 km",
    "Cubic Capacity": "2,993 ccm",
    "Power": "390 kW (530 hp)",
    "Drive type": "Internal combustion engine",
    "Fuel": "Petrol, E10-enabled",
    "Number of Seats": "5",
    "Door Count": "4/5",
    "Transmission": "Automatic",
    "Emission Class": "Euro6",
    "Emissions Sticker": "4 (Green)",
    "First Registration": "11/2024",
    "Construction Year": "2024",
    "Number of Vehicle Owners": "1",
    "HU": "New",
    "Climatisation": "Automatic climatisation, 3 zones",
    "Parking sensors": "Self-steering systems, Rear, 360° camera, Front",
    "Airbags": "Front and Side and More Airbags",
    "Colour (Manufacturer)": "M Sao Paulo Gelb ",
    "Colour": "Yellow",
    "Interior Design": "Full leather, Blue",
    "Weight": "1,940 kg",
    "Cylinders": "6",
    "Tank capacity": "59 l"
  },
  "features": [
    "ABS",
    "Adaptive lighting",
    "Alarm system",
    "Alloy wheels",
    "Ambient lighting",
    "Android Auto",
    "Apple CarPlay",
    "Arm rest",
    "Autom. dimming interior mirror",
    "Blind spot assist",
    "Bluetooth",
    "Cargo barrier",
    "Central locking",
    "Cruise control",
    "DAB radio",
    "Digital cockpit",
    "Distance warning system",
    "Dynamic chassis control",
    "Electric seat adjustment",
    "Electric side mirror",
    "Electric tailgate",
    "Electric windows",
    "Eletric seat adjustment with memory function",
    "Emergency brake assist",
    "Emergency call system",
    "ESP",
    "Four-wheel drive",
    "Full Service History",
    "Glare-free high beam headlights",
    "Hands-free kit",
    "Head-up display",
    "Heated seats",
    "Heated steering wheel",
    "High beam assist",
    "Hill-start assist",
    "Immobilizer",
    "Induction charging for smartphones",
    "Integrated music streaming",
    "Isofix",
    "Keyless central locking",
    "Lane change assist",
    "Leather steering wheel",
    "LED headlights",
    "LED running lights",
    "Light sensor",
    "Lumbar support",
    "Multifunction steering wheel",
    "Navigation system",
    "Non-smoker vehicle",
    "On-board computer",
    "Paddle shifters",
    "Particulate filter",
    "Power Steering",
    "Rain sensor",
    "Roof rack",
    "Seat ventilation",
    "Sound system",
    "Speed limit control system",
    "Sport seats",
    "Sports package",
    "Sports suspension",
    "Start-stop system",
    "Tinted windows",
    "Touchscreen",
    "Traction control",
    "Tuner/radio",
    "Tyre pressure monitoring",
    "USB port",
    "Voice control",
    "Warranty",
    "WLAN / Wi-Fi hotspot"
  ]
},
{
  "title": "BMW M3 Competition xD *20 *ACC *Carbon *H&K *Laser",
  "previewImage": "https://img.classistatic.de/api/v1/mo-prod/images/9b/9b946d45-1233-4d8d-95f4-ee7a353a2cbf?rule=mo-1600.jpg",
  "category": "Limousine",
  "brand": "BMW",
  "model": "M3",
  "url": "https://suchen.mobile.de/fahrzeuge/details.html?id=434190780",
  "price.total.amount": 87900,
  "priceRating": {
    "rating": "Good price",
    "priceRanges": {
      "Very good price": {
        "start": 63401,
        "end": 82400
      },
      "Good price": {
        "start": 82401,
        "end": 88800
      },
      "Fair price": {
        "start": 88801,
        "end": 98800
      },
      "Increased price": {
        "start": 98801,
        "end": 106000
      },
      "High price": {
        "start": 106001,
        "end": 117800
      }
    }
  },
  "description": "ASG Remscheid - dein Autohaus mit PS und Persönlichkeit.\nÜber 400 Fahrzeuge sofort verfügbar - vom Cityflitzer bis zum Supersportler!\n\nWas wir für dich tun:\nFinanzierung & Leasing - auch ohne Anzahlung\nWir kaufen dein Auto - auch ohne Neukauf\nAblöse laufender Finanzierungen möglich\nLieferung im gesamten DACH-Raum\nZulassung, Aufbereitung & Wunschfolierung auf Wunsch\nÜber 35 Jahre Erfahrung - mehrfach ausgezeichnet von AutoBild & auto motor und sport\nFahrzeug Nr.: 14772\nAusstattungspakete:\nSportpaket\nGarantie & Qualitätssiegel:\nGarantie\nAssistenzsysteme:\nAbstandsregeltempomat\nFernlichtassistent\nVerkehrszeichenerkennung\nEinparkhilfe hinten\nFrontkamera\nRückfahrkamera\nAuffahrwarner\nautonomer Notbremsassistent\nMüdigkeitserkennung / Aufmerksamkeitsassistent\nGeschwindigkeitsbegrenzer\nBerganfahrassistent\nLichtsensor\nRegensensor\nUmgebungskamera\nEinparkhilfe vorne\nMultifunktionskamera\nPark-Paket mit 360 Grad Kamera\nSpurhalteassistent\nLicht:\nLaserlicht\nLED Scheinwerfer\nKurvenlicht\nLED Tagfahrlicht\nNebelscheinwerfer-/Funktion\nMedia & Infotainment:\nNavigation / Online Navigation\nTouchscreen-Display\nSoundsystem\nRadio\nAudiosystem MP3-fähig\nDAB Tuner\nUSB-Schnittstelle/Anschluss\nBluetooth Schnittstelle\nFreisprecheinrichtung\nSprachsteuerung-/Bedienung\nInduktionsladeschale für Smartphone / Wireless Charging\nSicherheit & Technik:\nSportfahrwerk\nelektronisches Stabilitäts Programm (ESP)\nBeifahrerairbag\nFahrerairbag\nSeitenairbags vorn\nAlarmanlage\nAntiblockiersystem (ABS)\nAntriebsschlupfregelung (ASR)\nWegfahrsperre\nKomfort & Klima:\nKeyless Entry\nelektrische Sitzverstellung für Fahrer\nSitzbelüftung\nTelematik/Notrufsystem (Vorbereitung)\nBordcomputer\nInnenspiegel automatisch abblendend\nHead-Up Display\nLordose / Lendenwirbelstütze\nelektr. Spiegel\nelektrische Fensterheber\nISOFIX Kindersitzbefestigung\nKlimaautomatik\nZentralverriegelung\n(3-Zonen Klimaautomatik)\n4xSitzheizung\nATA / Aussentemperaturanzeige\nautomatische Türverriegelung nach dem Anfahren und Entriegelung im Falle eines Unfalls\nBegrüßungslicht über Funkfernbedienung\nCenter Lock Schalter\nMittelarmlehne\nSportsitz(e)\nReifen & Felgen:\nAlufelgen\nSommerreifen\nInterieur & Design:\nLenkradheizung\nLederlenkrad\nSchaltwippen am Lenkrad\nMultifunktionslenkrad\nAmbientes Licht\nBedienelemente am Lenkrad\nGepäck- / Ladehilfen:\nautomatische Heckklappe-/Deckel\nSkisack\nGepäckraumteiler-Paket\nUmwelt & Laden:\nE10 geeignet\nEURO 6d\nKatalysator\nStart/Stopp Automatic\nUmweltplakette 4\nGetriebe:\nAutomatik\nWeitere Informationen:\nNichtraucherfahrzeug\nScheckheft\nunfallfrei\nZweitbesitz\nZwischenverkauf und Irrtümer vorbehalten. Die Fahrzeugbeschreibung dient ausschließlich der allgemeinen Identifikation des Fahrzeugs und stellt keine rechtsverbindliche Gewährleistung dar. Verbindlich sind nur die Vereinbarungen im Kaufvertrag und der Auftragsbestätigung. Bitte beachten Sie, dass bestimmte Sonderausstattungen zusätzliche Kosten verursachen können. Detaillierte Informationen zum Ausstattungsumfang erhalten Sie von unserem Verkaufspersonal.\n\n\nDu willst uns persönlich kennenlernen?\nAuf Instagram & YouTube nimmt dich unser Team mit in den Autohaus-Alltag. Schau rein - @asg.remscheid\nAlle Infos & Fahrzeuge: asg-rs.de\nBei Fragen: Einfach melden - wir sind für dich da.\nWhatsapp und Telefon: +49219179159250\n\nWir sprechen Deutsch, Englisch, Türkisch, Polnisch, Albanisch, Arabisch, Französisch, Serbisch und Spanisch - damit du dich bei uns von Anfang an verstanden fühlst.",
  "dealerDetails": {
    "id": 454942,
    "name": "ASG Remscheid Autohaus- seit über 30 Jahren...",
    "sellerType": "Dealer",
    "phones": [
      "+49 (0)2191 374650871"
    ],
    "languages": [
      "Deutsch",
      "العربية",
      "Norsk",
      "Pусский",
      "English",
      "Italiano",
      "Français",
      "Polski",
      "Español",
      "Türkçe"
    ],
    "country": "DE",
    "address": "Vor dem Anger. 3, DE-42855 Remscheid/NRW",
    "location": {
      "latitude": 51.1807361,
      "longitude": 7.2253286
    },
    "activeSince": "2004-12-28T00:00:00.000Z",
    "homepageUrl": "https://home.mobile.de/home/redirect.html?customerId=454942",
    "iconUrl": "https://img.classistatic.de/api/v1/mo-prod/images/7a/7ac7cc21-a173-412c-a77d-974eaf97e8f9?rule=mo-640.jpg",
    "reviewPageUrl": "https://www.mobile.de/bewertungen/AUTOSHOP-REMSCHEID?lang=en",
    "score": {
      "total": 4.8,
      "responseTime": 4.7,
      "friendliness": 4.9,
      "advice": 4.7
    },
    "activeRatingCount": 193,
    "vehicleAsDescribedPercentage": 98,
    "recommendPercentage": 97,
    "soldVehicleCount": null,
    "reviews": []
  },
  "attributes": {
    "Vehicle condition": "Used vehicle, Accident-free",
    "Category": "Saloon",
    "Trim line": "M3 Competition xD *20 *ACC *Carbon *H&K *Laser",
    "Vehicle Number": "14772",
    "Availability": "Now",
    "Origin": "German edition",
    "Mileage": "8,900 km",
    "Cubic Capacity": "2,993 ccm",
    "Power": "375 kW (510 hp)",
    "Drive type": "Internal combustion engine",
    "Fuel": "Petrol, E10-enabled",
    "Number of Seats": "5",
    "Door Count": "4/5",
    "Transmission": "Automatic",
    "Emission Class": "Euro6d",
    "Emissions Sticker": "4 (Green)",
    "First Registration": "11/2024",
    "Number of Vehicle Owners": "2",
    "HU": "New",
    "Climatisation": "Automatic climatisation, 3 zones",
    "Parking sensors": "Front, Rear, 360° camera",
    "Airbags": "Front and Side Airbags",
    "Colour (Manufacturer)": "grau",
    "Colour": "Grey Metallic",
    "Interior Design": "Full leather, Black"
  },
  "features": [
    "ABS",
    "Adaptive Cruise Control",
    "Adaptive lighting",
    "Alarm system",
    "Alloy wheels",
    "Ambient lighting",
    "Arm rest",
    "Autom. dimming interior mirror",
    "Bluetooth",
    "Central locking",
    "DAB radio",
    "Distance warning system",
    "Electric seat adjustment",
    "Electric side mirror",
    "Electric tailgate",
    "Electric windows",
    "Emergency brake assist",
    "Emergency call system",
    "ESP",
    "Fatigue warning system",
    "Fog lamp",
    "Four-wheel drive",
    "Full Service History",
    "Hands-free kit",
    "Head-up display",
    "Heated rear seats",
    "Heated seats",
    "Heated steering wheel",
    "High beam assist",
    "Hill-start assist",
    "Immobilizer",
    "Induction charging for smartphones",
    "Isofix",
    "Keyless central locking",
    "Lane change assist",
    "Laser headlights",
    "Leather steering wheel",
    "LED running lights",
    "Light sensor",
    "Lumbar support",
    "Multifunction steering wheel",
    "Navigation system",
    "Non-smoker vehicle",
    "On-board computer",
    "Paddle shifters",
    "Rain sensor",
    "Seat ventilation",
    "Ski bag",
    "Sound system",
    "Speed limit control system",
    "Sport seats",
    "Sports package",
    "Sports suspension",
    "Start-stop system",
    "Summer tyres",
    "Touchscreen",
    "Traction control",
    "Traffic sign recognition",
    "Tuner/radio",
    "USB port",
    "Voice control",
    "Warranty"
  ]
},
{
  "title": "BMW M3 Competition Touring, Keramik, teilfoliert!!!",
  "previewImage": "https://img.classistatic.de/api/v1/mo-prod/images/be/be114bb2-a051-4607-bd33-83738f9ee056?rule=mo-1600.jpg",
  "category": "EstateCar",
  "brand": "BMW",
  "model": "M3",
  "url": "https://suchen.mobile.de/fahrzeuge/details.html?id=428113435",
  "price.total.amount": 88400,
  "priceRating": {
    "rating": "Good price",
    "priceRanges": {
      "Very good price": {
        "start": 64101,
        "end": 83400
      },
      "Good price": {
        "start": 83401,
        "end": 89800
      },
      "Fair price": {
        "start": 89801,
        "end": 99800
      },
      "Increased price": {
        "start": 99801,
        "end": 107200
      },
      "High price": {
        "start": 107201,
        "end": 119100
      }
    }
  },
  "description": "Ich verkaufe meinen sehr gut ausgestatteten BMW M 3 Touring. Im Bestzustand!\n\nDas Fahrzeug wurde sofort professionell Keramikversiegelt und die Stoßstange, sowie Schweller foliert. Es wurde noch nie durch eine Waschstraße gefahren, nur Handwäsche. \nEinfahrkontrolle wurde mit Ravenol Öl durchgeführt. \n\nSONDERAUSSTATTUNG.\nS0248 Lenkradheizung\nSOKA Akustikverglasung\n50420 Sonnenschutzverglasung\nS0453 Aktive Sitzbelüftung vorn\nSO4GQ M Sicherheitsgurte\nS05DN Parking Assistant Plus\nS0688 Harman Kardon SurroundSound\nSO6PA Personal eSIM\nS06U3 BMW Live Cockpit Professional\nSO7MEM Driver's Package\nSO7R7 Innovationspaket\nS0322 Komfortzugang\nSO5AC Fernlichtassistent\nS05AU Driving Assistant Professional\nSO5AZ BMW Laserlicht\nS08TR Dekodierung Zusatzfunktionen\n501T6 Schmiederäder 825 M. Bicolor\nP0475 Saphirschwarzmetallic\nFX35U Vollleder Merino schwarz \nSOXED BMW Individual Interieur Aluminium Hochglanz ( nicht das langweilige Carbon was jeder hat)\nBMW Driverecorder\n\nErstkontakt bitte über Mail. \nBei seriösen Anschreiben melde ich mich umgehend zurück alle anderen ignoriere ich. Ich möchte Ihre und meine Zeit nicht verschwenden.",
  "dealerDetails": {
    "id": 840502,
    "sellerType": "Private Seller",
    "country": "DE",
    "address": "DE-41472 Neuss",
    "location": {
      "latitude": 51.1690416,
      "longitude": 6.6442567
    },
    "iconUrl": null,
    "reviewPageUrl": null,
    "score": null,
    "activeRatingCount": null,
    "vehicleAsDescribedPercentage": null,
    "recommendPercentage": null,
    "soldVehicleCount": null,
    "reviews": []
  },
  "attributes": {
    "Vehicle condition": "Used vehicle, Accident-free",
    "Category": "Estate car",
    "Mileage": "5,700 km",
    "Cubic Capacity": "2,993 ccm",
    "Power": "375 kW (510 hp)",
    "Drive type": "Internal combustion engine",
    "Fuel": "Petrol",
    "Number of Seats": "5",
    "Door Count": "4/5",
    "Transmission": "Automatic",
    "Emission Class": "Euro 6e",
    "Emissions Sticker": "4 (Green)",
    "First Registration": "08/2024",
    "Number of Vehicle Owners": "1",
    "HU": "08/2027",
    "Climatisation": "Automatic climatisation, 3 zones",
    "Parking sensors": "360° camera, Rear, Front, Self-steering systems",
    "Airbags": "Front and Side and More Airbags",
    "Colour": "Black Metallic",
    "Interior Design": "Full leather, Black"
  },
  "features": [
    "ABS",
    "Adaptive cornering lights",
    "Adaptive Cruise Control",
    "Alarm system",
    "Alloy wheels",
    "Ambient lighting",
    "Android Auto",
    "Apple CarPlay",
    "Arm rest",
    "Autom. dimming interior mirror",
    "Blind spot assist",
    "Bluetooth",
    "Cargo barrier",
    "Central locking",
    "DAB radio",
    "Digital cockpit",
    "Distance warning system",
    "Electric seat adjustment",
    "Electric side mirror",
    "Electric tailgate",
    "Electric windows",
    "Emergency brake assist",
    "Emergency call system",
    "ESP",
    "Fatigue warning system",
    "Four-wheel drive",
    "Full Service History",
    "Glare-free high beam headlights",
    "Hands-free kit",
    "Headlight washer system",
    "Head-up display",
    "Heated seats",
    "Heated steering wheel",
    "High beam assist",
    "Hill-start assist",
    "Immobilizer",
    "Induction charging for smartphones",
    "Integrated music streaming",
    "Isofix",
    "Keyless central locking",
    "Lane change assist",
    "Laser headlights",
    "Leather steering wheel",
    "LED running lights",
    "Light sensor",
    "Lumbar support",
    "Multifunction steering wheel",
    "Navigation system",
    "Non-smoker vehicle",
    "On-board computer",
    "Paddle shifters",
    "Particulate filter",
    "Power Steering",
    "Rain sensor",
    "Seat ventilation",
    "Sound system",
    "Speed limit control system",
    "Sport seats",
    "Sports package",
    "Sports suspension",
    "Start-stop system",
    "Summer tyres",
    "Touchscreen",
    "Traction control",
    "Traffic sign recognition",
    "Tuner/radio",
    "Tyre pressure monitoring",
    "USB port",
    "Voice control",
    "Warranty",
    "WLAN / Wi-Fi hotspot"
  ]
},
{
  "title": "BMW M3 A Competition M xDrive Tou 360 H&K HuD 19/20\"",
  "previewImage": "https://img.classistatic.de/api/v1/mo-prod/images/31/3165779e-a645-449f-914d-be05a5ff6642?rule=mo-1600.jpg",
  "category": "EstateCar",
  "brand": "BMW",
  "model": "M3",
  "url": "https://suchen.mobile.de/fahrzeuge/details.html?id=433244509",
  "price.total.amount": 88349,
  "priceRating": {
    "rating": "Good price",
    "priceRanges": {
      "Very good price": {
        "start": 66001,
        "end": 85800
      },
      "Good price": {
        "start": 85801,
        "end": 92400
      },
      "Fair price": {
        "start": 92401,
        "end": 102800
      },
      "Increased price": {
        "start": 102801,
        "end": 110300
      },
      "High price": {
        "start": 110301,
        "end": 122600
      }
    }
  },
  "description": "M Isle of Man Grün metallic\nVollleder Merino Schwarz\nBMW Live Cockpit Professional\nM Sportsitze\nAdaptiver LED-Scheinwerfer\nSurround-View\nRückfahrkamera\nParking Assistant Plus\nGeschwindigkeitsregelung mit Bremsfunktion\nAdaptives Sportfahrwerk\nHarman Kardon Surround Sound System\nDAB-Tuner\nSitzheizung für Fahrer und Beifahrer\nKomfortzugang (Keyless Entry)\nKlimaautomatik\nAlarmanlage\nSonnenschutzverglasung\nParkassistent inkl. PDC vo & hi\nDachhimmel in anthrazit\nBMW Individual Dachreling Hochglanz Shadow Line\nM Interieurleisten Aluminium R\nDach und Spiegelkappen in schwarz\nAblagepaket\nAblage für Wireless Charging\nInnen- und Außenspiegel, automatisch abblendend\nHochglanz Shadow-Line\nBeifahrerairbag Deaktivierung\nGesetzlicher Notruf\nBMW Individual HochglanzShadow Line mit \nActive Protection\nFondkopfstützen klappbar\nLordosenstütze\nReifendruckanzeige\nBMW Individual Leuchten Shadow Line\nGalvanikapplikation für Bedienelemente\nM Sicherheitsgurte\nInnenspiegel, automatisch abblendend\nSitzverstellung, elektrisch mit Memory für Fahrer\n19\"/20\" M Schmiederäder Doppelspeiche 825M Bicolor\nFernlichtassistent\nM Sportdifferential\nM Drive Professional\nHead-Up-Display\nDriving Assistant\nÄnderungen Zwischenverkauf und Irrtümer vorbehalten!",
  "dealerDetails": {
    "id": 462876,
    "name": "Autohaus Reisacher GmbH",
    "sellerType": "Dealer",
    "phones": [
      "+49 (0)731 8507082840"
    ],
    "languages": [
      "Deutsch",
      "English",
      "Français",
      "Türkçe"
    ],
    "country": "DE",
    "address": "Blaubeurer  Strasse 110, DE-89077 Ulm",
    "location": {
      "latitude": 48.4013097,
      "longitude": 9.9598537
    },
    "activeSince": "2003-10-28T00:00:00.000Z",
    "homepageUrl": "https://home.mobile.de/home/redirect.html?customerId=462876",
    "iconUrl": null,
    "reviewPageUrl": "https://www.mobile.de/bewertungen/REISACHER-ULM?lang=en",
    "score": {
      "total": 4.8,
      "responseTime": 4.6,
      "friendliness": 4.9,
      "advice": 4.8
    },
    "activeRatingCount": 33,
    "vehicleAsDescribedPercentage": 100,
    "recommendPercentage": 92,
    "soldVehicleCount": null,
    "reviews": []
  },
  "attributes": {
    "Vehicle condition": "Used vehicle",
    "Category": "Estate car, Employee's Car",
    "Vehicle Number": "152964",
    "Mileage": "14,903 km",
    "Cubic Capacity": "2,993 ccm",
    "Power": "385 kW (523 hp)",
    "Drive type": "Internal combustion engine",
    "Fuel": "Petrol",
    "CO₂ class": "Based on CO₂ emissions (combined)",
    "Fuel consumption": [
      "10.4 l/100km (combined)",
      "15.8 l/100km (city)",
      "10.3 l/100km (suburban)",
      "8.8 l/100km (country road)",
      "9.8 l/100km (motorway)"
    ],
    "Number of Seats": "5",
    "Door Count": "4/5",
    "Transmission": "Automatic",
    "Emission Class": "Euro 6e",
    "First Registration": "10/2024",
    "Number of Vehicle Owners": "1",
    "HU": "10/2027",
    "Climatisation": "Automatic air conditioning",
    "Parking sensors": "Self-steering systems, Rear, 360° camera",
    "Airbags": "Front and Side and More Airbags",
    "Colour (Manufacturer)": "Isle of Man Grün metallic",
    "Colour": "Green",
    "Interior Design": "Full leather, Black",
    "Energy consumption (comb.)": "10.4 l/100km",
    "CO₂ emissions (comb.)": "235 g/km"
  },
  "features": [
    "ABS",
    "Adaptive cornering lights",
    "Alarm system",
    "Alloy wheels",
    "Central locking",
    "Cruise control",
    "DAB radio",
    "Electric seat adjustment",
    "Electric side mirror",
    "Electric windows",
    "ESP",
    "Fog lamp",
    "Four-wheel drive",
    "Full Service History",
    "Head-up display",
    "Heated seats",
    "Immobilizer",
    "Isofix",
    "Keyless central locking",
    "LED headlights",
    "LED running lights",
    "Light sensor",
    "Lumbar support",
    "Navigation system",
    "Non-smoker vehicle",
    "On-board computer",
    "Power Steering",
    "Roof rack",
    "Sound system",
    "Sport seats",
    "Sports package",
    "Sports suspension",
    "Start-stop system",
    "Traction control",
    "Tuner/radio",
    "Warranty"
  ]
},
{
  "title": "BMW M3 Comp. M xDri LCI HUD H/K PA+ ACC adLED Memory",
  "previewImage": "https://img.classistatic.de/api/v1/mo-prod/images/43/430a4161-8033-479e-a995-febe04b9ee59?rule=mo-1600.jpg",
  "category": "SportsCar",
  "brand": "BMW",
  "model": "M3",
  "url": "https://suchen.mobile.de/fahrzeuge/details.html?id=428837475",
  "price.total.amount": 88850,
  "priceRating": {
    "rating": "Good price",
    "priceRanges": {
      "Very good price": {
        "start": 66501,
        "end": 86500
      },
      "Good price": {
        "start": 86501,
        "end": 93100
      },
      "Fair price": {
        "start": 93101,
        "end": 103600
      },
      "Increased price": {
        "start": 103601,
        "end": 111200
      },
      "High price": {
        "start": 111201,
        "end": 123500
      }
    }
  },
  "description": "Verbrauch und Emission (WLTP)\nPrimärer Antrieb Verbrauch kombiniert: 10,40 l/100 km\nCO2 Emission kombiniert: 234 g/km\n\nGetriebe\nAutomatikgetriebe, 8 Gänge\n\nAusstattungslinie\nAusstattungslinie Exterieur: Competition\n\nAusstattungspakete\nAusstattungspaket: Connected Package Professional, Connected Professional (laufzeitgebundener Dienst)\nSportpaket\nComfort Paket\nOptikpaket: M Hochglanz Shadow Line\nLichtpaket\nAblagepaket\nSpiegelpaket: Innen- und Außenspiegelpaket\n\nAssistenzsysteme\nHead-up-Display HUD\nFernlichtassistent\nBMW ParkAssistent mit PDC vorne u. hinten\nRückfahrkamera\nSurround View\nFahrlichtautomatik\nAktive Geschwindigkeitsregelung mit Stop & Go\nSpracheingabesystem\nMüdigkeitserkennung\nSpurwechselassistent\nSpurhalteassistent\nBremsassistent\nFahrerassistenzpaket: Driving Assistant Professional, Heckaufprall-Vermeidung, Parkassistent-Paket Plus, Rückfahr-Assistent\nActive Guard Auffahrwarnung\nSpeed Limit Info\nGespannstabilisierung\n\nLicht und Sicht\nAdaptiver LED-Scheinwerfer\nAdaptives Kurvenlicht\nLED-Tagfahrlicht\nRegensensor\nAutomatisch abblendende Innen- und Außenspiegel\nSonnenschutzverglasung\nDynamische Leuchtweitenregulierung\nAmbientebeleuchtung\nLichtsensor\n\nAudio & Kommunikation\nBMW Live Cockpit Professional: Augmented Reality\nRadio\nMulti-Funktions-Display\nDigitaler Radioempfang DAB\nHarman/Kardon Soundsystem\nUSB Anschluss, Bluetooth Audiostreaming\nBMW ConnectedDrive Services: ConnectedDrive Services (laufzeitgebundener Dienst), Connected Package Professional (laufzeitgebundener Dienst)\nHandyvorbereitung Bluetooth\nApple CarPlay\nKabelloses Laden für Handys\nWLAN Hotspot: Personal eSIM\n\nKomfort\nBMW Live Cockpit Professional: Professional, BMW Curved Display\nKlimaautomatik, 3 Zonen\nFahrer-/Beifahrersitz elektrisch\nMemoryfunktion Fahrersitz\nLordosenstütze Fahrer/Beifahrer elektrisch\nSitzheizung Fahrer/Beifahrer\nSportsitze: M\nArmauflage hinten\nServolenkung\nLenksäule verstellbar\nKomfortzugang\nAuto Start Stop Funktion\nZentralver. mit Fernbedienung: mit Diebstahlsicherung und Crashsensor, BMW Digital Key\nFensterheber elektrisch 4-fach\nKopfstützen vorn und hinten\nAutomatisch öffnende Heckklappe\nM Drive\nGetränkehalter\n\nInterieur\nSitze Leder BMW Individual erweiterte\nMultifunktions-Lederlenkrad\nBordcomputer\nLaderaumabdeckung\nDurchladesystem\nDekoreinlagen Aluminium: M Interieurleisten Aluminium Rhombicle A, Rhombicle mit Akzentleiste, Rhombicle anthrazit\nBodenbelag Teppich\nLenkrad-Schaltwippen\n\nExterieur\nAdaptives Fahrwerk\nAntrieb: Allrad\nM Sportfahrwerk\nTouchscreen Bedienung\nDifferentialsperre: Aktives M Differential\nM Leichtmetallräder 20 Zoll: Doppelspeiche 826 M\nAußenspiegel elekt. anklappbar\nDachreling: BMW Individual, hochglanz Shadow Line, Hochglanz Shadow-Line\nReifenpannenset\nInnovationspaket\nNotrufsystem: Intelligenter Notruf inkl. TeleServices (laufzeitgebundener Dienst)\nGeschwindigkeitsbegrenzer\nFahrzeugpersonalisierung: BMW ID\n\nSicherheit\nISOFIX Kindersitzbefestigung\nFußgängerschutzsystem: aktiv\nFahrer- /Beifahrerairbag\nKopfairbag vorn\nSeitenairbag vorn und hinten\nKnieairbag Fahrer\nDynamische Traktions Control DTC\nDynamische Stabilitäts Control DSC\nReifen Pannen Anzeige RPA\nDiebstahlwarnanlage\nWegfahrsperre\nAußentemperatur Anzeige\nAntiblockiersystem ABS\nProaktives Insassenschutzsystem: Active Protection\nQuerverkehrswarnung\n\nWeitere Ausstattung\nM Drive Professional\nRadschraubensicherung\nReifendruckanzeige\nAlarmanlage\nAdaptives M Fahrwerk\nKomfortzugang\nDach und Spiegelkappen schwarz\nBMW Individual Dachreling Hochglanz Shadow Line\nGepaeckraumpaket\nSonnenschutzverglasung\nInnen- und Außenspiegelpaket\nInnenspiegel automatisch abblendend\nSitzverstellung elektrisch mit Memory\nAblagenpaket\nM Sicherheitsgurte\nM Interieurleisten Aluminium Rhombicle Anthrazit\nFernlichtassistent\nFondkopfstützen klappbar\nTeleservices\nGesetzlicher Notruf\nConnectedDrive Services\nConnected Package Professional\nAblage für Wireless Charging\nPersonal eSIM\nM Sportsitze\nM Hochglanz Shadow Line\nM Dachhimmel anthrazit\nInnovationspaket II\nM Hochglanz Shadow Line mit erweiterten Umfängen\nGebrauchtwagensiegel: BMW Premium Selection\nehemalige unverbindliche Preisempfehlung des Herstellers: 112999 EUR\n\nFahrdaten\nvMax: 280 km/h\nBeschleunigung: 4 Sek. 0-100 km/h\n\nDie im Inserat aufgeführten Ausstattungsmerkmale sind unverbindlich. Maßgeblich für den Kauf ist allein der schriftliche Kaufvertrag. Angaben im Inserat begründen keine Beschaffenheitsvereinbarung. Verbindliche Ausstattungsangaben werden ausschließlich im Kaufvertrag festgelegt.",
  "dealerDetails": {
    "id": 454159,
    "name": "WELLER Premium GmbH - BMW & MINI Vertragshändler",
    "sellerType": "Dealer",
    "phones": [
      "+49 (0)5231 500817798"
    ],
    "languages": [
      "Deutsch"
    ],
    "country": "DE",
    "address": "Windmeierweg 12, DE-32758 Detmold",
    "location": {
      "latitude": 51.96147879999999,
      "longitude": 8.8422092
    },
    "activeSince": "2007-01-09T00:00:00.000Z",
    "homepageUrl": "https://home.mobile.de/home/redirect.html?customerId=454159",
    "iconUrl": "https://img.classistatic.de/api/v1/mo-prod/images/50/506ea7dd-2034-4fd8-a104-0773e6f9a536?rule=mo-640.jpg",
    "reviewPageUrl": "https://www.mobile.de/bewertungen/BKALLESKLARDETMOLDGMBH?lang=en",
    "score": {
      "total": 4.3,
      "responseTime": 4.3,
      "friendliness": 4.4,
      "advice": 4.1
    },
    "activeRatingCount": 60,
    "vehicleAsDescribedPercentage": 93,
    "recommendPercentage": 91,
    "soldVehicleCount": null,
    "reviews": []
  },
  "attributes": {
    "Vehicle condition": "Used vehicle",
    "Category": "Sports Car / Coupe, Employee's Car",
    "Trim line": "Competition",
    "Vehicle Number": "1629850",
    "Availability": "Now",
    "Origin": "German edition",
    "Mileage": "19,177 km",
    "Cubic Capacity": "2,993 ccm",
    "Power": "390 kW (530 hp)",
    "Drive type": "Internal combustion engine",
    "Fuel": "Petrol",
    "CO₂ class": "Based on CO₂ emissions (combined)",
    "Fuel consumption": [
      "10.4 l/100km (combined)"
    ],
    "Energy costs for 15,000 km annual mileage": "€2,802/Year",
    "Fuel price": "€1.80/l (annual average 2024)",
    "Possible CO₂ costs over the next 10 years (15,000 km/year)": [
      "€4,036 (assuming an average CO₂ price of €115/t)",
      "€1,755 (assuming a low average CO₂ price of €50/t)",
      "€6,669 (assuming a high average CO₂ price of €190/t)"
    ],
    "Vehicle tax": "€476/Year",
    "Door Count": "4/5",
    "Transmission": "Automatic",
    "Emission Class": "Euro6d",
    "Emissions Sticker": "4 (Green)",
    "First Registration": "12/2024",
    "Number of Vehicle Owners": "1",
    "HU": "New",
    "Climatisation": "Automatic climatisation, 3 zones",
    "Parking sensors": "Rear, 360° camera, Self-steering systems, Front",
    "Airbags": "Front and Side and More Airbags",
    "Colour (Manufacturer)": "Saphirschwarz",
    "Colour": "Black Metallic",
    "Interior Design": "Full leather, Blue",
    "Cylinders": "6",
    "Energy consumption (comb.)": "10.4 l/100km",
    "CO₂ emissions (comb.)": "234 g/km"
  },
  "features": [
    "ABS",
    "Adaptive cornering lights",
    "Adaptive Cruise Control",
    "Alarm system",
    "Alloy wheels",
    "Ambient lighting",
    "Apple CarPlay",
    "Arm rest",
    "Autom. dimming interior mirror",
    "Blind spot assist",
    "Bluetooth",
    "Central locking",
    "DAB radio",
    "Digital cockpit",
    "Distance warning system",
    "Dynamic chassis control",
    "Electric seat adjustment",
    "Electric side mirror",
    "Electric tailgate",
    "Electric windows",
    "Eletric seat adjustment with memory function",
    "Emergency call system",
    "Emergency tyre repair kit",
    "ESP",
    "Folding exterior mirrors",
    "Four-wheel drive",
    "Full Service History",
    "Hands-free kit",
    "Head-up display",
    "Heated seats",
    "High beam assist",
    "Immobilizer",
    "Induction charging for smartphones",
    "Integrated music streaming",
    "Isofix",
    "Keyless central locking",
    "Lane change assist",
    "Leather steering wheel",
    "LED headlights",
    "LED running lights",
    "Light sensor",
    "Lumbar support",
    "Multifunction steering wheel",
    "Navigation system",
    "Non-smoker vehicle",
    "On-board computer",
    "Paddle shifters",
    "Power Steering",
    "Rain sensor",
    "Roof rack",
    "Sound system",
    "Speed limit control system",
    "Sport seats",
    "Sports package",
    "Sports suspension",
    "Start-stop system",
    "Touchscreen",
    "Traction control",
    "Traffic sign recognition",
    "Tuner/radio",
    "Tyre pressure monitoring",
    "USB port",
    "Voice control",
    "Warranty",
    "WLAN / Wi-Fi hotspot"
  ]
},
{
  "title": "BMW M3 xDrive Competition |Schalensitze|M Driver´s P",
  "previewImage": "https://img.classistatic.de/api/v1/mo-prod/images/43/43e2a283-4de9-44c6-8d4a-ae084f59240a?rule=mo-1600.jpg",
  "category": "EstateCar",
  "brand": "BMW",
  "model": "M3",
  "url": "https://suchen.mobile.de/fahrzeuge/details.html?id=425825145",
  "price.total.amount": 87890,
  "priceRating": {
    "rating": "Fair price",
    "priceRanges": {
      "Very good price": {
        "start": 59401,
        "end": 77300
      },
      "Good price": {
        "start": 77301,
        "end": 83200
      },
      "Fair price": {
        "start": 83201,
        "end": 92500
      },
      "Increased price": {
        "start": 92501,
        "end": 99300
      },
      "High price": {
        "start": 99301,
        "end": 110400
      }
    }
  },
  "description": "BMW M3 Competition Touring mit M Schalensitze Carbon .\nDeutsches Fahrzeug mit deutsche Erstzulassung\n12 Monate Premium Garantie inkl. \n\nSonderausstattung \n48C M Schalensitze Carbon\n7R7 Innovations-Paket\n◦ Scheinwerfer Laserlicht\n◦ Fahrassistenz-System: Fernlichtassistent\n◦ Komfortzugang (Öffnungs- und Schließsystem)\n◦ Fahrassistenz-System: Driving Assistant\n◦ Fahrassistenz-System: Spurwechselassistent\n◦ Fahrassistenz-System: Frontkollisionswarnung\n◦ Fahrassistenz-System: Heckaufprall-Vermeidung (Prävention Heckkollision)\n◦ Fahrassistenz-System: Querverkehrs-Assistent\n◦ Fahrassistenz-System: Spurwechsel-Warnsystem\n7ME M Driver´s Package\nC36M BMW Individuallackierung Dravit-Grau Metallic\nX3SW Sitzbezug / Polsterung: Voll-Leder Merino\n5AU Fahrassistenz-System: Driving Assistant Professional\n◦ Fahrassistenz-System: Spurwechselassistent\n◦ Fahrassistenz-System: Falschfahrwarnung\n◦ Geschwindigkeits-Begrenzeranlage (Speed Limit Device)\n◦ Geschwindigkeits-Regelanlage, Aktiv mit Stop&Go-Funktion\n◦ Fahrassistenz-System: Frontkollisionswarnung\n◦ Fahrassistenz-System: Heckaufprall-Vermeidung (Prävention Heckkollision)\n◦ Fahrassistenz-System: Kreuzungs-Assistent\n◦ Fahrassistenz-System: Querverkehrs-Assistent\n◦ Fahrassistenz-System: Ausweich-Assistent\n◦ Fahrassistenz-System: Ampel-Erkennung\n◦ Fahrassistenz-System: Spurwechsel-Warnsystem\n◦ Fahrassistenz-System: aktiver Spurhalteassistent\n4MC Innenausstattung: Interieurleisten Carbon\n5DN Parkassistent-Paket Plus\n◦ Service-System: Remote 3D View\n◦ Rückfahrkamera (Top View)\n◦ Surround-Kamerasystem (Surround View)\n◦ Fahrassistenz-System: Rückfahr-Assistent\n1T8 LM-Felgen vorn/hinten: 9,5x19 / 10,5x20 (Doppelspeichen 826 M, Bicolor, Schwarz)\n◦ Reifensystem Performance\n688 Sound-System Harman-Kardon\n420 Sonnenschutzverglasung (hinten abgedunkelt)\n3M6 Bremsanlage: Compound - M Bremssystem (Bremssättel Schwarz)\n5AL Sicherheitssystem Active Protection\n3MF Scheinwerfer BMW Individual Shadow-Line\n3MQ BMW M 50 Jahre Embleme\n3KA Verglasung Akustikglas\nSerienausstattung \n493 Ablage-Paket\n2VF Adaptives Fahrwerk M-Technic\n5DA Airbag Beifahrerseite abschaltbar\nAktives M Differential\n302 Alarmanlage\nAmbiente-Beleuchtung\nAnti-Blockier-System (ABS)\nAntriebsart: Allradantrieb\nAntriebsart: xDrive (Allrad)\n6C4 Ausstattungs-Paket: Connected Professional\n760 Außenausstattung: Shadow-Line Hochglanz\n7M9 Außenausstattung: Shadow-Line Hochglanz (erweiterter Umfang)\nAußenspiegel elektr. verstell- und heizbar\n4U0 Bedienelemente galvanisiert\n6U2 BMW Live Cockpit Plus\nBordcomputer\nCompetition\n654 DAB-Tuner (Radioempfang digital)\n775 Dachhimmel Anthrazit (BMW Individual)\n3MC Dachreling Hochglanz Shadow-Line\n2PA Diebstahlsicherung für Räder (Felgenschlösser)\nDurchladeeinrichtung (Mittelarmlehne hinten)\nDynamische Stabilitäts-Control (DSC) mit erweiterter Umfang\nEinstiegsleisten mit Einleger in Aluminium mit Schriftzug M\nErste Hilfe-Kasten / Verbandkasten\n5AV Fahrassistenz-System: Active Guard (Bremsassistent)\nFahrassistenz-System: Aufmerksamkeits-Assistent\nFensterheber elektrisch\nFreisprecheinrichtung Bluetooth mit USB-/Audio-Schnittstelle\nFußmatten Velours\nGepäckraumbeleuchtung\nGeschwindigkeits-Begrenzeranlage (Speed Limit Device)\nGetriebe Automatik - mit Steptronic und Drivelogic (8-Stufen)\nGetränkehalter\nHeckklappenbetätigung automatisch\nHeckleuchten LED\n6NX Induktionsladeschale für Smartphone (Wireless Charging)\n431 Innenspiegel mit Abblendautomatik\nInstrumentenkombination (erweiterter Umfang)\nIsofix-Aufnahmen für Kindersitz an Rücksitz\nKarosserie: 5-türig\nKennzeichenbeleuchtung LED\n534 Klimaautomatik 3-Zonen mit autom. Umluft-Control\nKnieairbag Fahrerseite\nKopf-Airbag-System hinten\nKopf-Airbag-System vorn\n5DC Kopfstützen hinten klappbar\nLenkrad (Leder) mit Multifunktion M-Technic\n* Lenksäule (Lenkrad) elektr. \n\nSie interessieren Sich für unser Fahrzeug? Überzeugen Sie sich selbst.\nSelbstverständlich können Sie eine Besichtigung und Probefahrt vereinbaren​ per Telefon: 07433 38 66 220 oder Email: info@autohausbalingen.de / Whatsapp: ✆ +49 162 655 55 68 \n\nWarum CHG Autohaus?\n• Geprüfte Fahrzeuge / Vertrauenscheck durch unser KFZ-Werkstatt.\n• Die besten Finanzierung und Leasing Konditionen - ohne Anzahlung und Individuell.\n• Premium Garantie - Optimaler Schutz und Sicherheit für unsere Kunden.\n• Zulassungservice / Kurzzeit / Export / Zollabfertigung.\n• Showroom und Fahrzeugpräsentation erlebnis auf 6000qm fläche. \n\nInzahlungnahme Ihres Gebrauchten zum aktuellen Marktpreis.\nFinanzierung ohne Anzahlung, variable Monatsraten und Laufzeiten von 12 - 96 Monaten.\nKontaktieren Sie uns, wir unterbreiten Ihnen gerne ein Angebot! \nÄnderungen, Irrtümer und Zwischenverkauf vorbehalten, alle Angaben ohne Gewähr.",
  "dealerDetails": {
    "id": 27939193,
    "name": "CHG Autohaus Balingen GmbH",
    "sellerType": "Dealer",
    "phones": [
      "+49 (0)7433 140700759"
    ],
    "messengers": {
      "WHATS_APP": "+49 (0)162 6555568"
    },
    "languages": [
      "Deutsch",
      "English"
    ],
    "country": "DE",
    "address": "Häselstrasse 6, DE-72336 Balingen",
    "location": {
      "latitude": 48.3072555,
      "longitude": 8.876118600000002
    },
    "activeSince": "2015-10-08T00:00:00.000Z",
    "homepageUrl": "https://home.mobile.de/home/redirect.html?customerId=27939193",
    "iconUrl": "https://img.classistatic.de/api/v1/mo-prod/images/bf/bf68d1b9-f3c3-4c4c-b0a2-f6fc793f9612?rule=mo-640.jpg",
    "reviewPageUrl": "https://www.mobile.de/bewertungen/CHGAUTOHAUSBALINGENGMBH?lang=en",
    "score": {
      "total": 4.8,
      "responseTime": 4.8,
      "friendliness": 4.8,
      "advice": 4.8
    },
    "activeRatingCount": 165,
    "vehicleAsDescribedPercentage": 96,
    "recommendPercentage": 96,
    "soldVehicleCount": null,
    "reviews": []
  },
  "attributes": {
    "Vehicle condition": "Used vehicle, Accident-free",
    "Category": "Estate car",
    "Vehicle Number": "4482",
    "Origin": "German edition",
    "Mileage": "10,300 km",
    "Cubic Capacity": "2,993 ccm",
    "Power": "375 kW (510 hp)",
    "Drive type": "Internal combustion engine",
    "Fuel": "Petrol, E10-enabled",
    "CO₂ class": "Based on CO₂ emissions (combined)",
    "Fuel consumption": [
      "10.3 l/100km (combined)",
      "15.4 l/100km (city)",
      "10.2 l/100km (suburban)",
      "8.8 l/100km (country road)",
      "9.7 l/100km (motorway)"
    ],
    "Energy costs for 15,000 km annual mileage": "€2,844/Year",
    "Fuel price": "€1.85/l (annual average 2025)",
    "Possible CO₂ costs over the next 10 years (15,000 km/year)": [
      "€4,002 (assuming an average CO₂ price of €115/t)",
      "€1,914 (assuming a low average CO₂ price of €55/t)",
      "€6,612 (assuming a high average CO₂ price of €190/t)"
    ],
    "Vehicle tax": "€468/Year",
    "Number of Seats": "5",
    "Door Count": "4/5",
    "Transmission": "Automatic",
    "Emission Class": "Euro6d",
    "Emissions Sticker": "4 (Green)",
    "First Registration": "03/2023",
    "Number of Vehicle Owners": "1",
    "HU": "03/2026",
    "Climatisation": "Automatic climatisation, 2 zones",
    "Parking sensors": "360° camera, Rear, Front, Self-steering systems",
    "Airbags": "Front and Side and More Airbags",
    "Colour (Manufacturer)": "DRAVITGRAU",
    "Colour": "Grey Metallic",
    "Interior Design": "Full leather, Black",
    "Weight": "1,940 kg",
    "Cylinders": "6",
    "Tank capacity": "59 l",
    "Energy consumption (comb.)": "10.3 l/100km",
    "CO₂ emissions (comb.)": "232 g/km"
  },
  "features": [
    "ABS",
    "Adaptive Cruise Control",
    "Adaptive lighting",
    "Alarm system",
    "Alloy wheels",
    "Ambient lighting",
    "Android Auto",
    "Apple CarPlay",
    "Arm rest",
    "Autom. dimming interior mirror",
    "Blind spot assist",
    "Bluetooth",
    "Central locking",
    "DAB radio",
    "Digital cockpit",
    "Distance warning system",
    "Dynamic chassis control",
    "Electric seat adjustment",
    "Electric side mirror",
    "Electric tailgate",
    "Electric windows",
    "Emergency brake assist",
    "Emergency tyre repair kit",
    "ESP",
    "Fatigue warning system",
    "Fog lamp",
    "Folding exterior mirrors",
    "Four-wheel drive",
    "Full Service History",
    "Glare-free high beam headlights",
    "Hands-free kit",
    "Heated rear seats",
    "Heated windshield",
    "High beam assist",
    "Hill-start assist",
    "Immobilizer",
    "Induction charging for smartphones",
    "Integrated music streaming",
    "Isofix",
    "Keyless central locking",
    "Lane change assist",
    "Leather steering wheel",
    "LED headlights",
    "LED running lights",
    "Light sensor",
    "Multifunction steering wheel",
    "Navigation system",
    "Non-smoker vehicle",
    "On-board computer",
    "Paddle shifters",
    "Particulate filter",
    "Passenger seat Isofix point",
    "Power Steering",
    "Rain sensor",
    "Rear traffic alert",
    "Roof rack",
    "Ski bag",
    "Sound system",
    "Speed limit control system",
    "Sport seats",
    "Sports package",
    "Sports suspension",
    "Start-stop system",
    "Summer tyres",
    "Tinted windows",
    "Touchscreen",
    "Traction control",
    "Traffic sign recognition",
    "Tuner/radio",
    "TV",
    "Tyre pressure monitoring",
    "USB port",
    "Voice control",
    "Warranty"
  ]
},
{
  "title": "BMW M3 xDrive Competition M Touring EU6e COMPETITION",
  "previewImage": "https://img.classistatic.de/api/v1/mo-prod/images/b6/b6670cb9-9ccc-4d18-b165-ee17443c3fc2?rule=mo-1600.jpg",
  "category": "EstateCar",
  "brand": "BMW",
  "model": "M3",
  "url": "https://suchen.mobile.de/fahrzeuge/details.html?id=434261432",
  "price.total.amount": 88890,
  "priceRating": {
    "rating": "Very good price",
    "priceRanges": {
      "Very good price": {
        "start": 69801,
        "end": 90700
      },
      "Good price": {
        "start": 90701,
        "end": 97700
      },
      "Fair price": {
        "start": 97701,
        "end": 108700
      },
      "Increased price": {
        "start": 108701,
        "end": 116600
      },
      "High price": {
        "start": 116601,
        "end": 129600
      }
    }
  },
  "description": "Ausstattungspakete:\nAntriebsart: Allradantrieb: Antriebsart: xDrive (Allrad)\nBMW Live Cockpit Professional: BMW Curved Display, Control-Display mit Farbmonitor (14,9 Zoll), Service-System: Augmented Reality für Navigation, Head-up-Display Full Color\nFahrassistenz-System: Driving Assistant Professional: Fahrassistenz-System: Spurwechselassistent, Fahrassistenz-System: Spurwechsel-Warnsystem, Fahrassistenz-System: Heckaufprall-Vermeidung (Prävention Heckkollision), Fahrassistenz-System: Querverkehrs-Assistent, Fahrassistenz-System: aktiver Spurhalteassistent, Fahrassistenz-System: Ausweich-Assistent, Fahrassistenz-System: Falschfahrwarnung, Geschwindigkeits-Regelanlage, Aktiv mit Stop&Go-Funktion, Fahrassistenz-System: Frontkollisionswarnung, Fahrassistenz-System: Kreuzungs-Assistent, Geschwindigkeits-Begrenzeranlage (Speed Limit Device), Fahrassistenz-System: Ampel-Erkennung\nInnovations-Paket (2): Scheinwerfer LED mit adaptiver Lichtverteilung, Heckklappenbetätigung automatisch, Komfortzugang (Öffnungs- und Schließsystem), BMW Digital Key\nMotor 3,0 Ltr. - 390 kW 24V TwinPower Turbo (S58): Motor 3,0 Ltr. - 390 kW 24V\nParkassistent-Paket Plus: Rückfahrkamera, Fahrassistenz-System: Park-Assistent, Rückfahrkamera (Top View), Surround-Kamerasystem (Surround View), Fahrassistenz-System: Rückfahr-Assistent, Fahrassistenz-System: Rückfahrhilfe Notbremsfunktion (Active PDC), Fahrassistenz-System: Einparkhilfe Seite\nSpiegel-Paket: Außenspiegel elektr. anklappbar, Außenspiegel mit Abblendautomatik, links, Außenspiegel mit Bordsteinautomatik, rechts\nWeitere Ausstattungen:\nGetriebe: Automatik\nTechnik: Allrad, Bordcomputer, Sperrdifferential, Adaptives Daempfungssystem, Start-Stop-Automatik, Volldigitales Kombiinstrument\nAssistenten: Verkehrszeichenerkennung, Park-Lenk-Assistent, Regensensor, Fernlichtassistent, Lichtsensor, Notbremsassistent, Spurhalteassistent, Spurwechselassistent, Abstandsregeltempomat, Ausparkassistent, Abstands-/Kollisionswarner\nKomfort: Klimaautomatik, Servolenkung, Zentralverriegelung, Elektrischer Fensterheber, Lederausstattung, Sitzheizung, Elektrische Aussenspiegel, Teilbare Ruecksitzlehne, Tempomat, Multifunktionslenkrad, Elektrische Sitze, Innenspiegel autom. abblendbar, Mittelarmlehne, Innenraumfilter, Lenksaeule einstellbar, Sportsitze, ParkDistanceControl vorne und hinten, Elektrische Heckklappe, Keyless Entry, Memory Sitze, Ambientebeleuchtung, Lordosenstütze, Lederlenkrad, Geschwindigkeitsbegrenzungsanlage, Klimaautomatik-2-Zonen, Klimaautomatik-3-Zonen, Funkfernbedienung\nSicht: LED-Hauptscheinwerfer, adaptives Kurvenlicht, LED-Tagfahrlicht, 360 Grad Kamera, HEAD-UP-Display, LED-Rueckleuchten, Scheinwerferregulierung, Colorverglasung, Privacyverglasung\nSicherheit: ABS, Airbag, Beifahrer-Airbag, Wegfahrsperre, Seitenairbags, Alarmanlage, ESP, Antriebsschlupfregelung, Reifendruckkontrolle, Traktionskontrolle, Kopfairbag, Knieairbag, Kindersitzbefestigung, Anhängerstabilisierung, Notrufsystem, Pannenkit\nEntertainment: Navigationssystem, Soundsystem, Radio, Telefonvorbereitung, USB-Anschluss, MP3, Harman-Kardon, Bluetooth, Freisprecheinrichtung, Sprachsteuerung, DAB, WLAN, Touchscreen, Induktionsladen für Smartphones, Musikstreaming, Navigationsvorbereitung\nUmwelt: Grüne Umweltplakette\nQualität: Garantie, Scheckheftgepflegt, HUAU neu, Nichtraucherfahrzeug\nSonstiges: Katalysator, Metallic, Alufelgen, Dachreling, Gepaeckraumabdeckung, Sportpaket, Sportfahrwerk, Lenkradheizung, Fahrerprofilauswahl, Gepäckraumabtrennung\nWeiteres: Leder Merino Schwarz/Schwarz, Aktiver Fußgängerschutz, Ölwartungsintervall 30000 km / 24 M, M Drivers Package, M Hochglanz Shadow Line mit erweite, Innovationspaket, M Dachhimmel anthrazit, M Hochglanz Shadow Line, Personal eSIM, Ablage für Wireless Charging, BMW Drive Recorder, Connecteddrive Services, gesetzlicher Notruf, Harman Kardon Surround Sound System, DAB-Tuner, PARKING ASSISTANT PLUS, Fondkopfstützen klappbar, DRIVING ASSISTANT PROFESSIONAL, FERNLICHTASSISTENT, Adaptiver LED-Scheinwerfer, KLIMAAUTOMATIK, Galvanikapplikation für Bedieneleme, Instrumententafel Luxury, M Interieurleisten Carbon Fibre, M Carbon Schalensitze, Sitzverstellung, elektrisch mit Mem, Innenspiegel automatisch Abblendend, Innen- und Außenspiegelpaket, SONNENSCHUTZVERGLASUNG, M Leuchten Shadow Line, M Dachreling Hochglanz Shadow Line, KOMFORTZUGANG, Alarmanlage, Adaptives M Fahrwerk, Reifenreparatur Set, Reifendruck-Kontrolle, M Sportdifferenzial, Lenkradheizung, 19/20 M Schmiederäder Doppelspeic, M Drive Professional, Abgasnorm EU6 RDE II, Scheibenwischer mit Regensensor, Scheinwerfer LED, Knieairbag Fahrerseite, Heckleuchten LED, Ambiente-Beleuchtung, Leuchtweitenregelung, Multifunktion für Lenkrad, Lenksäule (Lenkrad) mechan. vers\nInt.KnNr: 032784\nÄnderungen, Zwischenverkauf und Irrtümer vorbehalten.\nquality by dotzilla",
  "dealerDetails": {
    "id": 466123,
    "name": "Autohaus Tekken Leer GmbH & Co.KG, BMW MINI Vertragshändler",
    "sellerType": "Dealer",
    "phones": [
      "+49 (0)491 2034919987"
    ],
    "languages": [
      "Deutsch"
    ],
    "country": "DE",
    "address": "Ringstr. 20 - 24, DE-26789 Leer",
    "location": {
      "latitude": 53.24179179999999,
      "longitude": 7.459026199999999
    },
    "activeSince": "2007-02-05T00:00:00.000Z",
    "homepageUrl": "https://home.mobile.de/home/redirect.html?customerId=466123",
    "iconUrl": null,
    "reviewPageUrl": "https://www.mobile.de/bewertungen/AUTOHAUSTEKKENLEER?lang=en",
    "score": {
      "total": 4.1,
      "responseTime": 4.3,
      "friendliness": 4.3,
      "advice": 3.6
    },
    "activeRatingCount": 6,
    "vehicleAsDescribedPercentage": 100,
    "recommendPercentage": 60,
    "soldVehicleCount": null,
    "reviews": []
  },
  "attributes": {
    "Vehicle condition": "Used vehicle, Accident-free",
    "Category": "Estate car",
    "Trim line": "m3",
    "Availability": "Now",
    "Origin": "German edition",
    "Mileage": "6,085 km",
    "Cubic Capacity": "2,993 ccm",
    "Power": "390 kW (530 hp)",
    "Drive type": "Internal combustion engine",
    "Fuel": "Petrol",
    "CO₂ class": "Based on CO₂ emissions (combined)",
    "Fuel consumption": [
      "10.4 l/100km (combined)",
      "15.8 l/100km (city)",
      "10.3 l/100km (suburban)",
      "8.8 l/100km (country road)",
      "9.8 l/100km (motorway)"
    ],
    "Energy costs for 15,000 km annual mileage": "€2,802/Year",
    "Fuel price": "€1.80/l (annual average 2024)",
    "Possible CO₂ costs over the next 10 years (15,000 km/year)": [
      "€4,477 (assuming an average CO₂ price of €127/t)",
      "€2,115 (assuming a low average CO₂ price of €60/t)",
      "€7,050 (assuming a high average CO₂ price of €200/t)"
    ],
    "Vehicle tax": "€480/Year",
    "Number of Seats": "5",
    "Door Count": "4/5",
    "Transmission": "Automatic",
    "Emissions Sticker": "4 (Green)",
    "First Registration": "12/2024",
    "Construction Year": "2024",
    "Number of Vehicle Owners": "1",
    "HU": "New",
    "Climatisation": "Automatic climatisation, 3 zones",
    "Parking sensors": "360° camera, Front, Self-steering systems, Rear",
    "Airbags": "Front and Side and More Airbags",
    "Colour (Manufacturer)": "DRAVITGRAU METALLIC",
    "Colour": "Grey Metallic",
    "Interior Design": "Full leather, Other",
    "Cylinders": "6",
    "Energy consumption (comb.)": "10.4 l/100km",
    "CO₂ emissions (comb.)": "235 g/km"
  },
  "features": [
    "ABS",
    "Adaptive cornering lights",
    "Adaptive Cruise Control",
    "Alarm system",
    "Alloy wheels",
    "Ambient lighting",
    "Arm rest",
    "Autom. dimming interior mirror",
    "Bluetooth",
    "Cargo barrier",
    "Central locking",
    "DAB radio",
    "Digital cockpit",
    "Distance warning system",
    "Dynamic chassis control",
    "Electric seat adjustment",
    "Electric side mirror",
    "Electric tailgate",
    "Electric windows",
    "Eletric seat adjustment with memory function",
    "Emergency brake assist",
    "Emergency call system",
    "Emergency tyre repair kit",
    "ESP",
    "Folding exterior mirrors",
    "Four-wheel drive",
    "Full Service History",
    "Hands-free kit",
    "Head-up display",
    "Heated seats",
    "Heated steering wheel",
    "High beam assist",
    "Immobilizer",
    "Induction charging for smartphones",
    "Integrated music streaming",
    "Isofix",
    "Keyless central locking",
    "Lane change assist",
    "Leather steering wheel",
    "LED headlights",
    "LED running lights",
    "Light sensor",
    "Lumbar support",
    "Multifunction steering wheel",
    "Navigation preparation",
    "Navigation system",
    "Non-smoker vehicle",
    "On-board computer",
    "Power Steering",
    "Rain sensor",
    "Rear traffic alert",
    "Roof rack",
    "Sound system",
    "Speed limit control system",
    "Sport seats",
    "Sports package",
    "Sports suspension",
    "Start-stop system",
    "Tinted windows",
    "Touchscreen",
    "Traction control",
    "Traffic sign recognition",
    "Tuner/radio",
    "Tyre pressure monitoring",
    "USB port",
    "Voice control",
    "Warranty",
    "WLAN / Wi-Fi hotspot"
  ]
},
{
  "title": "BMW M3 Competition Touring mit M xDrive",
  "previewImage": "https://img.classistatic.de/api/v1/mo-prod/images/ef/ef14a634-10e0-491a-9fdc-4d017c4cb0fe?rule=mo-1600.jpg",
  "category": "EstateCar",
  "brand": "BMW",
  "model": "M3",
  "url": "https://suchen.mobile.de/fahrzeuge/details.html?id=433750329",
  "price.total.amount": 88900,
  "priceRating": {
    "rating": "Very good price",
    "priceRanges": {
      "Very good price": {
        "start": 68401,
        "end": 88900
      },
      "Good price": {
        "start": 88901,
        "end": 95700
      },
      "Fair price": {
        "start": 95701,
        "end": 106500
      },
      "Increased price": {
        "start": 106501,
        "end": 114300
      },
      "High price": {
        "start": 114301,
        "end": 127000
      }
    }
  },
  "description": "Top Zustand\nFestpreis\nMit Carbon Fibre Intrior\n+Innovationspaket\nFestpreis!",
  "dealerDetails": {
    "sellerType": "Private Seller",
    "country": "DE",
    "address": "DE-92224 Amberg",
    "location": {
      "latitude": 49.44389,
      "longitude": 11.84811
    },
    "iconUrl": null,
    "reviewPageUrl": null,
    "score": null,
    "activeRatingCount": null,
    "vehicleAsDescribedPercentage": null,
    "recommendPercentage": null,
    "soldVehicleCount": null,
    "reviews": []
  },
  "attributes": {
    "Vehicle condition": "Used vehicle",
    "Category": "Estate car",
    "Mileage": "7,000 km",
    "Power": "390 kW (530 hp)",
    "Drive type": "Internal combustion engine",
    "Fuel": "Petrol",
    "Transmission": "Automatic",
    "Emissions Sticker": "4 (Green)",
    "First Registration": "10/2024",
    "HU": "10/2027",
    "Colour (Manufacturer)": "GREEN"
  },
  "features": []
},
{
  "title": "BMW M3 Competion M xDrive Touring",
  "previewImage": "https://img.classistatic.de/api/v1/mo-prod/images/c3/c3d4c4d7-f1c1-4395-9476-3050b2e47236?rule=mo-1600.jpg",
  "category": "EstateCar",
  "brand": "BMW",
  "model": "M3",
  "url": "https://suchen.mobile.de/fahrzeuge/details.html?id=418836668",
  "price.total.amount": 87990,
  "priceRating": {
    "rating": "Fair price",
    "priceRanges": {
      "Very good price": {
        "start": 62101,
        "end": 80700
      },
      "Good price": {
        "start": 80701,
        "end": 86900
      },
      "Fair price": {
        "start": 86901,
        "end": 96700
      },
      "Increased price": {
        "start": 96701,
        "end": 103800
      },
      "High price": {
        "start": 103801,
        "end": 115300
      }
    }
  },
  "description": "Armlehne\nElektr. Fensterheber\nElektr. Heckklappe\nElektr. Seitenspiegel\nElektr. Sitzeinstellung\nElektr. Sitzeinstellung mit Memory-Funktion\nInnenspiegel autom. abblendend\nLederlenkrad\nLordosenstütze\nSitzheizung\nZentralverriegelung\nBerganfahrassistent\nBordcomputer\nMultifunktionslenkrad\nSchaltwippen\nServolenkung\nAndroid Auto\nBluetooth\nApple CarPlay\nInduktionsladen für Smartphones\nNavigationssystem\nSprachsteuerung\nTouchscreen\nUSB\nLeichtmetallfelgen\n\nTuner/Radio:\nRadio DAB\n\nGeschwindigkeitsregulierung:\nTempomat\n\nKlimatisierung:\n3-Zonen-Klimaautomatik\nABS\nAbstandswarner\nESP\nGepäckraumabtrennung\nGeschwindigkeitsbegrenzer\nIsofix\nLichtsensor\nMüdigkeitswarner\nNotbremsassistent\nNotrufsystem\nRegensensor\nReifendruckkontrolle\nSpurhalteassistent\nStart/Stopp-Automatik\nTraktionskontrolle\nVerkehrszeichenerkennung\n\nAirbags:\nFront-, Seiten- und weitere Airbags\n\nTagfahrlicht (Art):\nLED-Tagfahrlicht\n\nHauptscheinwerfer:\nLED-Scheinwerfer\n\nEinparkhilfe:\nHinten\nVorne\nSportsitze",
  "dealerDetails": {
    "id": 14684145,
    "name": "RP-Automobile GmbH",
    "sellerType": "Dealer",
    "phones": [
      "+49 (0)36256 84984829"
    ],
    "languages": [
      "Deutsch"
    ],
    "country": "DE",
    "address": "Gottlieb-Daimler-Str. 1, DE-99869 Schwabhausen",
    "location": {
      "latitude": 50.8910103,
      "longitude": 10.7294673
    },
    "activeSince": "2016-05-09T00:00:00.000Z",
    "homepageUrl": "https://home.mobile.de/home/redirect.html?customerId=14684145",
    "iconUrl": null,
    "reviewPageUrl": "https://www.mobile.de/bewertungen/RPAutomobileGmbHSchwabhausen?lang=en",
    "score": {
      "total": 4.6,
      "responseTime": 4.6,
      "friendliness": 4.6,
      "advice": 4.6
    },
    "activeRatingCount": 5,
    "vehicleAsDescribedPercentage": 100,
    "recommendPercentage": 80,
    "soldVehicleCount": null,
    "reviews": []
  },
  "attributes": {
    "Vehicle condition": "Used vehicle, Accident-free",
    "Category": "Estate car",
    "Model range": "G81",
    "Trim line": "M3 Competion",
    "Availability": "Available in 1 week after order",
    "Mileage": "8,700 km",
    "Cubic Capacity": "2,993 ccm",
    "Power": "375 kW (510 hp)",
    "Drive type": "Internal combustion engine",
    "Fuel": "Petrol",
    "Fuel consumption": [
      "10.3 l/100km (combined)"
    ],
    "Number of Seats": "5",
    "Door Count": "4/5",
    "Transmission": "Automatic",
    "Emissions Sticker": "4 (Green)",
    "First Registration": "05/2024",
    "Number of Vehicle Owners": "1",
    "HU": "05/2027",
    "Climatisation": "Automatic climatisation, 3 zones",
    "Parking sensors": "Front, Rear",
    "Airbags": "Front and Side and More Airbags",
    "Colour (Manufacturer)": "Frozen Pure Grey",
    "Colour": "Grey Matte",
    "Energy consumption (comb.)": "10.3 l/100km",
    "CO₂ emissions (comb.)": "232 g/km"
  },
  "features": [
    "ABS",
    "Alloy wheels",
    "Android Auto",
    "Apple CarPlay",
    "Arm rest",
    "Autom. dimming interior mirror",
    "Bluetooth",
    "Cargo barrier",
    "Central locking",
    "Cruise control",
    "DAB radio",
    "Distance warning system",
    "Electric seat adjustment",
    "Electric side mirror",
    "Electric tailgate",
    "Electric windows",
    "Eletric seat adjustment with memory function",
    "Emergency brake assist",
    "Emergency call system",
    "ESP",
    "Fatigue warning system",
    "Four-wheel drive",
    "Full Service History",
    "Heated seats",
    "Hill-start assist",
    "Induction charging for smartphones",
    "Isofix",
    "Lane change assist",
    "Leather steering wheel",
    "LED headlights",
    "LED running lights",
    "Light sensor",
    "Lumbar support",
    "Multifunction steering wheel",
    "Navigation system",
    "New service",
    "Non-smoker vehicle",
    "On-board computer",
    "Paddle shifters",
    "Particulate filter",
    "Power Steering",
    "Rain sensor",
    "Speed limit control system",
    "Sport seats",
    "Start-stop system",
    "Touchscreen",
    "Traction control",
    "Traffic sign recognition",
    "Tyre pressure monitoring",
    "USB port",
    "Voice control"
  ]
},
{
  "title": "BMW M3 Touring UPE: 107902 HUD Harman Kardon",
  "previewImage": "https://img.classistatic.de/api/v1/mo-prod/images/47/47ff27eb-8d1a-4bf2-9d3a-d96402e99960?rule=mo-1600.jpg",
  "category": "EstateCar",
  "brand": "BMW",
  "model": "M3",
  "url": "https://suchen.mobile.de/fahrzeuge/details.html?id=424297206",
  "price.total.amount": 87902,
  "priceRating": {
    "rating": "Very good price",
    "priceRanges": {
      "Very good price": {
        "start": 71601,
        "end": 93100
      },
      "Good price": {
        "start": 93101,
        "end": 100300
      },
      "Fair price": {
        "start": 100301,
        "end": 111500
      },
      "Increased price": {
        "start": 111501,
        "end": 119700
      },
      "High price": {
        "start": 119701,
        "end": 133000
      }
    }
  },
  "description": "Sonstiges\nAblage-Paket\nAktives M Differential\nAnhänger-Stabilisierungs-Programm (ASL)\nAußenausstattung: Shadow-Line Hochglanz\nAußenausstattung: Shadow-Line Hochglanz (erweiterter Umfang)\nAußenspiegel mit Abblendautomatik, links\nAußenspiegel mit Bordsteinautomatik, rechts\nAusstattungs-Paket: Connected Professional\nAutomatische Stabilitäts-Control (ASC)\nBedienelemente galvanisiert\nBlinkleuchte in Außenspiegel integriert\nBMW Curved Display\nCompetition\nControl-Display mit Farbmonitor (14,9 Zoll)\nDach schwarz lackiert\nDachhimmel Anthrazit (BMW Individual)\nDiebstahlsicherung für Räder (Felgenschlösser)\nDifferenzialsperre\nDynamische Tractions Control (DTC)\nEinstiegsleisten mit Einleger in Aluminium mit Schriftzug M\nElektrisch verstellbare Spiegel\nErste Hilfe-Kasten / Verbandkasten\nFahrassistenz-System: Rückfahr-Assistent\nGepäckraum-Abtrennung (Netz)\nGetränkehalter\nGetriebe Automatik - mit Steptronic und Drivelogic (8-Stufen)\nHeckleuchten LED\nInduktionsladen für Smartphones\nInnenausstattung: Interieurleisten Alu Rhombicle mit Akzentleiste\nKarosserie: 5-türig\nKennzeichenbeleuchtung LED\nKlimaautomatik 3 Zonen\nKopfstützen hinten klappbar\nLenksäule (Lenkrad) mechan. verstellbar\nLeuchtweitenregelung\nM Drive (Fahrprofilauswahl)\nM Drive Professional (Fahrprofilauswahl)\nModellpflege\nMotor 3,0 Ltr. - 390 kW 24V\nMotor 3,0 Ltr. - 390 kW 24V TwinPower Turbo (S58)\nNotrufsystem\nParkassistent-Paket\nPersonalisierungssystem (BMW ID)\nPersonalisierungssystem (Personal eSIM)\nReifendruckkontrollsystem\nReifen-Reparaturset (Mobility-Pack)\nRückfahrkamera\n\nAntrieb, Fahrwerk\nAllrad\nSportfahrwerk\n\nAußenausstattung\nDachreling Hochglanz Shadow-Line\nLM-Felgen\nSonnenschutzverglasung (hinten abgedunkelt)\n\nExterieur\nDachreling\n\nFahrerassistenz\nHead-Up Display\nRückfahrkamera\n\nKomfort, Innenausstattung\nAmbiente-Beleuchtung\nAußenspiegel elektr. anklappbar\nBMW Live Cockpit Professional\nDurchladeeinrichtung (Mittelarmlehne hinten)\nDurchladesystem\nEinparkhilfe selbstlenkendes System\nFahrassistenz-System: Einparkhilfe Seite\nFahrassistenz-System: Park-Assistent\nFensterheber elektrisch vorn + hinten\nFensterheber, elektrisch\nFreisprecheinrichtung Bluetooth mit USB-/Audio-Schnittstelle\nGeschwindigkeits-Regelanlage mit Bremsfunktion\nHead-up-Display Full Color\nInduktionsladeschale für Smartphone (Wireless Charging)\nInnenspiegel mit Abblendautomatik\nIsofix-Aufnahmen für Kindersitz\nKlimaanlage\nKlimaautomatic\nKlimaautomatik 3-Zonen mit autom. Umluft-Control\nLeder\nLederlenkrad\nLendenwirbelstütze Sitz vorn links und rechts, elektr. verstellbar\nLenkrad (Leder) mit Multifunktion M-Technic\nLicht- und Regensensor\nLordose\nMultifunktion für Lenkrad\nMultifunktionslenkrad\nRadioempfang digital (DAB+)\nScheibenwischer mit Regensensor\nService-System: Augmented Reality für Navigation\nSitze vorn elektr. verstellbar (mit Memory)\nSitzheizung\nSitzheizung vorn\nSitzverstellung, elektrisch fuer Fahrer und Beifahrer\nSound-System Harman-Kardon\nSportsitze\nStart/Stop-Anlage (Funktion)\nTempomat\nZentralverriegelung\nZentralverriegelung mit Diebstahlsicherung und Crashsensor\n\nMultimedia\nBluetooth\nDAB Tuner\nFreisprecheinrichtung\nNavigationssystem\nRadio\nSurround-Sound-System\nTelefon\nUSB Schnittstelle\n\nRäder\nAlufelgen\n\nSicherheit/Umwelt\nAdaptives Fahrwerk M-Technic\nAirbag Beifahrerseite abschaltbar\nAirbag Fahrer-/Beifahrerseite\nAlarmanlage\nAnti-Blockier-System (ABS)\nAntriebsart: Allradantrieb\nAntriebsart: xDrive (Allrad)\nDiebstahl-Warnanlage\nDynamische Stabilitäts-Control (DSC)\nDynamische Stabilitäts-Control (DSC) mit erweiterter Umfang\nFahrassistenz-System: Active Guard (Bremsassistent)\nFahrassistenz-System: Rückfahrhilfe Notbremsfunktion (Active PDC)\nGeschwindigkeits-Begrenzeranlage (Speed Limit Device)\nKnieairbag Fahrerseite\nKopf-Airbag-System hinten\nKopf-Airbag-System vorn\nLichtassistent (Follow me home)\nOtto-Partikelfilter (OPF)\nReifendruck-Kontrollsystem\nReifenpannen-Anzeige\nScheinwerfer LED\nSeitenairbag vorn\nService-System: Gesetzlicher Notruf\nService-System: Intelligenter Notruf inkl. TeleServices\n\nSitzbezug\nLeder\n\nUmwelt, Sicherheit\nABS\nAirbag Fahrer/Beifahrer\nAlarmanlage\nAuto Start/Stop Funktion \nBeifahrerairbag\nBeifahrerairbag-Deaktivierung\nDiebstahlwarnanlage\nESP\nFahrerairbag\nInnenspiegel, automatisch abblendend\nKindersitzbefestigung ISOFIX\nKopfairbag\nLED-Scheinwerfer\nLichtsensor\nNotbremsassistent\nPASM\nRegensensor\nReifen Druck Control (RDC)\nSeitenairbag\nTraction Control\n\nUPE: 107.902,00 €\n\nNO EXPORT!!! Irrtümer und Zwischenverkauf vorbehalten.",
  "dealerDetails": {
    "id": 39056348,
    "name": "Langenhan GmbH Filiale Mühlhausen",
    "sellerType": "Dealer",
    "phones": [
      "+49 (0)3601 808045140"
    ],
    "languages": [
      "Deutsch"
    ],
    "country": "DE",
    "address": "Am Brühl 3, DE-99996 Unstruttal",
    "location": {
      "latitude": 51.24054530000001,
      "longitude": 10.4543556
    },
    "activeSince": "2003-07-03T00:00:00.000Z",
    "homepageUrl": "https://home.mobile.de/home/redirect.html?customerId=39056348",
    "iconUrl": "https://img.classistatic.de/api/v1/mo-prod/images/87/875312dd-c125-41d1-8545-35730110974c?rule=mo-640.jpg",
    "reviewPageUrl": "https://www.mobile.de/bewertungen/LANGENHANGMBHFILIALEMUEHLHAUSEN?lang=en",
    "score": {
      "total": 4.5,
      "responseTime": 4.4,
      "friendliness": 4.6,
      "advice": 4.6
    },
    "activeRatingCount": 5,
    "vehicleAsDescribedPercentage": 100,
    "recommendPercentage": 100,
    "soldVehicleCount": null,
    "reviews": []
  },
  "attributes": {
    "Vehicle condition": "New vehicle, Accident-free",
    "Category": "Estate car",
    "Model range": "G81",
    "Trim line": "UPE: 107902 HUD Harman Kardon",
    "Availability": "Now",
    "Origin": "German edition",
    "Mileage": "10 km",
    "Cubic Capacity": "2,993 ccm",
    "Power": "390 kW (530 hp)",
    "Drive type": "Internal combustion engine",
    "Fuel": "Petrol, E10-enabled",
    "CO₂ class": "Based on CO₂ emissions (combined)",
    "Fuel consumption": [
      "10.4 l/100km (combined)",
      "15.8 l/100km (city)",
      "10.3 l/100km (suburban)",
      "8.8 l/100km (country road)",
      "9.8 l/100km (motorway)"
    ],
    "Energy costs for 15,000 km annual mileage": "€2,802/Year",
    "Fuel price": "€1.80/l (annual average 2024)",
    "Possible CO₂ costs over the next 10 years (15,000 km/year)": [
      "€4,477 (assuming an average CO₂ price of €127/t)",
      "€2,115 (assuming a low average CO₂ price of €60/t)",
      "€7,050 (assuming a high average CO₂ price of €200/t)"
    ],
    "Vehicle tax": "€480/Year",
    "Number of Seats": "5",
    "Door Count": "4/5",
    "Transmission": "Automatic",
    "Emission Class": "Euro6",
    "Emissions Sticker": "4 (Green)",
    "Construction Year": "2024",
    "Number of Vehicle Owners": "0",
    "HU": "New",
    "Climatisation": "Automatic climatisation, 3 zones",
    "Parking sensors": "Front, Self-steering systems, Rear, Camera",
    "Airbags": "Front and Side and More Airbags",
    "Colour (Manufacturer)": "Alpinweiß",
    "Colour": "White",
    "Interior Design": "Full leather, Black",
    "Weight": "1,940 kg",
    "Tank capacity": "59 l",
    "Energy consumption (comb.)": "10.4 l/100km",
    "CO₂ emissions (comb.)": "235 g/km"
  },
  "features": [
    "ABS",
    "Adaptive cornering lights",
    "Alarm system",
    "Alloy wheels",
    "Ambient lighting",
    "Android Auto",
    "Apple CarPlay",
    "Arm rest",
    "Autom. dimming interior mirror",
    "Bluetooth",
    "Cargo barrier",
    "Central locking",
    "Cruise control",
    "DAB radio",
    "Digital cockpit",
    "Distance warning system",
    "Dynamic chassis control",
    "Electric seat adjustment",
    "Electric side mirror",
    "Electric tailgate",
    "Electric windows",
    "Emergency brake assist",
    "Emergency call system",
    "ESP",
    "Fatigue warning system",
    "Four-wheel drive",
    "Full Service History",
    "Glare-free high beam headlights",
    "Hands-free kit",
    "Head-up display",
    "Heated seats",
    "High beam assist",
    "Hill-start assist",
    "Immobilizer",
    "Induction charging for smartphones",
    "Integrated music streaming",
    "Isofix",
    "Keyless central locking",
    "Lane change assist",
    "Leather steering wheel",
    "LED headlights",
    "LED running lights",
    "Light sensor",
    "Lumbar support",
    "Multifunction steering wheel",
    "Navigation system",
    "Non-smoker vehicle",
    "On-board computer",
    "Paddle shifters",
    "Particulate filter",
    "Power Steering",
    "Rain sensor",
    "Rear traffic alert",
    "Roof rack",
    "Sound system",
    "Speed limit control system",
    "Sport seats",
    "Sports package",
    "Sports suspension",
    "Start-stop system",
    "Tinted windows",
    "Touchscreen",
    "Traction control",
    "Traffic sign recognition",
    "Tuner/radio",
    "Tyre pressure monitoring",
    "USB port",
    "Voice control",
    "WLAN / Wi-Fi hotspot"
  ]
},
{
  "title": "BMW Touring Competition M xDrive 375 kW (510 PS) ...",
  "previewImage": "https://img.classistatic.de/api/v1/mo-prod/images/04/044e3c01-ecb4-4c3c-80a9-2d183c00f8f6?rule=mo-1600.jpg",
  "category": "Limousine",
  "brand": "BMW",
  "model": "M3",
  "url": "https://suchen.mobile.de/fahrzeuge/details.html?id=433621907",
  "price.total.amount": 87990,
  "priceRating": {
    "rating": "Good price",
    "priceRanges": {
      "Very good price": {
        "start": 63901,
        "end": 83100
      },
      "Good price": {
        "start": 83101,
        "end": 89500
      },
      "Fair price": {
        "start": 89501,
        "end": 99500
      },
      "Increased price": {
        "start": 99501,
        "end": 106800
      },
      "High price": {
        "start": 106801,
        "end": 118700
      }
    }
  },
  "description": "Herzlich Willkommen in Ihrem Neuwagen Autoland in Pocking bei Passau Standorte in 94060 Pocking bei Passau und 83607 Holzkirchen bei München.\n\nNeufahrzeuge / Tageszulassungen zu Bestpreisen.\n\nIhr Top Partner seit über 25 Jahren. \n\nWir zeigen bei Inserat sofort den besten Preis !\n\nBitte haben Sie Verständnis dafür, dass unser gesamter Lagerbestand nicht an allen Standorten gleichzeitig aufstehen kann, wir beraten Sie gerne wo Ihr Wunschfahrzeug steht.\n\nwww.autoland-oberbayern.de\n\nFinanzierung und Leasing zu günstigen Konditionen.\n\nTelefonisch erreichen Sie uns unter 08531 9109948\n\nGerne stehen wir für Reparatur, Service und Wartung in unserer AUTOFIT Meisterwerkstatt in Pocking zu Ihrer Verfügung. \n\nAUTO SERVICE POCKING\n\nalle Marken alle Modelle alle Leistungen\n\nAlle PKW - Wohnmobile und Transporter bis 3,5 to\n\nWir freuen uns auf den Kontakt mit Ihnen\n\nHighlight: \n\nService inklusive 5 Jahre ab Erstzulassung bis 60.000 KM \n\nSonderausstattung / Extra's\n\n19\"/20\" M Schmiederäder Doppelspeiche 825 M Orbitgrau matt / MB\nActive Protection\nBMW Individual Frozen Pure Grey metallic\nBMW Live Cockpit Professional\nDekodierung Zusatzfunktionen\nInnovationspaket: Komfortzugang, Fernlichtassistent, Driving Assistant Professional, BMW Laserlicht\nLenkradheizung\nM Driver's Package\nM interieurleisten 'Carbon Fibre'\nModellschriftzug Entfall\nParking Assistant Plus\nService Inclusive - 5 Jahre/60.000 km\nSonnenschutzverglasung\nVollleder Merino Feinnarbe Schwarz/Schwarz\nBMW Drive Recorder\nHarman Kardon Soundsystem\nM Leuchten Shadow Line\n\n\nZustand, Aussehen: 1, sehr gut, Felgengröße: 20 Zoll, Außenspiegel: Außenspiegel beheizbar, Außentemperaturanzeige, Qualitätssiegel: BVFK-Siegel, Audioanlage: Farbdisplay, Lenkrad: höhenverstellbar, Lenkrad: in Sportausführung, Laderaumabdeckung, Assistenzsysteme: Querverkehrsassistent (RCTA), Sitze: Rücksitzbank hinten geteilt, Assistenzsysteme: Spurwechselassistent, Zustand: unfallfrei\nam Lager\n\nAusstattungen: \n\nSonstiges \nAblage für Wireless Charging\nAblagenpaket\nAdaptives M Fahrwerk\nAktiver Fussgängerschutz\nAlarmanlage\nConnected Package Professional\nConnectedDrive Services\nDAB-Tuner\nDach und Spiegelkappen schwarz\nFondkopfstützen klappbar\nGalvanikapplikation für Bedienelemente\nGesetzlicher Notruf\nInnen- und Außenspiegelpaket\nKlimaautomatik\nM Dachhimmel anthrazit\nM Dachreling Hochglanz Shadow Line\nM Drive Professional\nM Hochglanz Shadow Line\nM Hochglanz Shadow Line mit erweiterten Umfängen\nM Sportdifferenzial\nÖlwartungsintervall 30000 km / 24 Monate\nRadschraubensicherung\nReifendruck-Kontrolle\nSteuerung EfficientDynamics\nTeleservices\n* Warndreieck und Verbandskasten",
  "dealerDetails": {
    "id": 37657749,
    "name": "Neuwagen Autoland Oberbayern GmbH & Co. KG",
    "sellerType": "Dealer",
    "phones": [
      "+49 (0)8531 410933703"
    ],
    "languages": [
      "Deutsch",
      "English"
    ],
    "country": "DE",
    "address": "Gewerbering 2, DE-94060 Pocking",
    "location": {
      "latitude": 48.40697309999999,
      "longitude": 13.3039965
    },
    "activeSince": "2024-11-26T00:00:00.000Z",
    "homepageUrl": "https://home.mobile.de/home/redirect.html?customerId=37657749",
    "iconUrl": "https://img.classistatic.de/api/v1/mo-prod/images/4d/4d9eb04a-4c8a-4f1e-a2b7-6d982d6c0be2?rule=mo-640.jpg",
    "reviewPageUrl": "https://www.mobile.de/bewertungen/NeuwagenAutolandOberbayernGmbHCoKG?lang=en",
    "score": {
      "total": 4.7,
      "responseTime": 5,
      "friendliness": 5,
      "advice": 4
    },
    "activeRatingCount": 1,
    "vehicleAsDescribedPercentage": null,
    "recommendPercentage": 100,
    "soldVehicleCount": null,
    "reviews": []
  },
  "attributes": {
    "Vehicle condition": "Used vehicle, Accident-free",
    "Category": "Saloon",
    "Model range": "G81",
    "Trim line": "M3 Competition",
    "Vehicle Number": "1015856",
    "Origin": "EU edition",
    "Mileage": "7,557 km",
    "Cubic Capacity": "2,993 ccm",
    "Power": "375 kW (510 hp)",
    "Drive type": "Internal combustion engine",
    "Fuel": "Petrol",
    "CO₂ class": "Based on CO₂ emissions (combined)",
    "Fuel consumption": [
      "10.3 l/100km (combined)",
      "15.4 l/100km (city)",
      "10.2 l/100km (suburban)",
      "8.9 l/100km (country road)",
      "9.7 l/100km (motorway)"
    ],
    "Energy costs for 15,000 km annual mileage": "€2,687/Year",
    "Fuel price": "€1.74/l (annual average 2024)",
    "Possible CO₂ costs over the next 10 years (15,000 km/year)": [
      "€4,439 (assuming an average CO₂ price of €127/t)",
      "€2,097 (assuming a low average CO₂ price of €60/t)",
      "€6,990 (assuming a high average CO₂ price of €200/t)"
    ],
    "Vehicle tax": "€472/Year",
    "Number of Seats": "5",
    "Door Count": "4/5",
    "Transmission": "Automatic",
    "Emissions Sticker": "1 (None)",
    "First Registration": "05/2024",
    "Number of Vehicle Owners": "1",
    "Climatisation": "Automatic climatisation, 3 zones",
    "Parking sensors": "Front, 360° camera, Rear",
    "Airbags": "Front and Side and More Airbags",
    "Colour (Manufacturer)": "BMW Individual Frozen Pu...",
    "Colour": "Grey Metallic",
    "Interior Design": "Full leather, Black",
    "Cylinders": "6",
    "Energy consumption (comb.)": "10.3 l/100km",
    "CO₂ emissions (comb.)": "233 g/km"
  },
  "features": [
    "ABS",
    "Adaptive Cruise Control",
    "Alloy wheels",
    "Ambient lighting",
    "Android Auto",
    "Apple CarPlay",
    "Arm rest",
    "Autom. dimming interior mirror",
    "Bluetooth",
    "DAB radio",
    "Digital cockpit",
    "Electric seat adjustment",
    "Electric side mirror",
    "Electric tailgate",
    "Electric windows",
    "Eletric seat adjustment with memory function",
    "Emergency brake assist",
    "Emergency call system",
    "ESP",
    "Fatigue warning system",
    "Folding exterior mirrors",
    "Four-wheel drive",
    "Full Service History",
    "Hands-free kit",
    "Head-up display",
    "Heated seats",
    "Heated steering wheel",
    "Induction charging for smartphones",
    "Integrated music streaming",
    "Isofix",
    "Keyless central locking",
    "Lane change assist",
    "Leather steering wheel",
    "Light sensor",
    "Lumbar support",
    "Multifunction steering wheel",
    "Navigation system",
    "On-board computer",
    "Paddle shifters",
    "Power Steering",
    "Rain sensor",
    "Roof rack",
    "Sound system",
    "Sport seats",
    "Sports package",
    "Start-stop system",
    "Summer tyres",
    "Tinted windows",
    "Touchscreen",
    "Traffic sign recognition",
    "Tuner/radio",
    "Tyre pressure monitoring",
    "USB port",
    "Voice control",
    "Warranty"
  ]
},
{
  "title": "BMW M3 Competition M xDrive DAProf PA+ ACC HUD LCP",
  "previewImage": "https://img.classistatic.de/api/v1/mo-prod/images/5d/5d848674-ed6f-4629-9d43-08864fc97844?rule=mo-1600.jpg",
  "category": "EstateCar",
  "brand": "BMW",
  "model": "M3",
  "url": "https://suchen.mobile.de/fahrzeuge/details.html?id=430229263",
  "price.total.amount": 87777,
  "priceRating": {
    "rating": "Good price",
    "priceRanges": {
      "Very good price": {
        "start": 65101,
        "end": 84600
      },
      "Good price": {
        "start": 84601,
        "end": 91100
      },
      "Fair price": {
        "start": 91101,
        "end": 101400
      },
      "Increased price": {
        "start": 101401,
        "end": 108800
      },
      "High price": {
        "start": 108801,
        "end": 120900
      }
    }
  },
  "description": "Modelljahr\nModelljahr: 2024\n\nGetriebe\nAutomatikgetriebe DriveLogic, 8 Gänge\n\nAusstattungslinie\nAusstattungslinie Exterieur: Competition\n\nAusstattungspakete\nOptikpaket: M Hochglanz Shadow Line\nAblagepaket\nSpiegelpaket: Innen- und Außenspiegelpaket\n\nAssistenzsysteme\nHead-up-Display HUD\nBlendfreier Fernlichtassistent: BMW Selective Beam\nBMW ParkAssistent mit PDC vorne u. hinten: + automatisches Einparken\nRückfahrkamera: + Frontkamera\nSurround View: Top View, Panorama View, Remote 3D View\nFahrlichtautomatik\nAktive Geschwindigkeitsregelung mit Stop & Go: Abstandstempomat\nBerganfahrhilfe\nHill Descent Control HDC\nSpracheingabesystem\nMüdigkeitserkennung\nSpurwechselassistent\nSpurhalteassistent\nCornering Brake Control CBC\nFahrerassistenzpaket: Driving Assistant Professional, Parking Assistant Plus\nActive Guard Auffahrwarnung: mit Bremseingriff\nVerkehrszeichenerkennung\nGespannstabilisierung\n\nLicht und Sicht\nAdaptiver LED-Scheinwerfer\nAdaptives Kurvenlicht\nAbbiegelicht\nLED-Tagfahrlicht\nRegensensor\nAutomatisch abblendende Innen- und Außenspiegel\nSonnenschutzverglasung\nDynamische Leuchtweitenregulierung\nAmbientebeleuchtung mehrfarbig\nLichtsensor\n\nAudio & Kommunikation\nMultimedia-System\nBMW Navigationssystem Professional: inkl. RTTI\nBMW Professional Radio\nMulti-Funktions-Display: Widescreen Display\nDigitaler Radioempfang DAB\niDrive\nHarman/Kardon Soundsystem: Surround Sound\nUSB Anschluss, Bluetooth Audiostreaming\nBMW ConnectedDrive Services: ConnectedPackage Professional\nHandyvorbereitung Bluetooth: inkl. Freisprecheinrichtung\nKabelloses Laden für Handys: Wireless Charging Ablage\nWLAN Hotspot: Personal eSIM\n\nKomfort\nBMW Live Cockpit Professional\nKlimaautomatik, 3 Zonen\nFahrer-/Beifahrersitz elektrisch\nMemoryfunktion Fahrersitz\nLordosenstütze Fahrer/Beifahrer\nSitzheizung Fahrer/Beifahrer\nSportsitze: M Sportsitze Fahrer/Beifahrer\nArmauflage Fahrer/Beifahrer\nServotronic\nLenksäule verstellbar\nKomfortzugang\nAuto Start Stop Funktion\nZentralver. mit Fernbedienung\nFensterheber elektrisch 4-fach\nKopfstützen vorn und hinten\nAutomatische Heckklappenbetätigung\nM Drive: Professional\nGetränkehalter\n\nInterieur\nSitze Leder Merino\nInnenfarbe weiß\nMultifunktions-Lederlenkrad: M Lederlenkrad\nBordcomputer\nRücksitze klapp- und teilbar\nLaderaumabdeckung\nDurchladesystem\nDekoreinlagen Carbon: Carbon Fibre\nBodenbelag Teppich: Fußmatten in Velours\n\nExterieur\nAntrieb: Allrad\nAdaptives Fahrwerk\nM Sportfahrwerk\nTouchscreen Bedienung\nDifferentialsperre: Aktives M Differential\nCompound-Bremse: schwarz hochglänzend\nM Leichtmetallräder 20 Zoll: M Schmiederäder Doppelspeiche 826\nAußenspiegel elekt. verstell- & anklappbar, beheizt\nDachreling: BMW Individual Hochglanz Shadow Line\nAntenne elekt.\nReifenpannenset\nInnovationspaket\nNotrufsystem: Intelligenter Notruf\nGeschwindigkeitsbegrenzer\nFahrzeugpersonalisierung: BMW ID\n\nSicherheit\nISOFIX Kindersitzbefestigung\nFußgängerschutzsystem\nFahrer- /Beifahrerairbag\nKopfairbag vorn\nSeitenairbag vorn und hinten\nFondairbags\nKnieairbag Fahrer\nDynamische Traktions Control DTC\nDynamische Stabilitäts Control DSC\nReifen Pannen Anzeige RPA\nDiebstahlwarnanlage\nAußentemperatur Anzeige\nVerzurrösen\nAntiblockiersystem ABS\nBremsverschleißanzeige\nProaktives Insassenschutzsystem: Active Protection\nCity-Anbremsfunktion\nQuerverkehrswarnung\n\nWeitere Ausstattung\nM Dachhimmel anthrazit\nM Hochglanz Shadow Line mit erweiterten Umfängen\nM Sicherheitsgurte\nBMW Drive Recorder\nGalvanikapplikation für Bedienelemente\nGepäckraumpaket\nAkustikverglasung\nGebrauchtwagensiegel: BMW Premium Selection\nehemalige unverbindliche Preisempfehlung des Herstellers: 116060 EUR\n\nFahrdaten\nvMax: 280 km/h\nBeschleunigung: 4 Sek. 0-100 km/h\n\nSonstige Maße und Gewichte\nNutzlast: 430 kg\nzulässiges Gesamtgewicht: 2.370 kg\n\nDie im Inserat aufgeführten Ausstattungsmerkmale sind unverbindlich. Maßgeblich für den Kauf ist allein der schriftliche Kaufvertrag. Angaben im Inserat begründen keine Beschaffenheitsvereinbarung. Verbindliche Ausstattungsangaben werden ausschließlich im Kaufvertrag festgelegt.",
  "dealerDetails": {
    "id": 454145,
    "name": "WELLER Premium GmbH - BMW & MINI Vertragshändler",
    "sellerType": "Dealer",
    "phones": [
      "+49 (0)5141 593421294"
    ],
    "languages": [
      "Deutsch"
    ],
    "country": "DE",
    "address": "An der Koppel 1, DE-29227 Celle",
    "location": {
      "latitude": 52.5906725,
      "longitude": 10.0667152
    },
    "activeSince": "1999-07-01T00:00:00.000Z",
    "homepageUrl": "https://home.mobile.de/home/redirect.html?customerId=454145",
    "iconUrl": "https://img.classistatic.de/api/v1/mo-prod/images/d2/d28dbb1d-a972-4546-8688-6638510f5163?rule=mo-640.jpg",
    "reviewPageUrl": "https://www.mobile.de/bewertungen/B-K-CELLE?lang=en",
    "score": {
      "total": 4.1,
      "responseTime": 4.3,
      "friendliness": 4.2,
      "advice": 3.9
    },
    "activeRatingCount": 40,
    "vehicleAsDescribedPercentage": 82,
    "recommendPercentage": 75,
    "soldVehicleCount": null,
    "reviews": []
  },
  "attributes": {
    "Vehicle condition": "Used vehicle",
    "Category": "Estate car, Employee's Car",
    "Trim line": "Competition",
    "Vehicle Number": "1623340",
    "Availability": "Now",
    "Mileage": "16,675 km",
    "Cubic Capacity": "2,993 ccm",
    "Power": "390 kW (530 hp)",
    "Drive type": "Internal combustion engine",
    "Fuel": "Petrol",
    "Number of Seats": "5",
    "Door Count": "4/5",
    "Transmission": "Automatic",
    "Emission Class": "Euro6d",
    "Emissions Sticker": "4 (Green)",
    "First Registration": "10/2024",
    "Number of Vehicle Owners": "1",
    "HU": "New",
    "Climatisation": "Automatic climatisation, 3 zones",
    "Parking sensors": "360° camera, Rear, Front, Self-steering systems",
    "Airbags": "Front and Side and More Airbags",
    "Colour (Manufacturer)": "Tansanitblau",
    "Colour": "Blue Metallic",
    "Interior Design": "Full leather",
    "Cylinders": "6"
  },
  "features": [
    "ABS",
    "Adaptive cornering lights",
    "Adaptive Cruise Control",
    "Alarm system",
    "Alloy wheels",
    "Ambient lighting",
    "Arm rest",
    "Autom. dimming interior mirror",
    "Blind spot assist",
    "Bluetooth",
    "Central locking",
    "DAB radio",
    "Digital cockpit",
    "Distance warning system",
    "Dynamic chassis control",
    "Electric seat adjustment",
    "Electric side mirror",
    "Electric tailgate",
    "Electric windows",
    "Eletric seat adjustment with memory function",
    "Emergency brake assist",
    "Emergency call system",
    "Emergency tyre repair kit",
    "ESP",
    "Folding exterior mirrors",
    "Four-wheel drive",
    "Full Service History",
    "Glare-free high beam headlights",
    "Hands-free kit",
    "Head-up display",
    "Heated seats",
    "High beam assist",
    "Hill-start assist",
    "Induction charging for smartphones",
    "Integrated music streaming",
    "Isofix",
    "Keyless central locking",
    "Lane change assist",
    "Leather steering wheel",
    "LED headlights",
    "LED running lights",
    "Light sensor",
    "Lumbar support",
    "Multifunction steering wheel",
    "Navigation system",
    "On-board computer",
    "Particulate filter",
    "Power Steering",
    "Rain sensor",
    "Roof rack",
    "Sound system",
    "Speed limit control system",
    "Sport seats",
    "Sports suspension",
    "Start-stop system",
    "Touchscreen",
    "Traction control",
    "Traffic sign recognition",
    "Tuner/radio",
    "Tyre pressure monitoring",
    "USB port",
    "Voice control",
    "Warranty",
    "WLAN / Wi-Fi hotspot"
  ]
},
{
  "title": "BMW M3 Competition M xDrive Touring Harman/K Kamera",
  "previewImage": "https://img.classistatic.de/api/v1/mo-prod/images/b0/b022a592-7b30-4b7d-b44d-818360848767?rule=mo-1600.jpg",
  "category": "EstateCar",
  "brand": "BMW",
  "model": "M3",
  "url": "https://suchen.mobile.de/fahrzeuge/details.html?id=426206563",
  "price.total.amount": 87900,
  "priceRating": {
    "rating": "Very good price",
    "priceRanges": {
      "Very good price": {
        "start": 67701,
        "end": 88000
      },
      "Good price": {
        "start": 88001,
        "end": 94800
      },
      "Fair price": {
        "start": 94801,
        "end": 105400
      },
      "Increased price": {
        "start": 105401,
        "end": 113100
      },
      "High price": {
        "start": 113101,
        "end": 125700
      }
    }
  },
  "description": "Antrieb, Fahrwerk\nAdaptives M Fahrwerk\nAllrad\nM Sportdifferenzial\n\nEditionen und Pakete\nAblagenpaket\nConnected Package Professional (laufzeitgebundener Dienst)\nConnectedDrive Services (laufzeitgebundener Dienst)\nGepäckraumpaket\nInnovationspaket\n\nExterieur\nDach und Spiegelkappen schwarz\nDachreling\n\nFahrerassistenz\nDriving Assistant Professional\nGesetzlicher Notruf\nParking Assistant Plus\nTeleservices\n\nIndividualumfänge\nM Dachreling Hochglanz Shadow Line\nM Hochglanz Shadow Line\nM Hochglanz Shadow Line mit erweiterten Umfängen\n\nKomfort, Innenausstattung\nAkustikverglasung\nFondkopfstützen klappbar\nGalvanikapplikation für Bedienelemente\nInnen- und Außenspiegelpaket\nKlimaautomatik\nKomfortzugang\nLenkradheizung\nLordosenstütze für Fahrer und Beifahrer\nM Interieurleisten 'Carbon Fibre'\nM Sicherheitsgurte\nM Sportsitze\nSitzheizung für Fahrer und Beifahrer\nSitzverstellung elektrisch\nSitzverstellung elektrisch mit Memory für Fahrersitz\nSonnenschutzverglasung\n\nMultimedia\nBMW Live Cockpit Professional (laufzeitgebundener Dienst)\nDAB Tuner\nHarman Kardon Surround Sound System\n\nSitzbezug\nLeder Merino Kyalami Orange/Schwarz\n\nSonstiges\n19\"/20\" M Schmiederäder Doppelspeiche 825 M Bicolor Schwarz / MB\nAblage für Wireless Charging\nABS\nActive Guard\nBMW Apps\nIndividual\nKlimaanlage oder -automatik\nLeder\nLordose\nM Compound-Bremse, schwarz hochglänzend\nM Drive Professional\nM Leuchten Shadow Line\nPersonal eSIM\nSitzheizung\nSportfahrwerk\nSteuerung EfficientDynamics\nUnfallfrei\n\nUmwelt, Sicherheit\nAbgasnorm EU6 RDE II\nActive Protection\nAdaptiver LED-Scheinwerfer\nAktiver Fußgängerschutz\nAlarmanlage mit Fernbedienung\nBeifahrerairbag-Deaktivierung\nFernlichtassistent\nInnenspiegel automatisch abblendend\nReifendruck-Kontrolle\n\nWeiteres\nAbholung in NL Dresden Irrtümer und Zwischenverkauf vorbehalten.",
  "dealerDetails": {
    "id": 452726,
    "name": "BMW Niederl. Dresden Gebr.Automobile Zentrum",
    "sellerType": "Dealer",
    "phones": [
      "+49 (0)351 8967683193"
    ],
    "languages": [
      "Deutsch",
      "English"
    ],
    "country": "DE",
    "address": "Dohnaer Strasse 99 - 101, DE-01219 Dresden",
    "location": {
      "latitude": 51.0153119,
      "longitude": 13.7731213
    },
    "activeSince": "2003-08-28T00:00:00.000Z",
    "homepageUrl": "https://home.mobile.de/home/redirect.html?customerId=452726",
    "iconUrl": "https://img.classistatic.de/api/v1/mo-prod/images/da/da4902c0-f691-460f-84da-648b48d46728?rule=mo-640.jpg",
    "reviewPageUrl": "https://www.mobile.de/bewertungen/BMW-GROUP-DRESDEN?lang=en",
    "score": {
      "total": 4.6,
      "responseTime": 4.8,
      "friendliness": 4.7,
      "advice": 4.5
    },
    "activeRatingCount": 20,
    "vehicleAsDescribedPercentage": 88,
    "recommendPercentage": 93,
    "soldVehicleCount": null,
    "reviews": []
  },
  "attributes": {
    "Vehicle condition": "Used vehicle",
    "Category": "Estate car, Employee's Car",
    "Model range": "M3 touring",
    "Trim line": "M xDrive Touring Harman/K Kamera",
    "Vehicle Number": "DD041804",
    "Availability": "Now",
    "Origin": "German edition",
    "Mileage": "5,482 km",
    "Cubic Capacity": "2,993 ccm",
    "Power": "390 kW (530 hp)",
    "Drive type": "Internal combustion engine",
    "Fuel": "Petrol, E10-enabled",
    "Number of Seats": "5",
    "Door Count": "4/5",
    "Transmission": "Manual gearbox",
    "Emission Class": "Euro6",
    "Emissions Sticker": "4 (Green)",
    "First Registration": "08/2024",
    "Construction Year": "2024",
    "Number of Vehicle Owners": "1",
    "HU": "06/2027",
    "Climatisation": "Automatic air conditioning",
    "Parking sensors": "Self-steering systems, Rear, Front",
    "Airbags": "Front and Side and More Airbags",
    "Colour (Manufacturer)": "BMW Individual Tansanitblau",
    "Colour": "Blue Metallic",
    "Interior Design": "Full leather, Black"
  },
  "features": [
    "ABS",
    "Adaptive lighting",
    "Alarm system",
    "Alloy wheels",
    "Autom. dimming interior mirror",
    "Bluetooth",
    "Central locking",
    "DAB radio",
    "Digital cockpit",
    "Distance warning system",
    "Electric seat adjustment",
    "Electric windows",
    "Eletric seat adjustment with memory function",
    "Emergency brake assist",
    "Emergency call system",
    "ESP",
    "Four-wheel drive",
    "Full Service History",
    "Glare-free high beam headlights",
    "Hands-free kit",
    "Heated seats",
    "Heated steering wheel",
    "High beam assist",
    "Hill-start assist",
    "Immobilizer",
    "Induction charging for smartphones",
    "Isofix",
    "Keyless central locking",
    "Leather steering wheel",
    "LED headlights",
    "LED running lights",
    "Light sensor",
    "Lumbar support",
    "Multifunction steering wheel",
    "Navigation system",
    "On-board computer",
    "Power Steering",
    "Rain sensor",
    "Roof rack",
    "Sound system",
    "Sport seats",
    "Sports package",
    "Sports suspension",
    "Start-stop system",
    "Tinted windows",
    "Touchscreen",
    "Traction control",
    "Tuner/radio",
    "Tyre pressure monitoring",
    "Voice control",
    "Warranty",
    "Winter tyres"
  ]
},
{
  "title": "BMW M3 Competition Touring MxDrive *Facelift*|DA-Pro",
  "previewImage": "https://img.classistatic.de/api/v1/mo-prod/images/34/34a6d8fc-a75c-4388-b79f-74a65e80f88e?rule=mo-1600.jpg",
  "category": "EstateCar",
  "brand": "BMW",
  "model": "M3",
  "url": "https://suchen.mobile.de/fahrzeuge/details.html?id=427963148",
  "price.total.amount": 88800,
  "priceRating": {
    "rating": "Good price",
    "priceRanges": {
      "Very good price": {
        "start": 66601,
        "end": 86600
      },
      "Good price": {
        "start": 86601,
        "end": 93300
      },
      "Fair price": {
        "start": 93301,
        "end": 103800
      },
      "Increased price": {
        "start": 103801,
        "end": 111400
      },
      "High price": {
        "start": 111401,
        "end": 123800
      }
    }
  },
  "description": "Außenausstattung\n19\"/20\" M Schmiederäder Doppel \nM Dachreling Hochglanz Shadow \nSonnenschutzverglasung \n\nKomfort/Innenausstattung\nAktive Sitzbelüftung vorn \nBMW Live Cockpit Professional \nDAB-Tuner \nHarman Kardon Surround Sound S \nInnenspiegel, automatisch abbl \nKlimaautomatik \nLenkradheizung \nLordosenstütze \nParking Assistant Plus \nSitzheizung für Fahrer und Bei \nWireless Charging Ablage \n\nSicherheit/Umwelt\nAdaptiver LED-Scheinwerfer \nAlarmanlage \nFernlichtassistent \nGesetzlicher Notruf \nKomfortzugang \nReifendruck-Kontrolle \n\nSitzbezug\nLeder \"Merino\" | Silverstone/Schwarz\n\nSonstiges\nAblagenpaket \nActive Guard \nActive Protection \nAktiver Fußgängerschutz \nAkustikverglasung \nBMW Drive Recorder \nConnectedDrive Services \nConnectedPackage Professional \nDach und Spiegelkappen schwarz \nDriving Assistant Professional \nFondkopfstützen, klappbar \nGalvanikapplikation für Bedien \nGepäckraumpaket \nInnen- und Außenspiegelpaket \nInnovationspaket II \nM Dachhimmel anthrazit \nM Drive Professional \nM Hochglanz Shadow Line \nM Hochglanz Shadow Line mit er \nM Interieurleisten Aluminium R \nM Sicherheitsgurte \nM Sportdifferenzial \nÖlwartungsintervall - 24 Monat \nPersonal eSIM \nSitzverstellung, elektrisch, m \nSonnenschutzrollo, hintere Tür \nTeleservices \n\nSport\nAdaptives M Fahrwerk \nM Sportsitze \n\nFinanzierungsbeispiel\n\nMtl. Finanzierungsrate: 1.608,37 EUR\nAnzahlung: 0,00 EUR\nLaufzeit: 36 Monate\nZielrate: 45.288,00 EUR\nNettodarlehensbetrag: 88.800,00 EUR\nSollzinssatz p.a.: 6,30% (gebunden für die gesamte Vertragslaufzeit)\nEffektiver Jahreszins: 6,49%\nGesamtbetrag: 101.580,95 EUR\nEin unverbindliches Finanzierungsbeispiel der BMW Bank GmbH - Lilienthalallee 26 - 80939 München.\n\n\nEhemalige unverbindliche Neupreisempfehlung: 115.490,- brutto.\n\nHINWEIS: Unsere Angebote werden unverzüglich nach Kauf eingestellt, es kann dadurch sein, dass sich das von Ihnen ausgesuchte Fahrzeug noch nicht in unserer Ausstellung befindet bitte informieren Sie sich vor Besuch bei einem unserer Verkaufsberater, ob das gewünschte Fahrzeug bereits eingetroffen und verkaufsfertig ist.\nVielen Dank, Ihr Verkaufsteam!\n\n\n\n* Lieferservice innerhalb Deutschlands gegen geringen Aufpreis möglich! Irrtümer und Zwischenverkauf vorbehalten.",
  "dealerDetails": {
    "id": 4403159,
    "name": "Fett & Wirtz Automobile GmbH & Co. KG",
    "sellerType": "Dealer",
    "phones": [
      "+49 (0)281 1479088510"
    ],
    "languages": [
      "Deutsch",
      "English",
      "Türkçe"
    ],
    "country": "DE",
    "address": "Emmericher Strasse 5 - 7, DE-46485 Wesel",
    "location": {
      "latitude": 51.6723471,
      "longitude": 6.633835299999999
    },
    "activeSince": "2010-07-28T00:00:00.000Z",
    "homepageUrl": "https://home.mobile.de/home/redirect.html?customerId=4403159",
    "iconUrl": "https://img.classistatic.de/api/v1/mo-prod/images/e7/e71935f6-dc15-40a1-ac1a-817acf45c553?rule=mo-640.jpg",
    "reviewPageUrl": "https://www.mobile.de/bewertungen/FETTWIRTZAUTOMOBILEGMBHCOKGWESEL?lang=en",
    "score": {
      "total": 4.5,
      "responseTime": 4.5,
      "friendliness": 4.6,
      "advice": 4.4
    },
    "activeRatingCount": 73,
    "vehicleAsDescribedPercentage": 91,
    "recommendPercentage": 91,
    "soldVehicleCount": null,
    "reviews": []
  },
  "attributes": {
    "Vehicle condition": "Used vehicle, Accident-free",
    "Category": "Estate car, Employee's Car",
    "Model range": "G81",
    "Trim line": "Touring MxDrive *Facelift*|DA-Prof.|H/K",
    "Vehicle Number": "G411573",
    "Availability": "Now",
    "Mileage": "14,800 km",
    "Cubic Capacity": "2,993 ccm",
    "Power": "390 kW (530 hp)",
    "Drive type": "Internal combustion engine",
    "Fuel": "Petrol",
    "CO₂ class": "Based on CO₂ emissions (combined)",
    "Fuel consumption": [
      "10.4 l/100km (combined)",
      "15.8 l/100km (city)",
      "10.3 l/100km (suburban)",
      "8.8 l/100km (country road)",
      "9.8 l/100km (motorway)"
    ],
    "Energy costs for 15,000 km annual mileage": "€2,802/Year",
    "Fuel price": "€1.80/l (annual average 2024)",
    "Possible CO₂ costs over the next 10 years (15,000 km/year)": [
      "€4,477 (assuming an average CO₂ price of €127/t)",
      "€2,115 (assuming a low average CO₂ price of €60/t)",
      "€7,050 (assuming a high average CO₂ price of €200/t)"
    ],
    "Vehicle tax": "€480/Year",
    "Number of Seats": "5",
    "Door Count": "4/5",
    "Transmission": "Automatic",
    "Emission Class": "Euro6",
    "Emissions Sticker": "4 (Green)",
    "First Registration": "11/2024",
    "Construction Year": "2024",
    "Number of Vehicle Owners": "1",
    "HU": "11/2027",
    "Climatisation": "Automatic climatisation, 3 zones",
    "Parking sensors": "Front, Self-steering systems, Rear, 360° camera",
    "Airbags": "Front and Side and More Airbags",
    "Colour (Manufacturer)": "Isle of Man Grün",
    "Colour": "Green Metallic",
    "Interior Design": "Full leather, Grey",
    "Weight": "1,940 kg",
    "Cylinders": "6",
    "Tank capacity": "59 l",
    "Energy consumption (comb.)": "10.4 l/100km",
    "CO₂ emissions (comb.)": "235 g/km"
  },
  "features": [
    "ABS",
    "Adaptive Cruise Control",
    "Adaptive lighting",
    "Alarm system",
    "Alloy wheels",
    "Ambient lighting",
    "Android Auto",
    "Apple CarPlay",
    "Arm rest",
    "Autom. dimming interior mirror",
    "Blind spot assist",
    "Bluetooth",
    "Cargo barrier",
    "Central locking",
    "DAB radio",
    "Digital cockpit",
    "Distance warning system",
    "Dynamic chassis control",
    "Electric seat adjustment",
    "Electric side mirror",
    "Electric tailgate",
    "Electric windows",
    "Eletric seat adjustment with memory function",
    "Emergency brake assist",
    "Emergency call system",
    "ESP",
    "Fatigue warning system",
    "Four-wheel drive",
    "Full Service History",
    "Glare-free high beam headlights",
    "Hands-free kit",
    "Head-up display",
    "Heated seats",
    "Heated steering wheel",
    "High beam assist",
    "Hill-start assist",
    "Immobilizer",
    "Induction charging for smartphones",
    "Integrated music streaming",
    "Isofix",
    "Keyless central locking",
    "Lane change assist",
    "Leather steering wheel",
    "LED headlights",
    "LED running lights",
    "Light sensor",
    "Lumbar support",
    "Multifunction steering wheel",
    "Navigation system",
    "Non-smoker vehicle",
    "On-board computer",
    "Paddle shifters",
    "Particulate filter",
    "Power Steering",
    "Rain sensor",
    "Roof rack",
    "Seat ventilation",
    "Sound system",
    "Speed limit control system",
    "Sport seats",
    "Sports package",
    "Sports suspension",
    "Start-stop system",
    "Tinted windows",
    "Touchscreen",
    "Traction control",
    "Traffic sign recognition",
    "Tuner/radio",
    "Tyre pressure monitoring",
    "USB port",
    "Voice control",
    "Warranty",
    "WLAN / Wi-Fi hotspot"
  ]
},
{
  "title": "BMW M3 Competition M xDrive Tour. M Drivers*Harman",
  "previewImage": "https://img.classistatic.de/api/v1/mo-prod/images/ba/ba50a29a-4b0e-4d88-bf5e-52181f1cfe61?rule=mo-1600.jpg",
  "category": "EstateCar",
  "brand": "BMW",
  "model": "M3",
  "url": "https://suchen.mobile.de/fahrzeuge/details.html?id=424006403",
  "price.total.amount": 89840,
  "priceRating": {
    "rating": "Fair price",
    "priceRanges": {
      "Very good price": {
        "start": 58501,
        "end": 76000
      },
      "Good price": {
        "start": 76001,
        "end": 81800
      },
      "Fair price": {
        "start": 81801,
        "end": 91000
      },
      "Increased price": {
        "start": 91001,
        "end": 97700
      },
      "High price": {
        "start": 97701,
        "end": 108600
      }
    }
  },
  "description": "Fahrzeugnummer: 200924\n\nEhemalige unverbindliche Preisempfehlung des Automobilherstellers: 127.710 €\n\nUnsere Datenschutzhinweise finden Sie unter http://www.rhein-bmw.de/datenschutz.html\nHIGHLIGHTS & PAKETE\nBMW Live Cockpit Professional\nInnovationspaket\nM Shadow Line mit erweitertem Umfang\nHochglanz Shadow-Line\nGepäckraumpaket\nAblagenpaket\n\nASSISTENZSYSTEME\nParkassistenzsystem Plus\n\nMOTOR GETRIEBE & FAHRWERK\nAdaptives M Fahrwerk\nKomfortzugang\n\nAUDIO & KOMMUNIKATION\nConnected Package Professional\nHarman/Kardon Surround Sound System\nDAB-Tuner\n\nINTERIEUR\nM Sportsitz\nGalvanikapplikation Bedienelemente\nKlimatisierte Sitze vorne\nDachhimmel anthrazit\nSitzverstellung elektrisch mit Memory\nKlimaautomatik\nM Sicherheitsgurte\nLordosenstütze Fahrer u. Beifahrer\nSitzheizung Fahrer/Beifahrer\nLenkradheizung\nInterieurleisten Carbon Fibre\nInnenspiegel automatisch abblendend\nKopfstützen im Fond klappbar\nDeaktivierung Airbag Beifahrer\n\nLICHT & SICHT\nBMW Laserlicht\nFernlichtassistent\n\nRÄDER\nReifendruckanzeige\n\nTECHNIK & SICHERHEIT\nActive Protection\nKilometertacho\nInnen-/Aussensp. mit Abblendautomatik\nAlarmanlage\n\nEXTERIEUR\nAkustik Komfort Verglasung\nAbgedunkelte Verglasung\nDach und Spiegelkappen schwarz\nM Dachreling Shadow Line \nDie Fahrzeugbeschreibung dient lediglich der allgemeinen Identifizierung des Fahrzeuges und stellt keine Gewährleistung im kaufrechtlichen Sinne dar. Die Angaben erheben nicht den Anspruch auf Vollständigkeit. Die gemachten Angaben und Beschreibungen sowie Bilder sind unverbindlich und dienen nicht als zugesicherte Eigenschaften. Der Verkäufer übernimmt keine Haftung bzw. Gewährleistung für Schreib- oder Datenübermittlungsfehler. Ausstattung sind ggf. gesondert zu prüfen. Änderungen und Zwischenverkauf vorbehalten.",
  "dealerDetails": {
    "id": 454796,
    "name": "Autohaus Rhein Tauberfranken",
    "sellerType": "Dealer",
    "phones": [
      "+49 (0)9343 97349890",
      "+49 (0)9343 600384"
    ],
    "languages": [
      "Deutsch"
    ],
    "country": "DE",
    "address": "Am Wöllerspfad 7, DE-97922 Lauda-Königshofen",
    "location": {
      "latitude": 49.5381663,
      "longitude": 9.740036400000001
    },
    "activeSince": "2004-11-29T00:00:00.000Z",
    "homepageUrl": "https://home.mobile.de/home/redirect.html?customerId=454796",
    "iconUrl": null,
    "reviewPageUrl": "https://www.mobile.de/bewertungen/RHEIN-TAUBERFRANKEN?lang=en",
    "score": {
      "total": 4.1,
      "responseTime": 4.3,
      "friendliness": 4.2,
      "advice": 3.9
    },
    "activeRatingCount": 23,
    "vehicleAsDescribedPercentage": 80,
    "recommendPercentage": 80,
    "soldVehicleCount": null,
    "reviews": []
  },
  "attributes": {
    "Vehicle condition": "Used vehicle, Accident-free",
    "Category": "Estate car",
    "Model range": "G81",
    "Vehicle Number": "200924",
    "Availability": "Now",
    "Origin": "German edition",
    "Mileage": "16,900 km",
    "Cubic Capacity": "2,996 ccm",
    "Power": "375 kW (510 hp)",
    "Drive type": "Internal combustion engine",
    "Fuel": "Petrol, E10-enabled",
    "CO₂ class": "Based on CO₂ emissions (combined)",
    "Fuel consumption": [
      "10.3 l/100km (combined)"
    ],
    "Number of Seats": "5",
    "Door Count": "4/5",
    "Transmission": "Automatic",
    "Emission Class": "Euro6d",
    "Emissions Sticker": "4 (Green)",
    "First Registration": "02/2024",
    "Number of Vehicle Owners": "1",
    "Climatisation": "Automatic climatisation, 2 zones",
    "Parking sensors": "Rear, 360° camera, Self-steering systems, Front",
    "Airbags": "Front and Side and More Airbags",
    "Colour (Manufacturer)": "Frozen Pure Grey",
    "Colour": "Grey",
    "Interior Design": "Full leather, Grey",
    "Energy consumption (comb.)": "10.3 l/100km",
    "CO₂ emissions (comb.)": "232 g/km"
  },
  "features": [
    "ABS",
    "Adaptive cornering lights",
    "Adaptive Cruise Control",
    "Alarm system",
    "Alloy wheels",
    "Ambient lighting",
    "Android Auto",
    "Apple CarPlay",
    "Arm rest",
    "Autom. dimming interior mirror",
    "Blind spot assist",
    "Cargo barrier",
    "Central locking",
    "DAB radio",
    "Daytime running lights",
    "Digital cockpit",
    "Distance warning system",
    "Electric seat adjustment",
    "Electric side mirror",
    "Electric tailgate",
    "Electric windows",
    "Emergency brake assist",
    "Emergency call system",
    "ESP",
    "Fatigue warning system",
    "Four-wheel drive",
    "Full Service History",
    "Hands-free kit",
    "Head-up display",
    "Heated seats",
    "High beam assist",
    "Hill-start assist",
    "Immobilizer",
    "Induction charging for smartphones",
    "Integrated music streaming",
    "Isofix",
    "Keyless central locking",
    "Lane change assist",
    "Laser headlights",
    "Leather steering wheel",
    "Light sensor",
    "Lumbar support",
    "Multifunction steering wheel",
    "Navigation system",
    "Non-smoker vehicle",
    "On-board computer",
    "Paddle shifters",
    "Power Steering",
    "Rain sensor",
    "Roof rack",
    "Seat ventilation",
    "Sound system",
    "Speed limit control system",
    "Sport seats",
    "Sports package",
    "Sports suspension",
    "Start-stop system",
    "Summer tyres",
    "Tinted windows",
    "Touchscreen",
    "Traction control",
    "Traffic sign recognition",
    "Tuner/radio",
    "Tyre pressure monitoring",
    "USB port",
    "Voice control",
    "Warranty"
  ]
},
{
  "title": "BMW M3 TOURING COMP. | LIEBHABER | CARBON | LASER",
  "previewImage": "https://img.classistatic.de/api/v1/mo-prod/images/ec/ecc082af-2021-4fbb-ab29-02864ef4e1e7?rule=mo-1600.jpg",
  "category": "EstateCar",
  "brand": "BMW",
  "model": "M3",
  "url": "https://suchen.mobile.de/fahrzeuge/details.html?id=431586324",
  "price.total.amount": 88900,
  "priceRating": {
    "rating": "Good price",
    "priceRanges": {
      "Very good price": {
        "start": 64501,
        "end": 83800
      },
      "Good price": {
        "start": 83801,
        "end": 90300
      },
      "Fair price": {
        "start": 90301,
        "end": 100400
      },
      "Increased price": {
        "start": 100401,
        "end": 107800
      },
      "High price": {
        "start": 107801,
        "end": 119700
      }
    }
  },
  "description": "Ein Fahrzeug von einem absoluten Autoliebhaber, der nur schwer zu finden ist\n\nWir freuen uns, Ihnen heute diesen wunderschönen BMW M3 Competition Touring in der Farbe Alpinweiß anbieten zu dürfen – die unbestritten beste Farbwahl, um die markante Silhouette und filigranen Details einfangen zu können.\nWer wir sind\n\nDie Piepel Automotive Consulting GmbH hat den Anspruch, nur solche Fahrzeuge anzubieten, die unserem hohen Maßstab für ein perfektes Gebrauchtfahrzeug gerecht werden. Dafür betrachten wir nicht nur die klassischen Parameter wie Laufleistung, Erstzulassung oder Servicehistorie etc. – denn diese allein sind nicht aussagekräftig genug. Entscheidend sind die kleinen, auf den ersten Blick unscheinbaren Details – z. B. über den Eigentümer und den Umgang mit dem Fahrzeug, die in Relation zu setzen sind. Die Kaufentscheidung für ein Fahrzeug in dieser Preisklasse sollte nicht nur emotional, sondern auch rational und mit Bedacht getroffen werden. Wir begleiten Sie dabei stets mit Transparenz, Expertise und dem Blick für das Wesentliche – auch über den Vertragsabschluss hinaus.Kontaktieren Sie uns rund um die Uhr (Montag bis Sonntag) telefonisch für Rückfragen oder zur Vereinbarung einer Besichtigung.\nÜber den Eigentümer und wieso der Verkauf stattfindet\n\nDas Fahrzeug wurde erst kürzlich erworben (Auslieferung BMW Welt München, Erstzulassung im April 2024) und stammt von einem langjährigen Kunden, den wir für seine Transparenz und Liebe zu Sportfahrzeugen sehr schätzen. Es ist äußerst selten, dass wir mit einem derart akribischen und gewissenhaften Fahrzeugliebhaber zusammenarbeiten dürfen. Dazu zählt nicht nur die schonende Handwäsche und Lagerung in großzügiger Einzelgarage, sondern auch das Tragen von stets Feinmontagehandschuhen beim Fahren, um jedweden noch so kleinen Kratzer zu vermeiden. Weiterhin die Verwendung eines Sitzwangen-Schutzes und die Montage von Folie im Fahrzeuginnenraum (!), um besonders anfällige Stellen für Kratzer vorzubeugen.\n\nEine bedeutende Veränderung in seinem Leben (Umzug ins Ausland) hat dazu geführt, das Fahrzeug wieder zu verkaufen.\nÜber das Fahrzeug und wieso wir davon überzeugt sind, dass es sich zweifelsfrei um eines der besten Angebote für dieses Modell handelt:\n\nDas Fahrzeug befindet sich in einem optisch (unfall- und nachlackierungsfrei) sowie technisch tadellosen Zustand und verfügt über eine mit Bedacht gewählte Konfiguration, um das Leistungsgewicht des M3 Competition Touring nicht unnötig zu erhöhen. Dazu zählen u. a. die begehrten Carbon-Sitze und das große Laserlicht-Paket.\nEs wurde penibel nach Werksvorgabe auf Langstrecke eingefahren und verfügt über die BMW Werksgarantie (Februar 2027 – Verlängerung optional möglich). Ein Rennstreckenbetrieb oder Vollastfahrten haben nicht stattgefunden – ebenso wenig wie die Verwendung der Launch-Control. Zudem sind die ersten drei Werkstattbesuche im BMW Servicepaket inbegriffen.\nVor Übergabe wird eine Einfahrkontrolle von BMW durchgeführt. Die Kombination aus einem außergewöhnlich peniblen Vorbesitzer, äußerst geringer Laufleistung, bestehender Werksgarantie und attraktivem Angebotspreis ergibt ein Gesamtpaket, das in puncto Preis-Leistung nur selten zu finden ist.\nÜbersicht über die zahlreichen Ausstattungsmerkmale\n\nInterior \nM Carbon Schalensitze\nGalvanikapplikation Bedienelemente\nSitzverstellung elektrisch mit Memory\nSitzheizung Fahrer/Beifahrer\nDachhimmel anthrazit\nInterieurleisten hochglänzend schwarz\nAblagenpaket\nConnected Package Professional\nConnected Drive Services\nWidescreen Display\nBMW Live Cockpit Plus\nDAB-Tuner (DAB+ fähig)\nStorage tray wireless charging\nTeleservices\nGesetzlicher Notruf\nSprachversion deutsch\nSteuerung Infotainment\nDummy-SALAPA\n\nKomfort / Assistenz\nInnenspiegel automatisch abblendend\nInnen-/Aussenspiegel mit Abblendautomatik\nKlimaautomatik\nGeschwindigkeitsregelung mit Bremsfunktion\nActive Guard\nFernlichtassistent\nKopfstützen im Fond klappbar\nDeaktivierung Airbag Beifahrer\nSteuerung Fahrerassistenzsysteme\n\nExterieur (Außenbereich)\nBMW Laserlicht\nAlarmanlage\nM Dachreling Shadow Line\nDach und Spiegelkappen schwarz\nM Shadow Line mit erweitertem Umfang\nAbgedunkelte Verglasung\nM Sportdifferenzial\nAdaptives M Fahrwerk\nBMW LM Rad 826M JB\nWarndreieck und Verbandstasche\nReifendruckanzeige\nRadschraubensicherung\n\nTechnik / Umwelt / Sonstiges\nCO2 Umfang\nAbgasnorm EU6 rde II\nZusatzumfang EU-spezifisch\nDeutschland-Ausführung\nÖlwartungsintervall 24 Monate/30.000 km\nCOC Zusatzumfänge\nKältemittel R1234yf\nFahrgestellnummer von außen sichtbar\nKilometertacho\n\nIrrtümer, Änderungen und Zwischenverkauf vorbehalten.",
  "dealerDetails": {
    "id": 35335659,
    "name": "Piepel Automotive Consulting GmbH",
    "sellerType": "Dealer",
    "phones": [
      "+49 (0)2131 387559253"
    ],
    "messengers": {
      "WHATS_APP": "+49 (0)176 70828945"
    },
    "languages": [
      "Deutsch",
      "English",
      "Italiano",
      "Français",
      "Nederlands"
    ],
    "country": "DE",
    "address": "Bauerbahn 5, DE-41464 Neuss",
    "location": {
      "latitude": 51.1947751,
      "longitude": 6.6419133
    },
    "activeSince": "2024-04-11T00:00:00.000Z",
    "homepageUrl": "https://home.mobile.de/home/redirect.html?customerId=35335659",
    "iconUrl": null,
    "reviewPageUrl": "https://www.mobile.de/bewertungen/PiepelAutomotiveConsultingGmbH?lang=en",
    "score": {
      "total": 5,
      "responseTime": 5,
      "friendliness": 5,
      "advice": 5
    },
    "activeRatingCount": 1,
    "vehicleAsDescribedPercentage": 100,
    "recommendPercentage": 100,
    "soldVehicleCount": null,
    "reviews": []
  },
  "attributes": {
    "Vehicle condition": "Used vehicle, Accident-free",
    "Category": "Estate car",
    "Model range": "Baureihe M3 Touring (G81)(2022->)",
    "Trim line": "xDrive Competition",
    "Origin": "German edition",
    "Mileage": "1,520 km",
    "Cubic Capacity": "2,993 ccm",
    "Power": "375 kW (510 hp)",
    "Drive type": "Internal combustion engine",
    "Fuel": "Petrol, E10-enabled",
    "Number of Seats": "5",
    "Door Count": "4/5",
    "Transmission": "Automatic",
    "Emissions Sticker": "4 (Green)",
    "First Registration": "04/2024",
    "Number of Vehicle Owners": "1",
    "HU": "New",
    "Climatisation": "Automatic climatisation, 2 zones",
    "Parking sensors": "Rear, Front",
    "Airbags": "Front and Side and More Airbags",
    "Colour (Manufacturer)": "ALPINWEISS III",
    "Colour": "White",
    "Interior Design": "Full leather, Black",
    "Weight": "1,940 kg",
    "Cylinders": "6",
    "Tank capacity": "59 l"
  },
  "features": [
    "ABS",
    "Adaptive cornering lights",
    "Alarm system",
    "Alloy wheels",
    "Ambient lighting",
    "Android Auto",
    "Apple CarPlay",
    "Arm rest",
    "Blind spot assist",
    "Bluetooth",
    "Cargo barrier",
    "Central locking",
    "Cruise control",
    "DAB radio",
    "Digital cockpit",
    "Distance warning system",
    "Dynamic chassis control",
    "Electric seat adjustment",
    "Electric side mirror",
    "Electric tailgate",
    "Electric windows",
    "Emergency brake assist",
    "Emergency call system",
    "ESP",
    "Fatigue warning system",
    "Folding exterior mirrors",
    "Four-wheel drive",
    "Full Service History",
    "Glare-free high beam headlights",
    "Hands-free kit",
    "Heated rear seats",
    "Heated seats",
    "High beam assist",
    "Hill-start assist",
    "Immobilizer",
    "Induction charging for smartphones",
    "Integrated music streaming",
    "Isofix",
    "Keyless central locking",
    "Lane change assist",
    "Laser headlights",
    "Leather steering wheel",
    "LED running lights",
    "Light sensor",
    "Multifunction steering wheel",
    "Navigation preparation",
    "Navigation system",
    "New service",
    "Non-smoker vehicle",
    "On-board computer",
    "Paddle shifters",
    "Passenger seat Isofix point",
    "Power Steering",
    "Rain sensor",
    "Roof rack",
    "Seat ventilation",
    "Sound system",
    "Speed limit control system",
    "Sport seats",
    "Sports package",
    "Sports suspension",
    "Start-stop system",
    "Summer tyres",
    "Tinted windows",
    "Touchscreen",
    "Traction control",
    "Traffic sign recognition",
    "Trailer assist",
    "Tuner/radio",
    "TV",
    "Tyre pressure monitoring",
    "USB port",
    "Voice control",
    "Warranty",
    "WLAN / Wi-Fi hotspot"
  ]
},
{
  "title": "BMW M3 Comp. xDrive Limo. 530 PS InnoP, Sitzbelüft.",
  "previewImage": "https://img.classistatic.de/api/v1/mo-prod/images/68/68d2e018-a2da-44b9-a588-29cd9a977670?rule=mo-1600.jpg",
  "category": "Limousine",
  "brand": "BMW",
  "model": "M3",
  "url": "https://suchen.mobile.de/fahrzeuge/details.html?id=433722736",
  "price.total.amount": 89490,
  "priceRating": {
    "rating": "Very good price",
    "priceRanges": {
      "Very good price": {
        "start": 74701,
        "end": 97100
      },
      "Good price": {
        "start": 97101,
        "end": 104600
      },
      "Fair price": {
        "start": 104601,
        "end": 116300
      },
      "Increased price": {
        "start": 116301,
        "end": 124800
      },
      "High price": {
        "start": 124801,
        "end": 138700
      }
    }
  },
  "description": "So gelangen Sie direkt zum Angebot: kopieren Sie einfach den folgenden Link in die Adresszeile: https://apmk.eu/sce/953225/1\n\nSonderausstattung:\n\n1T6 19\"/20\" M Schmiederäder Doppelspeiche 825 M Bicolor Schwarz / MT\nLKSW Leder Merino Schwarz\n1MB M Drive Professional\n2PA Radschraubensicherung\n2T4 M Sportdifferenzial\n2VB Reifendruckkontrollsystem\n2VC Reifenreparaturset\n2VF Adaptives M Fahrwerk\n302 Alarmanlage\n420 Sonnenschutzverglasung\n428 Warndreieck\n430 Innen- und Außenspiegelpaket\n431 Innenspiegel automatisch abblendend\n459 Sitzverstellung, elektrisch mit Memoryfunktion für Fahrersitz\n488 Lordosenstütze\n493 Ablagefachpaket\n494 Sitzheizung für Fahrer und Beifahrer\n4GQ M Sicherheitsgurte\n4LN M Interieurleisten Aluminium Rhombicle Anthrazit\n4U0 Galvanische Blende für Bedienelemente\n534 Klimaautomatik\n5DA Beifahrerairbag-Deaktivierung\n5DC Kopfstützen Fond, klappbar\n5DM Parkassistent\n654 DAB-Tuner\n688 Harman Kardon Surround Sound System\n6AE Teleservices\n6AF Gesetzlicher Notruf\n6AK ConnectedDrive Services\n6C3 Connected Package Professional\n6NX Kabellose Ladeschale\n6PA Personal eSIM\n6U3 BMW Live Cockpit Professional\n712 M Sportsitze\n760 M Hochglanz Shadowline\n775 M Dachhimmel Anthrazit\n7M9 M Hochglanz Shadowline mit erweiterten Umfängen\n8WD Control DAS 18\n453 Aktive Sitzbelüftung vorn\n7A2 Innovationspaket\n316 Automatische Heckklappenbetätigung\n322 Komfortzugangssystem\n552 Adaptive LED-Scheinwerfer\n5AC Fernlichtassistent\n5AU Driving Assistant Professional\n7CG Reparatur inklusive – 3 Jahre/200.000 km\n\n\nFalls Sie noch etwaige Fragen oder Anregungen haben, dann melden Sie sich einfach unter der Telefonnummer 08158 / 914 89 62 oder schreiben Sie uns eine E-Mail an info@auto-per-mausklick.de. Das Team von EU-Neuwagen Knott kümmert sich schnellstmöglich um Ihre Angelegenheiten.\n\nUnsere Preise beinhalten\nHerstellergarantie\nÜberführung, bis zu unserem Standort in 82407 Wielenbach\nÜbergabeinspektion durch unsere Vertragshändler\nZulassungsdokumente\nDeutsche Mehrwertsteuer\nAusführliche Fahrzeugübergabe mit Einweisung an unserem Standort\nAufbereitung Ihres Autos\n\nIhre Vorteile bei einem Kauf eines Neufahrzeugs über EU-Neuwagen Knott\nVolle Herstellergarantie\nOption der Garantieverlängerung\nUnschlagbare Einkaufspreise durch Großhandelskonditionen für alle Marken\nBezahlung erst bei Übergabe Ihres Fahrzeuges\nLieferung bis vor die Haustüre zum Selbstkostenpreis möglich innerhalb von Deutschland für maximal 650,- € auf Anfrage auch in weitere EU-Länder möglich\nMöglichkeit der Inzahlungnahme Ihres alten Autos durch unseren externen Partner\nVertrag nach Deutschem Recht, keine Vermittlung\nFinanzierungs- und Leasingmöglichkeit über unsere Hausbank oder einen externen Partner (bzw. einer Leasinggesellschaft oder Finanzierungsbank Ihrer Wahl)\nVerfügbarkeit von über 15 Fahrzeugmarken\nLagerfahrzeuge auf Nachfrage, verfügbar über verschiedene Partnerhändler\n* Langjährige Erfahrung (seit 2001) im EU-Neuwagenhandel und ausgezeichnet mit dem Fairnespreis 2024",
  "dealerDetails": {
    "id": 11813924,
    "name": "EU Neuwagen Knott GmbH",
    "sellerType": "Dealer",
    "phones": [
      "+49 (0)8158 925991017"
    ],
    "languages": [
      "Deutsch",
      "English",
      "Italiano",
      "Français",
      "Polski",
      "Română",
      "Magyar",
      "Español"
    ],
    "country": "DE",
    "address": "Ammerring 16, DE-82407 Wielenbach",
    "location": {
      "latitude": 47.8809958,
      "longitude": 11.1607451
    },
    "activeSince": "2014-06-25T00:00:00.000Z",
    "homepageUrl": "https://home.mobile.de/home/redirect.html?customerId=11813924",
    "iconUrl": "https://img.classistatic.de/api/v1/mo-prod/images/4e/4ef909b9-f45e-43e7-b119-214e4abf1862?rule=mo-640.jpg",
    "reviewPageUrl": "https://www.mobile.de/bewertungen/EUNEUWAGENKNOTT?lang=en",
    "score": {
      "total": 4.9,
      "responseTime": 4.9,
      "friendliness": 4.9,
      "advice": 4.9
    },
    "activeRatingCount": 138,
    "vehicleAsDescribedPercentage": 99,
    "recommendPercentage": 98,
    "soldVehicleCount": null,
    "reviews": []
  },
  "attributes": {
    "Vehicle condition": "New vehicle, Accident-free",
    "Category": "Saloon",
    "Model range": "G80",
    "Trim line": "M3 Competition",
    "Vehicle Number": "123863",
    "Availability": "From Aug 24, 2025",
    "Origin": "EU edition",
    "Cubic Capacity": "2,993 ccm",
    "Power": "390 kW (530 hp)",
    "Drive type": "Internal combustion engine",
    "Fuel": "Petrol, E10-enabled",
    "CO₂ class": "Based on CO₂ emissions (combined)",
    "Fuel consumption": [
      "10.1 l/100km (combined)",
      "12.3 l/100km (city)",
      "9.6 l/100km (suburban)",
      "8.7 l/100km (country road)",
      "10.7 l/100km (motorway)"
    ],
    "Door Count": "4/5",
    "Transmission": "Automatic",
    "Emissions Sticker": "4 (Green)",
    "Climatisation": "Automatic air conditioning",
    "Parking sensors": "Front, Camera, Rear",
    "Airbags": "Front and Side and More Airbags",
    "Colour (Manufacturer)": "C4W Skyscrapergrau metallic",
    "Colour": "Grey",
    "Interior Design": "Full leather, Black",
    "Energy consumption (comb.)": "10.1 l/100km",
    "CO₂ emissions (comb.)": "228 g/km"
  },
  "features": [
    "ABS",
    "Adaptive Cruise Control",
    "Adaptive lighting",
    "Alarm system",
    "Alloy wheels",
    "Ambient lighting",
    "Android Auto",
    "Apple CarPlay",
    "Arm rest",
    "Autom. dimming interior mirror",
    "Bluetooth",
    "Central locking",
    "Daytime running lights",
    "Digital cockpit",
    "Distance warning system",
    "Electric side mirror",
    "Electric tailgate",
    "Electric windows",
    "Emergency brake assist",
    "Emergency call system",
    "Emergency tyre repair kit",
    "ESP",
    "Fatigue warning system",
    "Folding exterior mirrors",
    "Four-wheel drive",
    "Glare-free high beam headlights",
    "Hands-free kit",
    "Headlight washer system",
    "Head-up display",
    "Heated seats",
    "High beam assist",
    "Hill-start assist",
    "Immobilizer",
    "Induction charging for smartphones",
    "Integrated music streaming",
    "Isofix",
    "Lane change assist",
    "Leather steering wheel",
    "LED headlights",
    "Light sensor",
    "Multifunction steering wheel",
    "Navigation preparation",
    "Navigation system",
    "Non-smoker vehicle",
    "On-board computer",
    "Paddle shifters",
    "Passenger seat Isofix point",
    "Power Steering",
    "Rain sensor",
    "Seat ventilation",
    "Sound system",
    "Speed limit control system",
    "Sport seats",
    "Sports package",
    "Sports suspension",
    "Start-stop system",
    "Summer tyres",
    "Touchscreen",
    "Traction control",
    "Traffic sign recognition",
    "Tuner/radio",
    "Tyre pressure monitoring",
    "USB port",
    "Voice control",
    "Warranty"
  ]
},
{
  "title": "BMW M3 Competition Limousine",
  "previewImage": "https://img.classistatic.de/api/v1/mo-prod/images/22/2248a239-b430-4a94-87b5-c14461fe0cc4?rule=mo-1600.jpg",
  "category": "Limousine",
  "brand": "BMW",
  "model": "M3",
  "url": "https://suchen.mobile.de/fahrzeuge/details.html?id=433722159",
  "price.total.amount": 89200,
  "priceRating": {
    "rating": "Very good price",
    "priceRanges": {
      "Very good price": {
        "start": 68701,
        "end": 89400
      },
      "Good price": {
        "start": 89401,
        "end": 96200
      },
      "Fair price": {
        "start": 96201,
        "end": 107000
      },
      "Increased price": {
        "start": 107001,
        "end": 114900
      },
      "High price": {
        "start": 114901,
        "end": 127700
      }
    }
  },
  "description": "Sonstiges\nAblage für Wireless Charging\nActive Guard\nBlow by-Heizer\nBMW Apps\nDekodierung Zusatzfunktionen\nKaeltemittel\nLieferservice\nM Interieurleisten Aluminium Rhombicle Anthrazit\nMWSt ausweisbar\nPersonal eSIM\nProbefahrt\nSteuerung EfficientDynamics\nSteuerung Karosserie\nUnfallfrei\n\nAntrieb, Fahrwerk\nAdaptives M Fahrwerk\nM Compound-Bremse, rot hochglänzend\nM Drive Professional\nM Sportdifferenzial\nSportfahrwerk\n\nEditionen und Pakete\nAblagenpaket\nConnected Package Professional (laufzeitgebundener Dienst)\nConnectedDrive Services (laufzeitgebundener Dienst)\nInnovationspaket\nM Driver's Package\n\nFahrerassistenz\nBMW Drive Recorder\nDriving Assistant Professional\nGesetzlicher Notruf\nParking Assistant Plus\nTeleservices\n\nIndividualumfänge\nIndividual\nM Hochglanz Shadow Line\nM Hochglanz Shadow Line mit erweiterten Umfängen\n\nKomfort, Innenausstattung\nAutomatische Heckklappenbetätigung\nAutomatische Verriegelung beim Anfahren\nFondkopfstützen klappbar\nGalvanikapplikation für Bedienelemente\nInnen- und Außenspiegelpaket\nKlimaautomatik\nKomfortzugang\nLeder\nLordose\nLordosenstütze für Fahrer und Beifahrer\nM Sicherheitsgurte\nM Sportsitze\nSitzheizung für Fahrer und Beifahrer\nSitzverstellung elektrisch mit Memory für Fahrersitz\nSonnenschutzverglasung\n\nMultimedia\nBMW Live Cockpit Professional (laufzeitgebundener Dienst)\nDAB Tuner\nHarman Kardon Surround Sound System\n\nRäder\n19\"/20\" M Schmiederäder Doppelspeiche 826 M Bicolor Schwarz / MB\nRadschraubensicherung\nReifenreparatur Set\n\nSitzbezug\nLeder Merino Schwarz/Schwarz\n\nUmwelt, Sicherheit\nAbgasnorm EU6 RDE II\nABS\nActive Protection\nAdaptiver LED-Scheinwerfer\nAktiver Fußgängerschutz\nAlarmanlage mit Fernbedienung\nBeifahrerairbag-Deaktivierung\nFernlichtassistent\nInnenspiegel automatisch abblendend\nReifendruck-Kontrolle\n\nEnergieeffizienzklasse: A+++, CO2-Emissionen kombiniert: 0 g/km. Weitere Informationen zum offiziellen Kraftstoffverbrauch und den offiziellen spezifischen CO2-Emissionen und den Stromverbrauch neuer PKW können dem \"Leitfaden über den Kraftstoffverbrauch und die CO2-Emissionen neuer PKW\" entnommen werden, der an allen Verkaufsstellen und bei der \"Deutschen Automobil Treuhand GmbH\" unter www.dat.de unentgeltlich erhältlich ist. Irrtümer und Zwischenverkauf vorbehalten.",
  "dealerDetails": {
    "id": 457800,
    "name": "Autohaus Waldmüller GmbH & Co. KG",
    "sellerType": "Dealer",
    "phones": [
      "+49 (0)9171 957491862"
    ],
    "languages": [
      "Deutsch",
      "English",
      "Polski",
      "Türkçe"
    ],
    "country": "DE",
    "address": "Norisstrasse 31, DE-91154 Roth",
    "location": {
      "latitude": 49.2462671,
      "longitude": 11.1185586
    },
    "activeSince": "2003-06-16T00:00:00.000Z",
    "homepageUrl": "https://home.mobile.de/home/redirect.html?customerId=457800",
    "iconUrl": "https://img.classistatic.de/api/v1/mo-prod/images/5d/5d3b3933-a902-4ae9-865c-afe8764edac0?rule=mo-640.jpg",
    "reviewPageUrl": "https://www.mobile.de/bewertungen/AH-WALDMUELLER-GMBH?lang=en",
    "score": {
      "total": 4.4,
      "responseTime": 4.3,
      "friendliness": 4.6,
      "advice": 4.4
    },
    "activeRatingCount": 19,
    "vehicleAsDescribedPercentage": 93,
    "recommendPercentage": 84,
    "soldVehicleCount": null,
    "reviews": []
  },
  "attributes": {
    "Vehicle condition": "Used vehicle",
    "Category": "Saloon",
    "Model range": "M3",
    "Trim line": "Limousine",
    "Vehicle Number": "B01416031526",
    "Availability": "Now",
    "Origin": "German edition",
    "Mileage": "1,100 km",
    "Cubic Capacity": "2,993 ccm",
    "Power": "375 kW (510 hp)",
    "Drive type": "Internal combustion engine",
    "Fuel": "Petrol, E10-enabled",
    "CO₂ class": "Based on CO₂ emissions (combined)",
    "Fuel consumption": [
      "9.9 l/100km (combined)",
      "15.2 l/100km (city)",
      "9.9 l/100km (suburban)",
      "8.4 l/100km (country road)",
      "9.1 l/100km (motorway)"
    ],
    "Energy costs for 15,000 km annual mileage": "€0/Year",
    "Fuel price": "€1.80/l (annual average 2024)",
    "Possible CO₂ costs over the next 10 years (15,000 km/year)": [
      "€0 (assuming an average CO₂ price of €127/t)",
      "€0 (assuming a low average CO₂ price of €60/t)",
      "€0 (assuming a high average CO₂ price of €200/t)"
    ],
    "Number of Seats": "5",
    "Door Count": "4/5",
    "Transmission": "Automatic",
    "Emission Class": "Euro6",
    "Emissions Sticker": "4 (Green)",
    "First Registration": "06/2025",
    "Number of Vehicle Owners": "1",
    "HU": "06/2028",
    "Climatisation": "Automatic climatisation, 2 zones",
    "Parking sensors": "360° camera, Rear, Front, Self-steering systems",
    "Airbags": "Front and Side and More Airbags",
    "Colour (Manufacturer)": "Alpinweiß uni",
    "Colour": "White",
    "Interior Design": "Full leather, Black",
    "Cylinders": "6",
    "Energy consumption (comb.)": "9.9 l/100km",
    "CO₂ emissions (comb.)": "222 g/km"
  },
  "features": [
    "ABS",
    "Adaptive cornering lights",
    "Adaptive Cruise Control",
    "Alarm system",
    "Alloy wheels",
    "Ambient lighting",
    "Android Auto",
    "Apple CarPlay",
    "Arm rest",
    "Autom. dimming interior mirror",
    "Blind spot assist",
    "Bluetooth",
    "Central locking",
    "DAB radio",
    "Digital cockpit",
    "Distance warning system",
    "Dynamic chassis control",
    "Electric seat adjustment",
    "Electric side mirror",
    "Electric tailgate",
    "Electric windows",
    "Eletric seat adjustment with memory function",
    "Emergency brake assist",
    "Emergency call system",
    "ESP",
    "Folding exterior mirrors",
    "Full Service History",
    "Glare-free high beam headlights",
    "Hands-free kit",
    "Head-up display",
    "Heated seats",
    "High beam assist",
    "Hill-start assist",
    "Immobilizer",
    "Induction charging for smartphones",
    "Integrated music streaming",
    "Isofix",
    "Keyless central locking",
    "Leather steering wheel",
    "LED headlights",
    "LED running lights",
    "Light sensor",
    "Lumbar support",
    "Multifunction steering wheel",
    "Navigation preparation",
    "Navigation system",
    "On-board computer",
    "Paddle shifters",
    "Particulate filter",
    "Power Steering",
    "Rain sensor",
    "Rear traffic alert",
    "Sound system",
    "Speed limit control system",
    "Sport seats",
    "Sports package",
    "Sports suspension",
    "Start-stop system",
    "Summer tyres",
    "Tinted windows",
    "Touchscreen",
    "Traction control",
    "Traffic sign recognition",
    "Tuner/radio",
    "Tyre pressure monitoring",
    "USB port",
    "Voice control",
    "Warranty",
    "WLAN / Wi-Fi hotspot"
  ]
},
{
  "title": "BMW M3 Competition xDrive Touring",
  "previewImage": "https://img.classistatic.de/api/v1/mo-prod/images/c3/c3989473-4ac4-43b1-ae48-7b1e9a4b802d?rule=mo-1600.jpg",
  "category": "EstateCar",
  "brand": "BMW",
  "model": "M3",
  "url": "https://suchen.mobile.de/fahrzeuge/details.html?id=433601281",
  "price.total.amount": 89850,
  "priceRating": {
    "rating": "Fair price",
    "priceRanges": {
      "Very good price": {
        "start": 61201,
        "end": 79500
      },
      "Good price": {
        "start": 79501,
        "end": 85700
      },
      "Fair price": {
        "start": 85701,
        "end": 95300
      },
      "Increased price": {
        "start": 95301,
        "end": 102300
      },
      "High price": {
        "start": 102301,
        "end": 113600
      }
    }
  },
  "description": "Getriebe\nAutomatikgetriebe DriveLogic, 8 Gänge\n\nAusstattungslinie\nAusstattungslinie Exterieur: Competition\n\nAusstattungspakete\nAusstattungspaket: Connected Package Professional, Connected Professional (laufzeitgebundener Dienst)\nOptikpaket: Hochglanz Shadow Line, M Hochglanz Shadow Line\nAblagepaket\nSpiegelpaket\n\nAssistenzsysteme\nFernlichtassistent\nBMW ParkAssistent mit PDC vorne u. hinten: Parkassistent-Paket\nRückfahrkamera\nFahrlichtautomatik\nGeschwindigkeitsregelung mit Bremsfunktion\nSpurwechselassistent\nSpurverlassenswarnung: Driving Assistant\nCity-Anbremsfunktion\nFahrerassistenzpaket: Driving Assistant, Heckaufprall-Vermeidung, Rückfahr-Assistent\nActive Guard Auffahrwarnung\nAufmerksamkeitsassistent\n\nLicht und Sicht\nLaserlicht\nRegensensor\nAutomatisch abblendende Innen- und Außenspiegel\nSonnen- und Wärmeschutzverglasung\nDynamische Leuchtweitenregulierung\nAmbientebeleuchtung\n\nAudio & Kommunikation\nBMW Live Cockpit Professional\nRadio\nMulti-Funktions-Display\nDigitaler Radioempfang DAB\nHarman/Kardon Soundsystem\nBMW ConnectedDrive Services: Connected Package Professional laufzeitgebundener Dienst, ConnectedDrive Services (laufzeitgebundener Dienst), Connected Package Professional (laufzeitgebundener Dienst)\nHandyvorbereitung Bluetooth\nKabelloses Laden für Handys\n\nKomfort\nBMW Live Cockpit Professional: Professional, BMW Curved Display\nKlimaautomatik, 3 Zonen\nFahrer-/Beifahrersitz elektrisch\nMemoryfunktion Fahrersitz\nLordosenstütze Fahrer/Beifahrer elektrisch\nSitzheizung vorn u. hinten\nSportsitze\nArmauflage hinten\nServotronic\nLenksäule elekt. verstellbar\nKomfortzugang\nAuto Start Stop Funktion\nZentralver. mit Fernbedienung\nFensterheber elektrisch 2-fach\nKopfstützen vorn und hinten\nAutomatisch öffnende Heckklappe\nM Drive\nGetränkehalter\n\nInterieur\nSitze Leder Merino\nMultifunktions-Lederlenkrad\nLenkradheizung\nBordcomputer\nRücksitze klapp- und teilbar\nDurchladesystem\nDekoreinlagen: schwarz hochglänzend\n\nExterieur\nAdaptives Fahrwerk\nAntrieb: Allrad\nM Sportfahrwerk\nTouchscreen Bedienung\nDifferentialsperre: Aktives M Differential\nCompound-Bremse\nM Leichtmetallräder 20 Zoll: Doppelspeiche 826 M\nAußenspiegel elekt. verstell- & anklappbar, beheizt\nDachreling: Hochglanz Shadow-Line, Hochglanz Shadow Line\nReifenpannenset\nInnovationspaket\nNotrufsystem: Intelligenter Notruf inkl. TeleServices (laufzeitgebundener Dienst)\nGeschwindigkeitsbegrenzer\n\nSicherheit\nISOFIX Kindersitzbefestigung\nFußgängerschutzsystem\nFahrer- /Beifahrerairbag\nKopfairbag vorn und hinten\nSeitenairbag vorn und hinten\nKnieairbag Fahrer\nDynamische Stabilitäts Control DSC\nReifen Pannen Anzeige RPA\nDiebstahlwarnanlage\nWegfahrsperre\nAußentemperatur Anzeige\nAntiblockiersystem ABS\nProaktives Insassenschutzsystem: Active Protection\nQuerverkehrswarnung\n\nWeitere Ausstattung\nBMW Individual Leuchten Shadow Line\nSteuerung EfficientDynamics\nM Compound-Bremse\nrot hochglänzend\nM Sicherheitsgurte\nGalvanikapplikation für Bedienelemente\nACTIVE PROTECTION\nTeleServices (laufzeitgebundener Dienst)\nRemote Services\nConcierge Services (laufzeitgebundener Dienst)\nReal Time Traffic Information (RTTI) (laufzeitgebundener Dienst)\nRemote 3D View (laufzeitgebundener Dienst)\nDachhimmel Anthrazit (BMW Individual)\nParkbremse elektrisch\nScheinwerfer BMW Individual Shadow-Line\nM Leuchten Shadow Line\nM Dachhimmel Anthrazit\nGebrauchtwagensiegel: BMW Premium Selection\nehemalige unverbindliche Preisempfehlung des Herstellers: 109510 EUR\n\nFahrdaten\nvMax: 250 km/h\nBeschleunigung: 4 Sek. 0-100 km/h\n\nSonstige Maße und Gewichte\nNutzlast: 505 kg\nzulässiges Gesamtgewicht: 2.370 kg\nRadstand: 2.857 mm\n\nDie im Inserat aufgeführten Ausstattungsmerkmale sind unverbindlich. Maßgeblich für den Kauf ist allein der schriftliche Kaufvertrag. Angaben im Inserat begründen keine Beschaffenheitsvereinbarung. Verbindliche Ausstattungsangaben werden ausschließlich im Kaufvertrag festgelegt.",
  "dealerDetails": {
    "id": 455675,
    "name": "WELLER Premium GmbH - BMW Vertragshändler - MINI Servicebetrieb",
    "sellerType": "Dealer",
    "phones": [
      "+49 (0)3901 476013673"
    ],
    "languages": [
      "Deutsch",
      "English"
    ],
    "country": "DE",
    "address": "Hauptstraße 6, DE-29410 Salzwedel-Brietz",
    "location": {
      "latitude": 52.8666389,
      "longitude": 11.0956205
    },
    "activeSince": "2000-10-18T00:00:00.000Z",
    "homepageUrl": "https://home.mobile.de/home/redirect.html?customerId=455675",
    "iconUrl": "https://img.classistatic.de/api/v1/mo-prod/images/0d/0d00bc87-0238-49ed-bc66-9e45d42ad505?rule=mo-640.jpg",
    "reviewPageUrl": "https://www.mobile.de/bewertungen/B-K-SALZWEDEL?lang=en",
    "score": {
      "total": 4.6,
      "responseTime": 4.6,
      "friendliness": 4.7,
      "advice": 4.4
    },
    "activeRatingCount": 31,
    "vehicleAsDescribedPercentage": 88,
    "recommendPercentage": 96,
    "soldVehicleCount": null,
    "reviews": []
  },
  "attributes": {
    "Vehicle condition": "Used vehicle",
    "Category": "Estate car",
    "Trim line": "Competition",
    "Vehicle Number": "5557263",
    "Availability": "Now",
    "Mileage": "13,500 km",
    "Cubic Capacity": "2,993 ccm",
    "Power": "375 kW (510 hp)",
    "Drive type": "Internal combustion engine",
    "Fuel": "Petrol",
    "Number of Seats": "5",
    "Door Count": "4/5",
    "Transmission": "Automatic",
    "Emission Class": "Euro6d",
    "Emissions Sticker": "4 (Green)",
    "First Registration": "05/2024",
    "Number of Vehicle Owners": "1",
    "HU": "New",
    "Climatisation": "Automatic climatisation, 3 zones",
    "Parking sensors": "Front, Camera, Rear, Self-steering systems",
    "Airbags": "Front and Side and More Airbags",
    "Colour (Manufacturer)": "Skyscraper Grau",
    "Colour": "Grey Metallic",
    "Interior Design": "Full leather, Black",
    "Cylinders": "6"
  },
  "features": [
    "ABS",
    "Alarm system",
    "Alloy wheels",
    "Ambient lighting",
    "Arm rest",
    "Autom. dimming interior mirror",
    "Blind spot assist",
    "Bluetooth",
    "Central locking",
    "Cruise control",
    "DAB radio",
    "Digital cockpit",
    "Distance warning system",
    "Dynamic chassis control",
    "Electric seat adjustment",
    "Electric side mirror",
    "Electric tailgate",
    "Electric windows",
    "Eletric seat adjustment with memory function",
    "Emergency call system",
    "Emergency tyre repair kit",
    "ESP",
    "Fatigue warning system",
    "Folding exterior mirrors",
    "Four-wheel drive",
    "Full Service History",
    "Hands-free kit",
    "Heated rear seats",
    "Heated seats",
    "Heated steering wheel",
    "High beam assist",
    "Immobilizer",
    "Induction charging for smartphones",
    "Isofix",
    "Keyless central locking",
    "Lane change assist",
    "Laser headlights",
    "Leather steering wheel",
    "Light sensor",
    "Lumbar support",
    "Multifunction steering wheel",
    "Navigation system",
    "On-board computer",
    "Particulate filter",
    "Power Steering",
    "Rain sensor",
    "Roof rack",
    "Sound system",
    "Speed limit control system",
    "Sport seats",
    "Sports suspension",
    "Start-stop system",
    "Touchscreen",
    "Tuner/radio",
    "Tyre pressure monitoring",
    "Warranty"
  ]
},
{
  "title": "BMW M3 A Competition M xDrive Tou el.Sitz+Mem,DAProf",
  "previewImage": "https://img.classistatic.de/api/v1/mo-prod/images/69/6937cefe-a908-4f81-854d-8b3b97966872?rule=mo-1600.jpg",
  "category": "EstateCar",
  "brand": "BMW",
  "model": "M3",
  "url": "https://suchen.mobile.de/fahrzeuge/details.html?id=432903367",
  "price.total.amount": 88999.01,
  "priceRating": {
    "rating": "Good price",
    "priceRanges": {
      "Very good price": {
        "start": 64101,
        "end": 83300
      },
      "Good price": {
        "start": 83301,
        "end": 89700
      },
      "Fair price": {
        "start": 89701,
        "end": 99700
      },
      "Increased price": {
        "start": 99701,
        "end": 107100
      },
      "High price": {
        "start": 107101,
        "end": 119000
      }
    }
  },
  "description": "BMW Individual Tansanitblau metallic\nVollleder Merino Schwarz\nBMW Live Cockpit Professional\nM Sportsitze\nAdaptiver LED-Scheinwerfer\nParking Assistant Plus\nRückfahrkamera mit Top View\nDriving Assistant Professional\nAdaptives Sportfahrwerk\nHarman Kardon Surround Sound System\nDAB-Tuner\nSitzheizung für Fahrer und Beifahrer\nKlimaautomatik\nAkustikverglasung\nKomfortzugang (Keyless Entry)\nAlarmanlage\nSonnenschutzverglasung\nDachhimmel in anthrazit\nBMW Individual Dachreling Hochglanz Shadow Line\nM Interieurleisten Aluminium R\nDach und Spiegelkappen in schwarz\nAblage für Wireless Charging\nInnen- und Außenspiegel, automatisch abblendend\nAblagepaket\nHochglanz Shadow-Line\nBeifahrerairbag Deaktivierung\nGesetzlicher Notruf\nBMW Individual HochglanzShadow Line mit \nFondkopfstützen klappbar\nActive Protection\nLordosenstütze\nReifendruckanzeige\nAktive Geschwindigkeitsregelung mit Stop & Go\n19\"/20\" M Schmiederäder\nInnenspiegel, automatisch abblendend\nSitzverstellung, elektrisch mit Memory für Fahrer\nM Sicherheitsgurte\nGalvanikapplikation für Bedienelemente\nBMW Individual Leuchten Shadow Line\nFernlichtassistent\nM Compound-Bremse, rot\nM Drive Professional\nGepäckraumpaket\nM Sportdifferential\nGerne teilen wir Ihnen den detaillierten Fahrzeugzustand im Rahmen eines persönlichen Gespräches mit unserem Verkaufspersonal mit. Trotz größter Sorgfalt sind Inseratsfehler nicht ausgeschlossen, Irrtümer und Zwischenverkauf vorbehalten\nAbstandstempomat\nNotbremsassistent\nÄnderungen Zwischenverkauf und Irrtümer vorbehalten!",
  "dealerDetails": {
    "id": 462876,
    "name": "Autohaus Reisacher GmbH",
    "sellerType": "Dealer",
    "phones": [
      "+49 (0)731 8507600817"
    ],
    "languages": [
      "Deutsch",
      "English",
      "Français",
      "Türkçe"
    ],
    "country": "DE",
    "address": "Blaubeurer  Strasse 110, DE-89077 Ulm",
    "location": {
      "latitude": 48.4013097,
      "longitude": 9.9598537
    },
    "activeSince": "2003-10-28T00:00:00.000Z",
    "homepageUrl": "https://home.mobile.de/home/redirect.html?customerId=462876",
    "iconUrl": null,
    "reviewPageUrl": "https://www.mobile.de/bewertungen/REISACHER-ULM?lang=en",
    "score": {
      "total": 4.8,
      "responseTime": 4.6,
      "friendliness": 4.9,
      "advice": 4.8
    },
    "activeRatingCount": 33,
    "vehicleAsDescribedPercentage": 100,
    "recommendPercentage": 92,
    "soldVehicleCount": null,
    "reviews": []
  },
  "attributes": {
    "Vehicle condition": "Used vehicle",
    "Category": "Estate car, Employee's Car",
    "Vehicle Number": "152816",
    "Mileage": "17,493 km",
    "Cubic Capacity": "2,993 ccm",
    "Power": "390 kW (530 hp)",
    "Drive type": "Internal combustion engine",
    "Fuel": "Petrol",
    "CO₂ class": "Based on CO₂ emissions (combined)",
    "Fuel consumption": [
      "10.4 l/100km (combined)",
      "15.8 l/100km (city)",
      "10.3 l/100km (suburban)",
      "8.8 l/100km (country road)",
      "9.8 l/100km (motorway)"
    ],
    "Number of Seats": "5",
    "Door Count": "4/5",
    "Transmission": "Automatic",
    "Emission Class": "Euro 6e",
    "First Registration": "09/2024",
    "Number of Vehicle Owners": "1",
    "HU": "09/2027",
    "Climatisation": "Automatic air conditioning",
    "Parking sensors": "Self-steering systems, 360° camera",
    "Airbags": "Front and Side and More Airbags",
    "Colour (Manufacturer)": "Tansanitblau II metallic",
    "Colour": "Blue",
    "Interior Design": "Full leather, Black",
    "Energy consumption (comb.)": "10.4 l/100km",
    "CO₂ emissions (comb.)": "234 g/km"
  },
  "features": [
    "ABS",
    "Adaptive cornering lights",
    "Adaptive Cruise Control",
    "Alarm system",
    "Alloy wheels",
    "Central locking",
    "DAB radio",
    "Distance warning system",
    "Electric seat adjustment",
    "Electric side mirror",
    "Electric windows",
    "ESP",
    "Fog lamp",
    "Four-wheel drive",
    "Full Service History",
    "Heated seats",
    "Immobilizer",
    "Isofix",
    "Keyless central locking",
    "LED headlights",
    "LED running lights",
    "Light sensor",
    "Lumbar support",
    "Navigation system",
    "Non-smoker vehicle",
    "On-board computer",
    "Power Steering",
    "Roof rack",
    "Sound system",
    "Sport seats",
    "Sports package",
    "Sports suspension",
    "Start-stop system",
    "Traction control",
    "Tuner/radio",
    "Warranty"
  ]
},
{
  "title": "BMW M3 Competion M xDrive Touring",
  "previewImage": "https://img.classistatic.de/api/v1/mo-prod/images/d6/d69449af-9cfe-4f80-8027-8d0b7a6f0365?rule=mo-1600.jpg",
  "category": "EstateCar",
  "brand": "BMW",
  "model": "M3",
  "url": "https://suchen.mobile.de/fahrzeuge/details.html?id=431728675",
  "price.total.amount": 89000,
  "priceRating": {
    "rating": "Fair price",
    "priceRanges": {
      "Very good price": {
        "start": 61501,
        "end": 80000
      },
      "Good price": {
        "start": 80001,
        "end": 86100
      },
      "Fair price": {
        "start": 86101,
        "end": 95800
      },
      "Increased price": {
        "start": 95801,
        "end": 102800
      },
      "High price": {
        "start": 102801,
        "end": 114300
      }
    }
  },
  "description": "BMW Individual Portimao Frozen Blau, Fahrzeug ist komplett mit Lackschutzfolie foliert. Carbon Grill, Lippe und Seitenschweller. Originalteile vorhanden. Mwst. nicht ausweisbar. Deutsches Fahrzeug. Irrtümer und zwischenverkauf vorbehalten.",
  "dealerDetails": {
    "id": 4683908,
    "sellerType": "Private Seller",
    "phones": [
      "+49 (0)176 22794863"
    ],
    "country": "DE",
    "address": "DE-85356 Freising",
    "location": {
      "latitude": 48.3827885,
      "longitude": 11.763174800000002
    },
    "iconUrl": null,
    "reviewPageUrl": null,
    "score": null,
    "activeRatingCount": null,
    "vehicleAsDescribedPercentage": null,
    "recommendPercentage": null,
    "soldVehicleCount": null,
    "reviews": []
  },
  "attributes": {
    "Vehicle condition": "Used vehicle, Accident-free",
    "Category": "Estate car",
    "Mileage": "6,250 km",
    "Cubic Capacity": "2,993 ccm",
    "Power": "375 kW (510 hp)",
    "Drive type": "Internal combustion engine",
    "Fuel": "Petrol",
    "Number of Seats": "5",
    "Door Count": "4/5",
    "Transmission": "Automatic",
    "First Registration": "01/2024",
    "Number of Vehicle Owners": "2",
    "HU": "01/2027",
    "Climatisation": "Automatic climatisation, 3 zones",
    "Parking sensors": "360° camera",
    "Airbags": "Front and Side and More Airbags",
    "Colour": "Blue",
    "Interior Design": "Black"
  },
  "features": [
    "ABS",
    "Adaptive cornering lights",
    "Adaptive Cruise Control",
    "Alarm system",
    "Alloy wheels",
    "Ambient lighting",
    "Android Auto",
    "Apple CarPlay",
    "Arm rest",
    "Autom. dimming interior mirror",
    "Blind spot assist",
    "Bluetooth",
    "Cargo barrier",
    "Central locking",
    "Daytime running lights",
    "Digital cockpit",
    "Distance warning system",
    "Electric seat adjustment",
    "Electric side mirror",
    "Electric tailgate",
    "Electric windows",
    "Emergency brake assist",
    "Emergency call system",
    "Emergency tyre repair kit",
    "ESP",
    "Fatigue warning system",
    "Four-wheel drive",
    "Full Service History",
    "Hands-free kit",
    "Head-up display",
    "Heated seats",
    "High beam assist",
    "Hill-start assist",
    "Immobilizer",
    "Induction charging for smartphones",
    "Isofix",
    "Keyless central locking",
    "Lane change assist",
    "Laser headlights",
    "Leather steering wheel",
    "Light sensor",
    "Lumbar support",
    "Multifunction steering wheel",
    "Navigation system",
    "Non-smoker vehicle",
    "On-board computer",
    "Paddle shifters",
    "Particulate filter",
    "Power Steering",
    "Rain sensor",
    "Roof rack",
    "Seat ventilation",
    "Speed limit control system",
    "Sport seats",
    "Start-stop system",
    "Summer tyres",
    "Touchscreen",
    "Traction control",
    "Traffic sign recognition",
    "Tyre pressure monitoring",
    "USB port",
    "Voice control",
    "Warranty"
  ]
},
{
  "title": "BMW M3 Competion M xDrive Touring M3 Competion",
  "previewImage": "https://img.classistatic.de/api/v1/mo-prod/images/a3/a3d3130b-08fd-4f15-a145-42918513d303?rule=mo-1600.jpg",
  "category": "EstateCar",
  "brand": "BMW",
  "model": "M3",
  "url": "https://suchen.mobile.de/fahrzeuge/details.html?id=433911518",
  "price.total.amount": 89000,
  "priceRating": {
    "rating": "Increased price",
    "priceRanges": {
      "Very good price": {
        "start": 56401,
        "end": 73300
      },
      "Good price": {
        "start": 73301,
        "end": 79000
      },
      "Fair price": {
        "start": 79001,
        "end": 87900
      },
      "Increased price": {
        "start": 87901,
        "end": 94300
      },
      "High price": {
        "start": 94301,
        "end": 104800
      }
    }
  },
  "description": "BMW M3 Touring (G81)\nAußenfarbe: Skyscraper Silber\nInnenausstattung Leder weiß/schwarz \n\nScheckheft gepflegt, Unfallfrei \n\nVollständiger Performance CS Umbau Außen & Innen inklusive gelbem LED Tagfahrlicht \nPerformance Felge Styling 1000 M Kreuzspeiche Schwarzmatt (3800€) inklusive Michelin Pilot Sport\nWinterfelge Original 826 M bicolore inklusive Michelin Pilot Alpin 5 \nVollumfängliche Steinschlag-Folie inklusive Keramik-Versiegelung\nEibach Federn und Spurplatten eingetragen \nLeistungszertifikat (545PS)\nBei der Rechnung wird die Mehrwertsteuer (19%) ausgewiesen. (Bruttopreis 89000€ / Nettopreis 72.090€)",
  "dealerDetails": {
    "id": 40384610,
    "sellerType": "Private Seller",
    "phones": [
      "+49 (0)1512 1712509"
    ],
    "country": "DE",
    "address": "DE-35685 Dillenburg",
    "location": {
      "latitude": 50.7771558,
      "longitude": 8.2628167
    },
    "iconUrl": null,
    "reviewPageUrl": null,
    "score": null,
    "activeRatingCount": null,
    "vehicleAsDescribedPercentage": null,
    "recommendPercentage": null,
    "soldVehicleCount": null,
    "reviews": []
  },
  "attributes": {
    "Vehicle condition": "Used vehicle, Accident-free",
    "Category": "Estate car",
    "Mileage": "50,000 km",
    "Cubic Capacity": "2,993 ccm",
    "Power": "375 kW (510 hp)",
    "Drive type": "Internal combustion engine",
    "Fuel": "Petrol",
    "Number of Seats": "5",
    "Door Count": "4/5",
    "Transmission": "Automatic",
    "Emission Class": "Euro6",
    "Emissions Sticker": "4 (Green)",
    "First Registration": "05/2023",
    "Number of Vehicle Owners": "1",
    "HU": "05/2026",
    "Climatisation": "Automatic climatisation, 3 zones",
    "Parking sensors": "Self-steering systems, 360° camera",
    "Airbags": "Front and Side Airbags",
    "Colour": "Grey Metallic",
    "Interior Design": "Full leather, Other"
  },
  "features": [
    "ABS",
    "Adaptive cornering lights",
    "Adaptive Cruise Control",
    "Alarm system",
    "Alloy wheels",
    "Ambient lighting",
    "Android Auto",
    "Apple CarPlay",
    "Arm rest",
    "Autom. dimming interior mirror",
    "Blind spot assist",
    "Bluetooth",
    "Cargo barrier",
    "Central locking",
    "DAB radio",
    "Digital cockpit",
    "Distance warning system",
    "Electric seat adjustment",
    "Electric side mirror",
    "Electric tailgate",
    "Electric windows",
    "Emergency brake assist",
    "Emergency call system",
    "Emergency tyre repair kit",
    "ESP",
    "Fatigue warning system",
    "Full Service History",
    "Glare-free high beam headlights",
    "Hands-free kit",
    "Head-up display",
    "Heated seats",
    "Heated steering wheel",
    "Heated windshield",
    "High beam assist",
    "Hill-start assist",
    "Immobilizer",
    "Induction charging for smartphones",
    "Isofix",
    "Keyless central locking",
    "Lane change assist",
    "Leather steering wheel",
    "LED headlights",
    "LED running lights",
    "Light sensor",
    "Lumbar support",
    "Multifunction steering wheel",
    "Navigation system",
    "Non-smoker vehicle",
    "On-board computer",
    "Paddle shifters",
    "Particulate filter",
    "Passenger seat Isofix point",
    "Power Steering",
    "Rain sensor",
    "Roof rack",
    "Seat ventilation",
    "Sound system",
    "Speed limit control system",
    "Sport seats",
    "Sports package",
    "Sports suspension",
    "Start-stop system",
    "Summer tyres",
    "Sunroof",
    "Touchscreen",
    "Traction control",
    "Traffic sign recognition",
    "Tyre pressure monitoring",
    "USB port",
    "Voice control",
    "Warranty",
    "Winter tyres",
    "WLAN / Wi-Fi hotspot"
  ]
},
{
  "title": "BMW M3 Touring xDrive Competition*SCHALE*HEAD-UP*360",
  "previewImage": "https://img.classistatic.de/api/v1/mo-prod/images/5a/5a94c04b-1f43-4f1c-a3d0-05c8227d5501?rule=mo-1600.jpg",
  "category": "EstateCar",
  "brand": "BMW",
  "model": "M3",
  "url": "https://suchen.mobile.de/fahrzeuge/details.html?id=409416808",
  "price.total.amount": 89499,
  "priceRating": {
    "rating": "Fair price",
    "priceRanges": {
      "Very good price": {
        "start": 59501,
        "end": 77400
      },
      "Good price": {
        "start": 77401,
        "end": 83300
      },
      "Fair price": {
        "start": 83301,
        "end": 92700
      },
      "Increased price": {
        "start": 92701,
        "end": 99500
      },
      "High price": {
        "start": 99501,
        "end": 110500
      }
    }
  },
  "description": "Besonderheiten:\nDeutsches Fahrzeug.\nUnfallfrei.\nKeine nachlackierungen.\nScheckheftgepflegt bei BMW\nCarbon-Schalensitze.\n360° Kamera.\nHead-Up Display.\n\nService Historie:\n1. Service bei 6 km\n2. Service bei 2.029 Km\n\nSonderausstattung:\nBMW Live Cockpit Professional,\nBremsanlage: Compound - M Bremssystem (Bremssättel Schwarz),\nFahrassistenz-System: Driving Assistant Professional,\nInnovations-Paket,\nLM-Felgen vorn/hinten: 9,5x19 / 10,5x20 (Doppelspeichen 826 M, Bicolor, Schwarz),\nM Driver´s Package,\nM Schalensitze Carbon,\nMetallic-Lackierung,\nParkassistent-Paket Plus,\nSitzbezug / Polsterung: Voll-Leder Merino,\nSonnenschutzverglasung (hinten abgedunkelt),\nSound-System Harman-Kardon,\nVerglasung Akustikglas\n\nWeitere Ausstattung:\nAblage-Paket,\nAdaptives Fahrwerk M-Technic,\nAirbag Beifahrerseite abschaltbar,\nAktives M Differential,\nAmbiente-Beleuchtung,\nAusstattungs-Paket: Connected Professional,\nAußenausstattung: Shadow-Line Hochglanz,\nAußenausstattung: Shadow-Line Hochglanz (erweiterter Umfang),\nAußenspiegel elektr. verstell- und heizbar,\nBedienelemente galvanisiert,\nBordcomputer,\nCompetition,\nDAB-Tuner (Radioempfang digital),\nDachhimmel Anthrazit (BMW Individual),\nDachreling Hochglanz Shadow-Line,\nDiebstahlsicherung für Räder (Felgenschlösser),\nDurchladeeinrichtung (Mittelarmlehne hinten),\nDynamische Stabilitäts-Control (DSC) mit erweiterter Umfang,\nEinstiegsleisten mit Einleger in Aluminium mit Schriftzug M,\nErste Hilfe-Kasten / Verbandkasten,\nFahrassistenz-System: Active Guard (Bremsassistent),\nFahrassistenz-System: Aufmerksamkeits-Assistent,\nFreisprecheinrichtung Bluetooth mit USB-/Audio-Schnittstelle,\nFußmatten Velours,\nGepäckraumbeleuchtung,\nGetriebe Automatik - mit Steptronic und Drivelogic (8-Stufen),\nGetränkehalter,\nHeckklappenbetätigung automatisch,\nHeckleuchten LED,\nInduktionsladeschale für Smartphone (Wireless Charging),\nInnenausstattung: Interieurleisten, schwarz hochglänzend,\nInnenspiegel mit Abblendautomatik,\nInstrumentenkombination (erweiterter Umfang),\nIsofix-Aufnahmen für Kindersitz an Rücksitz,\nKarosserie: 5-türig,\nKennzeichenbeleuchtung LED,\nKlimaautomatik 3-Zonen mit autom. Umluft-Control,\nKnieairbag Fahrerseite,\nKopf-Airbag-System hinten,\nKopf-Airbag-System vorn,\nKopfstützen hinten klappbar,\nLenksäule (Lenkrad) elektr. verstellbar,\nLeuchtweitenregelung,\nM Drive (Fahrprofilauswahl),\nM Drive Professional (Fahrprofilauswahl),\nMotor 3,0 Ltr. - 375 kW 24V TwinTurbo KAT (S58),\nNebelschlussleuchte(n),\nOtto-Partikelfilter (OPF),\nPark-Distance-Control (PDC) vorn und hinten,\nParkbremse elektrisch,\nReifendruck-Kontrollsystem,\nReifenpannen-Anzeige,\nSchadstoffarm nach Abgasnorm Euro 6d,\nSchaltpunktanzeige,\nSeitenairbag vorn,\nService-System: ConnectedDrive Services,\nService-System: Gesetzlicher Notruf,\nService-System: Intelligenter Notruf inkl. TeleServices,\nSitze vorn elektr. verstellbar (mit Memory),\nSpiegel-Paket,\nSportdifferential,\nStart-Stop-Knopf,\nStart/Stop-Anlage (Funktion),\nSteckdose (12V-Anschluß) in Mittelkonsole vorn,\nWarndreieck,\nWidescreen Display,\nWärme-/Sonnenschutzverglasung,\nWärme-/Sonnenschutzverglasung kombiniert (hinten abgedunkelt)\n\nFür weitere Fragen stehen wir Ihnen gerne zur Verfügung:\n\nVerkaufsberatung:\nTel.: 0202/57495039\nMobil.: 0162/2457674 (Whatsapp)\n\nUnser Service für sie:\nFinanzierung bis zu 120 Monaten möglich (auch ohne Anzahlung möglich)\nProbefahrt und Besichtigung nach Terminabsprache möglich\nInzahlungnahme ihres Gebrauchten PKW's zu fairen Preisen\nAbholservice vom Flughafen & Bahnhof auf Anfrage\nGebrauchtwagengarantie bis zu 36 Monaten möglich\n5 Tages Kurzkennzeichen organisierbar\n\nIrrtümer sowie Tippfehler unter vorbehalt.\nTrotz großer Bemühungen und Sorgfalt sind Inseratsfehler nicht auszuschließen, es wird keine Haftung übernommen!",
  "dealerDetails": {
    "id": 15634757,
    "name": "Autowerk Wuppertal GmbH",
    "sellerType": "Dealer",
    "phones": [
      "+49 (0)202 9479306555"
    ],
    "messengers": {
      "WHATS_APP": "+49 (0)162 2457674"
    },
    "languages": [
      "Deutsch",
      "English",
      "Italiano",
      "Türkçe"
    ],
    "country": "DE",
    "address": "Robert-Koch-Straße 8, DE-42499 Hückeswagen",
    "location": {
      "latitude": 51.1368723,
      "longitude": 7.2916948
    },
    "activeSince": "2016-11-25T00:00:00.000Z",
    "homepageUrl": "https://home.mobile.de/home/redirect.html?customerId=15634757",
    "iconUrl": null,
    "reviewPageUrl": "https://www.mobile.de/bewertungen/AUTOWERKREMSCHEID?lang=en",
    "score": {
      "total": 4.3,
      "responseTime": 5,
      "friendliness": 4.1,
      "advice": 3.9
    },
    "activeRatingCount": 7,
    "vehicleAsDescribedPercentage": 100,
    "recommendPercentage": 71,
    "soldVehicleCount": null,
    "reviews": []
  },
  "attributes": {
    "Vehicle condition": "Used vehicle, Accident-free",
    "Category": "Estate car",
    "Model range": "Baureihe M3 Touring (G81)(2022->)",
    "Trim line": "xDrive Competition",
    "Vehicle Number": "089",
    "Origin": "German edition",
    "Mileage": "26,823 km",
    "Cubic Capacity": "2,993 ccm",
    "Power": "375 kW (510 hp)",
    "Drive type": "Internal combustion engine",
    "Fuel": "Petrol",
    "Number of Seats": "5",
    "Door Count": "4/5",
    "Transmission": "Automatic",
    "Emission Class": "Euro6",
    "Emissions Sticker": "4 (Green)",
    "First Registration": "12/2023",
    "Number of Vehicle Owners": "2",
    "HU": "12/2026",
    "Climatisation": "Automatic climatisation, 4 zones",
    "Parking sensors": "360° camera, Rear, Front",
    "Airbags": "Front and Side and More Airbags",
    "Colour (Manufacturer)": "BROOKLYN GRAU METALLIC",
    "Colour": "Grey Metallic",
    "Interior Design": "Full leather, Black",
    "Weight": "1,940 kg",
    "Cylinders": "6",
    "Tank capacity": "59 l"
  },
  "features": [
    "ABS",
    "Adaptive cornering lights",
    "Adaptive Cruise Control",
    "Alarm system",
    "Alloy wheels",
    "Ambient lighting",
    "Apple CarPlay",
    "Arm rest",
    "Autom. dimming interior mirror",
    "Blind spot assist",
    "Bluetooth",
    "Cargo barrier",
    "CD player",
    "Central locking",
    "DAB radio",
    "Digital cockpit",
    "Distance warning system",
    "Dynamic chassis control",
    "Electric seat adjustment",
    "Electric side mirror",
    "Electric tailgate",
    "Electric windows",
    "Eletric seat adjustment with memory function",
    "Emergency brake assist",
    "Emergency call system",
    "Emergency tyre repair kit",
    "ESP",
    "Fatigue warning system",
    "Fog lamp",
    "Fold flat passenger seat",
    "Folding exterior mirrors",
    "Four-wheel drive",
    "Full Service History",
    "Glare-free high beam headlights",
    "Hands-free kit",
    "Head-up display",
    "Heated rear seats",
    "Heated seats",
    "Heated steering wheel",
    "Heated windshield",
    "High beam assist",
    "Hill-start assist",
    "Immobilizer",
    "Induction charging for smartphones",
    "Isofix",
    "Keyless central locking",
    "Lane change assist",
    "Leather steering wheel",
    "LED headlights",
    "LED running lights",
    "Light sensor",
    "Lumbar support",
    "Multifunction steering wheel",
    "Navigation system",
    "Non-smoker vehicle",
    "On-board computer",
    "Paddle shifters",
    "Power Steering",
    "Rain sensor",
    "Roof rack",
    "Sound system",
    "Speed limit control system",
    "Sport seats",
    "Sports suspension",
    "Start-stop system",
    "Summer tyres",
    "Tinted windows",
    "Traction control",
    "Traffic sign recognition",
    "Tuner/radio",
    "Tyre pressure monitoring",
    "USB port",
    "Voice control",
    "Warranty",
    "Winter package"
  ]
},
{
  "title": "BMW M3 Competion M xDrive Touring LCPro*Harman*PA+*",
  "previewImage": "https://img.classistatic.de/api/v1/mo-prod/images/07/079b279b-9194-436d-979d-58bf87d6645e?rule=mo-1600.jpg",
  "category": "EstateCar",
  "brand": "BMW",
  "model": "M3",
  "url": "https://suchen.mobile.de/fahrzeuge/details.html?id=434456683",
  "price.total.amount": 88990,
  "priceRating": {
    "rating": "Good price",
    "priceRanges": {
      "Very good price": {
        "start": 68201,
        "end": 88600
      },
      "Good price": {
        "start": 88601,
        "end": 95500
      },
      "Fair price": {
        "start": 95501,
        "end": 106200
      },
      "Increased price": {
        "start": 106201,
        "end": 114000
      },
      "High price": {
        "start": 114001,
        "end": 126600
      }
    }
  },
  "description": "Sonderausstattung\nActive Protection\nFernlichtassistent\nInnovationspaket\nMetallic-Lackierung\nParking Assistant Plus\n\nSonderausstattung ab Werk\nAblagenpaket\nAdaptiver LED-Scheinwerfer\nAdaptives Fahrwerk\nAlarmanlage\nBMW Individual Hochglanz Shadow Line mit erweiterten Umfängen\nBMW Live Cockpit Professional\nDriving Assistant\nGalvanikapplikation für Bedienelemente\nHarman Kardon Surround Sound System\nInnen- und Außenspiegelpaket\nInnenspiegel.automatisch abblendend\nKlimaautomatik mit 2-Zonen-Regelung\nKomfortzugang\nLordosenstütze für Fahrer und Beifahrer\nM Dachhimmel anthrazit\nM Dachreling Hochglanz shadow line\nM Hochglanz Shadow Line\nM Interieurleisten Aluminium Rhombicle Antrazit\nM Sicherheitsgurte\nM Sportdifferenzial\nM Sportsitze\nReifenreparatur Set\nSitzheizung für Fahrer und Beifahrer\nSitzverstellung elektrisch mit Memory\nSonnenschutzverglasung\nWireless Charging Ablage\n19'/20' M Schmiederäder Doppelspeiche 826 M Schwarz mit Mischbereifung\n\n\nGarantie\nBMW Premium Selection\nLeasingangebot\nRate: 1.237,01 Euro/Monat\nSonderzahlung: 0,00 Euro\nLaufzeit: 48 Monate\nLaufleistung: 5.000 km/Jahr\n\nEin unverbindliches Leasingbeispiel der BMW Bank GmbH, Lilienthalallee 26, D-80939 München.\nBarzahlungspreis: 88.990,00 Euro, Gesamtbetrag: 59.376,48 Euro, Nettodarlehensbetrag: 88.990,00 Euro\n\n\nIrrtümer und Zwischenverkauf vorbehalten.\n\n(MOJS 22.08.2025 13.44)",
  "dealerDetails": {
    "id": 6249027,
    "name": "Riedel Automobile GmbH",
    "sellerType": "Dealer",
    "phones": [
      "+49 (0)2064 625976638"
    ],
    "languages": [
      "Deutsch",
      "English"
    ],
    "country": "DE",
    "address": "Willy-Brandt-Str. 1, DE-46535 Dinslaken",
    "location": {
      "latitude": 51.56998350000001,
      "longitude": 6.7307751
    },
    "activeSince": "2011-07-27T00:00:00.000Z",
    "homepageUrl": "https://home.mobile.de/home/redirect.html?customerId=6249027",
    "iconUrl": "https://img.classistatic.de/api/v1/mo-prod/images/35/3522b5c9-48f2-46ee-a2c8-3355158a837e?rule=mo-640.jpg",
    "reviewPageUrl": "https://www.mobile.de/bewertungen/RIEDELAUTOMOBILEGMBH?lang=en",
    "score": {
      "total": 4.7,
      "responseTime": 4.7,
      "friendliness": 4.7,
      "advice": 4.6
    },
    "activeRatingCount": 20,
    "vehicleAsDescribedPercentage": 85,
    "recommendPercentage": 100,
    "soldVehicleCount": null,
    "reviews": []
  },
  "attributes": {
    "Vehicle condition": "Used vehicle, Accident-free",
    "Category": "Estate car, Employee's Car",
    "Model range": "G81",
    "Trim line": "M3",
    "Vehicle Number": "33360831",
    "Availability": "Now",
    "Origin": "German edition",
    "Mileage": "8,599 km",
    "Cubic Capacity": "2,993 ccm",
    "Power": "390 kW (530 hp)",
    "Drive type": "Internal combustion engine",
    "Fuel": "Petrol, E10-enabled",
    "CO₂ class": "Based on CO₂ emissions (combined)",
    "Fuel consumption": [
      "10.4 l/100km (combined)"
    ],
    "Energy costs for 15,000 km annual mileage": "€2,802/Year",
    "Fuel price": "€1.80/l (annual average 2025)",
    "Vehicle tax": "€476/Year",
    "Number of Seats": "5",
    "Door Count": "4/5",
    "Transmission": "Automatic",
    "Emission Class": "Euro 6e",
    "Emissions Sticker": "4 (Green)",
    "First Registration": "02/2025",
    "Number of Vehicle Owners": "1",
    "HU": "New",
    "Climatisation": "Automatic climatisation, 3 zones",
    "Parking sensors": "Front, Rear, Self-steering systems, 360° camera",
    "Airbags": "Front and Side and More Airbags",
    "Colour (Manufacturer)": "M Isle of Man Grün metallic",
    "Colour": "Green Metallic",
    "Interior Design": "Full leather, Black",
    "Weight": "1,940 kg",
    "Cylinders": "6",
    "Tank capacity": "59 l",
    "Energy consumption (comb.)": "10.4 l/100km",
    "CO₂ emissions (comb.)": "234 g/km"
  },
  "features": [
    "ABS",
    "Adaptive cornering lights",
    "Alarm system",
    "Alloy wheels",
    "Ambient lighting",
    "Android Auto",
    "Apple CarPlay",
    "Arm rest",
    "Autom. dimming interior mirror",
    "Blind spot assist",
    "Bluetooth",
    "Cargo barrier",
    "Central locking",
    "Cruise control",
    "DAB radio",
    "Digital cockpit",
    "Distance warning system",
    "Dynamic chassis control",
    "Electric seat adjustment",
    "Electric side mirror",
    "Electric tailgate",
    "Electric windows",
    "Eletric seat adjustment with memory function",
    "Emergency brake assist",
    "Emergency call system",
    "ESP",
    "Folding exterior mirrors",
    "Four-wheel drive",
    "Full Service History",
    "Glare-free high beam headlights",
    "Hands-free kit",
    "Head-up display",
    "Heated seats",
    "High beam assist",
    "Hill-start assist",
    "Immobilizer",
    "Induction charging for smartphones",
    "Isofix",
    "Keyless central locking",
    "Lane change assist",
    "Leather steering wheel",
    "LED headlights",
    "LED running lights",
    "Light sensor",
    "Lumbar support",
    "Multifunction steering wheel",
    "Navigation system",
    "Non-smoker vehicle",
    "On-board computer",
    "Paddle shifters",
    "Particulate filter",
    "Power Steering",
    "Rain sensor",
    "Rear traffic alert",
    "Roof rack",
    "Sound system",
    "Speed limit control system",
    "Sport seats",
    "Sports package",
    "Sports suspension",
    "Start-stop system",
    "Summer tyres",
    "Tinted windows",
    "Touchscreen",
    "Traction control",
    "Traffic sign recognition",
    "Tuner/radio",
    "Tyre pressure monitoring",
    "USB port",
    "Voice control",
    "Warranty",
    "WLAN / Wi-Fi hotspot"
  ]
},
{
  "title": "BMW M3 Competition M xDrive Touring Harman/K Kamera",
  "previewImage": "https://img.classistatic.de/api/v1/mo-prod/images/aa/aa166745-cc1f-41b5-ba4f-cb5b5a6c0ec0?rule=mo-1600.jpg",
  "category": "EstateCar",
  "brand": "BMW",
  "model": "M3",
  "url": "https://suchen.mobile.de/fahrzeuge/details.html?id=433897632",
  "price.total.amount": 89899,
  "priceRating": {
    "rating": "Fair price",
    "priceRanges": {
      "Very good price": {
        "start": 61901,
        "end": 80400
      },
      "Good price": {
        "start": 80401,
        "end": 86600
      },
      "Fair price": {
        "start": 86601,
        "end": 96400
      },
      "Increased price": {
        "start": 96401,
        "end": 103400
      },
      "High price": {
        "start": 103401,
        "end": 114900
      }
    }
  },
  "description": "Antrieb, Fahrwerk\nAdaptives M Fahrwerk\nAllrad\nM Sportdifferenzial\n\nEditionen und Pakete\nAblagenpaket\nConnected Package Professional (laufzeitgebundener Dienst)\nConnectedDrive Services (laufzeitgebundener Dienst)\nGepäckraumpaket\nInnovationspaket\n\nExterieur\nDach und Spiegelkappen schwarz\nDachreling\n\nFahrerassistenz\nDriving Assistant Professional\nGesetzlicher Notruf\nParking Assistant Plus\nTeleservices\n\nIndividualumfänge\nM Dachreling Hochglanz Shadow Line\nM Hochglanz Shadow Line\nM Hochglanz Shadow Line mit erweiterten Umfängen\n\nKomfort, Innenausstattung\nAkustikverglasung\nFondkopfstützen klappbar\nGalvanikapplikation für Bedienelemente\nInnen- und Außenspiegelpaket\nKlimaautomatik\nKomfortzugang\nLenkradheizung\nLordosenstütze für Fahrer und Beifahrer\nM Sicherheitsgurte\nM Sportsitze\nSitzheizung für Fahrer und Beifahrer\nSitzverstellung elektrisch\nSitzverstellung elektrisch mit Memory für Fahrersitz\nSonnenschutzrollo für hintere Türseitenscheiben\nSonnenschutzverglasung\n\nMultimedia\nBMW Live Cockpit Professional (laufzeitgebundener Dienst)\nDAB Tuner\nHarman Kardon Surround Sound System\n\nRäder\n19\"/20\" M Schmiederäder Doppelspeiche 826 M Schwarz / MB\n\nSitzbezug\nLeder Merino Schwarz/Schwarz\n\nSonstiges\nAblage für Wireless Charging\nABS\nActive Guard\nAutomatic Getriebe Steptronic\nBMW Apps\nIndividual\nKlimaanlage oder -automatik\nLeder\nLordose\nM Compound-Bremse, schwarz hochglänzend\nM Drive Professional\nM Interieurleisten Aluminium Rhombicle Anthrazit\nM Leuchten Shadow Line\nPersonal eSIM\nSitzheizung\nSportfahrwerk\nSteuerung D\nSteuerung FAS 18\n\nUmwelt, Sicherheit\nActive Protection\nAdaptiver LED-Scheinwerfer\nAktiver Fußgängerschutz\nAlarmanlage mit Fernbedienung\nBeifahrerairbag-Deaktivierung\nFernlichtassistent\nInnenspiegel automatisch abblendend\nReifendruck-Kontrolle\n\nEhem. unverb. Nettolistenpreis in EUR 97.363,00 Eur inkl.Sonderausstattung zzgl. MwSt., inklusive gebrauchtem Winterradsatz Irrtümer und Zwischenverkauf vorbehalten.",
  "dealerDetails": {
    "id": 452743,
    "name": "BMW AG Niederlassung Bonn",
    "sellerType": "Dealer",
    "phones": [
      "+49 (0)228 9727489086"
    ],
    "languages": [
      "Deutsch",
      "English"
    ],
    "country": "DE",
    "address": "Vorgebirgsstrasse 95, DE-53119 Bonn",
    "location": {
      "latitude": 50.7407064,
      "longitude": 7.080574299999999
    },
    "activeSince": "2000-07-03T00:00:00.000Z",
    "homepageUrl": "https://home.mobile.de/home/redirect.html?customerId=452743",
    "iconUrl": "https://img.classistatic.de/api/v1/mo-prod/images/62/622928e4-4fb8-4a4b-854b-397e89f4b9a7?rule=mo-640.jpg",
    "reviewPageUrl": "https://www.mobile.de/bewertungen/BMW-BONN?lang=en",
    "score": {
      "total": 4.2,
      "responseTime": 4.2,
      "friendliness": 4.4,
      "advice": 3.8
    },
    "activeRatingCount": 45,
    "vehicleAsDescribedPercentage": 93,
    "recommendPercentage": 77,
    "soldVehicleCount": null,
    "reviews": []
  },
  "attributes": {
    "Vehicle condition": "Used vehicle",
    "Category": "Estate car",
    "Model range": "G81",
    "Trim line": "M xDrive Touring Harman/K Kamera",
    "Vehicle Number": "07049311",
    "Availability": "Now",
    "Origin": "German edition",
    "Mileage": "37,339 km",
    "Cubic Capacity": "2,993 ccm",
    "Power": "390 kW (530 hp)",
    "Drive type": "Internal combustion engine",
    "Fuel": "Petrol, E10-enabled",
    "Number of Seats": "5",
    "Door Count": "4/5",
    "Transmission": "Automatic",
    "Emission Class": "Euro6",
    "Emissions Sticker": "4 (Green)",
    "First Registration": "11/2024",
    "Construction Year": "2024",
    "Number of Vehicle Owners": "1",
    "HU": "11/2027",
    "Climatisation": "Automatic air conditioning",
    "Parking sensors": "Rear, Front, Self-steering systems",
    "Airbags": "Front and Side and More Airbags",
    "Colour (Manufacturer)": "Alpinweiß uni",
    "Colour": "White",
    "Interior Design": "Full leather, Black"
  },
  "features": [
    "ABS",
    "Adaptive lighting",
    "Alarm system",
    "Alloy wheels",
    "Autom. dimming interior mirror",
    "Bluetooth",
    "Central locking",
    "DAB radio",
    "Digital cockpit",
    "Electric seat adjustment",
    "Electric side mirror",
    "Electric windows",
    "Eletric seat adjustment with memory function",
    "Emergency call system",
    "ESP",
    "Four-wheel drive",
    "Full Service History",
    "Glare-free high beam headlights",
    "Hands-free kit",
    "Head-up display",
    "Heated seats",
    "Heated steering wheel",
    "High beam assist",
    "Hill-start assist",
    "Immobilizer",
    "Induction charging for smartphones",
    "Isofix",
    "Keyless central locking",
    "LED headlights",
    "LED running lights",
    "Light sensor",
    "Lumbar support",
    "Multifunction steering wheel",
    "Navigation system",
    "Non-smoker vehicle",
    "On-board computer",
    "Power Steering",
    "Rain sensor",
    "Roof rack",
    "Sound system",
    "Sport seats",
    "Sports package",
    "Sports suspension",
    "Start-stop system",
    "Summer tyres",
    "Tinted windows",
    "Touchscreen",
    "Traction control",
    "Tuner/radio",
    "Tyre pressure monitoring",
    "USB port",
    "Voice control",
    "Warranty",
    "Winter tyres"
  ]
},
{
  "title": "BMW M3 Competition M xDrive Touring DAProf ACC HUD",
  "previewImage": "https://img.classistatic.de/api/v1/mo-prod/images/2e/2e75915a-4b81-42d0-8f1d-0dab92888089?rule=mo-1600.jpg",
  "category": "EstateCar",
  "brand": "BMW",
  "model": "M3",
  "url": "https://suchen.mobile.de/fahrzeuge/details.html?id=428724333",
  "price.total.amount": 89350,
  "priceRating": {
    "rating": "Good price",
    "priceRanges": {
      "Very good price": {
        "start": 66201,
        "end": 86100
      },
      "Good price": {
        "start": 86101,
        "end": 92700
      },
      "Fair price": {
        "start": 92701,
        "end": 103100
      },
      "Increased price": {
        "start": 103101,
        "end": 110700
      },
      "High price": {
        "start": 110701,
        "end": 123000
      }
    }
  },
  "description": "Verbrauch und Emission (WLTP)\nPrimärer Antrieb Verbrauch innerorts: 15,70 l/100 km\nPrimärer Antrieb Verbrauch Stadtrand: 10,20 l/100 km\nPrimärer Antrieb Verbrauch Landstraße: 8,80 l/100 km\nPrimärer Antrieb Verbrauch Autobahn: 9,70 l/100 km\nPrimärer Antrieb Verbrauch kombiniert: 10,30 l/100 km\nCO2 Emission kombiniert: 233 g/km\n\nBereifung\nAktuelle Bereifung: Sommerreifen\n\nModelljahr\nModelljahr: 2024\n\nGetriebe\nAutomatikgetriebe DriveLogic, 8 Gänge\n\nAusstattungslinie\nAusstattungslinie Exterieur: Competition\n\nAusstattungspakete\nOptikpaket: M Hochglanz Shadow Line\nAblagepaket\nSpiegelpaket: Innen- und Außenspiegelpaket\n\nAssistenzsysteme\nHead-up-Display HUD\nBlendfreier Fernlichtassistent: BMW Selective Beam\nBMW ParkAssistent mit PDC vorne u. hinten: + automatisches Einparken\nRückfahrkamera: + Frontkamera\nSurround View: Top View, Panorama View, Remote 3D View\nFahrlichtautomatik\nAktive Geschwindigkeitsregelung mit Stop & Go: Abstandstempomat\nBerganfahrhilfe\nHill Descent Control HDC\nSpracheingabesystem\nMüdigkeitserkennung\nSpurwechselassistent\nSpurhalteassistent\nCornering Brake Control CBC\nFahrerassistenzpaket: Driving Assistant Professional, Parking Assistant Plus\nActive Guard Auffahrwarnung: mit Bremseingriff\nVerkehrszeichenerkennung\nGespannstabilisierung\n\nLicht und Sicht\nAdaptiver LED-Scheinwerfer\nAdaptives Kurvenlicht\nAbbiegelicht\nLED-Tagfahrlicht\nRegensensor\nAutomatisch abblendende Innen- und Außenspiegel\nSonnenschutzverglasung\nDynamische Leuchtweitenregulierung\nAmbientebeleuchtung mehrfarbig\nLichtsensor\n\nAudio & Kommunikation\nMultimedia-System\nBMW Live Cockpit Professional: inkl. RTTI\nBMW Professional Radio\nMulti-Funktions-Display: Widescreen Display\nDigitaler Radioempfang DAB\niDrive\nHarman/Kardon Soundsystem: Surround Sound\nUSB Anschluss, Bluetooth Audiostreaming\nBMW ConnectedDrive Services: Connected Package Professional\nHandyvorbereitung Bluetooth: inkl. Freisprecheinrichtung\nKabelloses Laden für Handys: Ablage für Wireless Charging\nWLAN Hotspot: Personal eSIM\n\nKomfort\nBMW Live Cockpit Professional\nKlimaautomatik, 3 Zonen\nFahrer-/Beifahrersitz elektrisch\nMemoryfunktion Fahrersitz\nLordosenstütze Fahrer/Beifahrer\nSitzheizung Fahrer/Beifahrer\nSportsitze: M Sportsitze Fahrer/Beifahrer\nArmauflage Fahrer/Beifahrer\nServotronic\nLenksäule verstellbar\nKomfortzugang\nAuto Start Stop Funktion\nZentralver. mit Fernbedienung\nFensterheber elektrisch 4-fach\nKopfstützen vorn und hinten\nAutomatische Heckklappenbetätigung\nM Drive: Professional\nGetränkehalter\n\nInterieur\nSitze Leder BMW Individual erweiterte Lederausstattung\nInnenfarbe rot\nMultifunktions-Sport-/Lederlenkrad: M Lederlenkrad\nLenkradheizung\nBordcomputer\nRücksitze klapp- und teilbar\nLaderaumabdeckung\nDurchladesystem\nDekoreinlagen Aluminium: Rhombicle anthrazit\nBodenbelag Teppich: Fußmatten in Velours\n\nExterieur\nAntrieb: Allrad\nAdaptives Fahrwerk\nM Sportfahrwerk\nTouchscreen Bedienung\nDifferentialsperre: Aktives M Differential\nCompound-Bremse: rot hochglänzend\nM Leichtmetallräder 20 Zoll: Doppelspeiche 826 M\nAußenspiegel elekt. verstell- & anklappbar, beheizt\nDachreling: BMW Individual Hochglanz Shadow Line\nAntenne elekt.\nReifenpannenset\nInnovationspaket\nNotrufsystem: Intelligenter Notruf\nGeschwindigkeitsbegrenzer\nFahrzeugpersonalisierung\n\nSicherheit\nISOFIX Kindersitzbefestigung\nFußgängerschutzsystem\nFahrer- /Beifahrerairbag\nKopfairbag vorn\nSeitenairbag vorn und hinten\nFondairbags\nKnieairbag Fahrer\nDynamische Traktions Control DTC\nDynamische Stabilitäts Control DSC\nReifen Pannen Anzeige RPA\nDiebstahlwarnanlage\nAußentemperatur Anzeige\nAntiblockiersystem ABS\nBremsverschleißanzeige\nProaktives Insassenschutzsystem: Active Protection\nCity-Anbremsfunktion\nQuerverkehrswarnung\n\nWeitere Ausstattung\nM Leuchten Shadow Line\nM Sicherheitsgurte\nM Dachhimmel anthrazit\nM Hochglanz Shadow Line mit erweiterten Umfängen Galvanikapplikation für Bedienelemente\nÖlwartungsintervall 24 Monate/30.000 km\nGebrauchtwagensiegel: BMW Premium Selection\nehemalige unverbindliche Preisempfehlung des Herstellers: 113920 EUR\n\nFahrdaten\nvMax: 280 km/h\nBeschleunigung: 4 Sek. 0-100 km/h\n\nSonstige Maße und Gewichte\nNutzlast: 430 kg\nzulässiges Gesamtgewicht: 2.370 kg\n\nDie im Inserat aufgeführten Ausstattungsmerkmale sind unverbindlich. Maßgeblich für den Kauf ist allein der schriftliche Kaufvertrag. Angaben im Inserat begründen keine Beschaffenheitsvereinbarung. Verbindliche Ausstattungsangaben werden ausschließlich im Kaufvertrag festgelegt.",
  "dealerDetails": {
    "id": 454145,
    "name": "WELLER Premium GmbH - BMW & MINI Vertragshändler",
    "sellerType": "Dealer",
    "phones": [
      "+49 (0)5141 593412461"
    ],
    "languages": [
      "Deutsch"
    ],
    "country": "DE",
    "address": "An der Koppel 1, DE-29227 Celle",
    "location": {
      "latitude": 52.5906725,
      "longitude": 10.0667152
    },
    "activeSince": "1999-07-01T00:00:00.000Z",
    "homepageUrl": "https://home.mobile.de/home/redirect.html?customerId=454145",
    "iconUrl": "https://img.classistatic.de/api/v1/mo-prod/images/d2/d28dbb1d-a972-4546-8688-6638510f5163?rule=mo-640.jpg",
    "reviewPageUrl": "https://www.mobile.de/bewertungen/B-K-CELLE?lang=en",
    "score": {
      "total": 4.1,
      "responseTime": 4.3,
      "friendliness": 4.2,
      "advice": 3.9
    },
    "activeRatingCount": 40,
    "vehicleAsDescribedPercentage": 82,
    "recommendPercentage": 75,
    "soldVehicleCount": null,
    "reviews": []
  },
  "attributes": {
    "Vehicle condition": "Used vehicle",
    "Category": "Estate car, Employee's Car",
    "Trim line": "Competition",
    "Vehicle Number": "1629421",
    "Availability": "Now",
    "Mileage": "12,405 km",
    "Cubic Capacity": "2,993 ccm",
    "Power": "390 kW (530 hp)",
    "Drive type": "Internal combustion engine",
    "Fuel": "Petrol",
    "CO₂ class": "Based on CO₂ emissions (combined)",
    "Fuel consumption": [
      "10.3 l/100km (combined)",
      "15.7 l/100km (city)",
      "10.2 l/100km (suburban)",
      "8.8 l/100km (country road)",
      "9.7 l/100km (motorway)"
    ],
    "Energy costs for 15,000 km annual mileage": "€2,775/Year",
    "Fuel price": "€1.80/l (annual average 2024)",
    "Possible CO₂ costs over the next 10 years (15,000 km/year)": [
      "€4,019 (assuming an average CO₂ price of €115/t)",
      "€1,748 (assuming a low average CO₂ price of €50/t)",
      "€6,640 (assuming a high average CO₂ price of €190/t)"
    ],
    "Vehicle tax": "€472/Year",
    "Number of Seats": "5",
    "Door Count": "4/5",
    "Transmission": "Automatic",
    "Emission Class": "Euro6d",
    "Emissions Sticker": "4 (Green)",
    "First Registration": "12/2024",
    "Number of Vehicle Owners": "1",
    "HU": "New",
    "Climatisation": "Automatic climatisation, 3 zones",
    "Parking sensors": "360° camera, Rear, Front, Self-steering systems",
    "Airbags": "Front and Side and More Airbags",
    "Colour (Manufacturer)": "M Toronto Rot",
    "Colour": "Red Metallic",
    "Interior Design": "Full leather, Other",
    "Cylinders": "6",
    "Energy consumption (comb.)": "10.3 l/100km",
    "CO₂ emissions (comb.)": "233 g/km"
  },
  "features": [
    "ABS",
    "Adaptive cornering lights",
    "Adaptive Cruise Control",
    "Alarm system",
    "Alloy wheels",
    "Ambient lighting",
    "Arm rest",
    "Autom. dimming interior mirror",
    "Blind spot assist",
    "Bluetooth",
    "Central locking",
    "DAB radio",
    "Digital cockpit",
    "Distance warning system",
    "Dynamic chassis control",
    "Electric seat adjustment",
    "Electric side mirror",
    "Electric tailgate",
    "Electric windows",
    "Eletric seat adjustment with memory function",
    "Emergency brake assist",
    "Emergency call system",
    "Emergency tyre repair kit",
    "ESP",
    "Folding exterior mirrors",
    "Four-wheel drive",
    "Full Service History",
    "Glare-free high beam headlights",
    "Hands-free kit",
    "Head-up display",
    "Heated seats",
    "Heated steering wheel",
    "High beam assist",
    "Hill-start assist",
    "Induction charging for smartphones",
    "Integrated music streaming",
    "Isofix",
    "Keyless central locking",
    "Lane change assist",
    "Leather steering wheel",
    "LED headlights",
    "LED running lights",
    "Light sensor",
    "Lumbar support",
    "Multifunction steering wheel",
    "Navigation system",
    "On-board computer",
    "Particulate filter",
    "Power Steering",
    "Rain sensor",
    "Roof rack",
    "Sound system",
    "Speed limit control system",
    "Sport seats",
    "Sports suspension",
    "Start-stop system",
    "Summer tyres",
    "Touchscreen",
    "Traction control",
    "Traffic sign recognition",
    "Tuner/radio",
    "Tyre pressure monitoring",
    "USB port",
    "Voice control",
    "Warranty",
    "WLAN / Wi-Fi hotspot"
  ]
},
{
  "title": "BMW M3 Touring xDrive Competition *Carbon*Race Track",
  "previewImage": "https://img.classistatic.de/api/v1/mo-prod/images/0f/0febf2c5-b6cd-4ec6-ac72-4512d85d99d8?rule=mo-1600.jpg",
  "category": "EstateCar",
  "brand": "BMW",
  "model": "M3",
  "url": "https://suchen.mobile.de/fahrzeuge/details.html?id=432453167",
  "price.total.amount": 89880,
  "priceRating": {
    "rating": "Fair price",
    "priceRanges": {
      "Very good price": {
        "start": 60401,
        "end": 78500
      },
      "Good price": {
        "start": 78501,
        "end": 84600
      },
      "Fair price": {
        "start": 84601,
        "end": 94100
      },
      "Increased price": {
        "start": 94101,
        "end": 101000
      },
      "High price": {
        "start": 101001,
        "end": 112200
      }
    }
  },
  "description": "5. Jahre Garantie bis zu 100.000km ab EZ\nAusstattung:\nAbgedunkelte Scheiben\nAmbiente-Beleuchtung\nArmlehne\nBeheizbares Lenkrad\nElektr. Fensterheber\nElektr. Heckklappe\nElektr. Seitenspiegel\nElektr. Sitzeinstellung\nElektr. Sitzeinstellung mit Memory-Funktion\nInnenspiegel autom. abblendend\nLederlenkrad\nLordosenstütze\nSchlüssellose Zentralverriegelung\nSitzheizung\nSitzheizung hinten\nZentralverriegelung\nBerganfahrassistent\nBordcomputer\nHead-Up Display\nMultifunktionslenkrad\nSchaltwippen\nServolenkung\nVolldigitales Kombiinstrument\nAndroid Auto\nBluetooth\nApple CarPlay\nFreisprecheinrichtung\nInduktionsladen für Smartphones\nMusikstreaming integriert\nNavigationssystem\nSoundsystem\nSprachsteuerung\nTouchscreen\nTV\nUSB\nWLAN / Wifi Hotspot\nSommerreifen\nLeichtmetallfelgen\nDachreling\nWinterpaket\n\nTuner/Radio:\nRadio DAB\nTuner/Radio\n\nGeschwindigkeitsregulierung:\nTempomat\n\nKlimatisierung:\n2-Zonen-Klimaautomatik\n\nSicherheit:\nAlarmanlage\nABS\nAbstandswarner\nBlendfreies Fernlicht\nElektr. Wegfahrsperre\nESP\nFernlichtassistent\nGepäckraumabtrennung\nGeschwindigkeitsbegrenzer\nIsofix\nLichtsensor\nMüdigkeitswarner\nNotbremsassistent\nNotrufsystem\nRegensensor\nReifendruckkontrolle\nSpurhalteassistent\nStart/Stopp-Automatik\nTotwinkel-Assistent\nTraktionskontrolle\nVerkehrszeichenerkennung\n\nAirbags:\nFront-, Seiten- und weitere Airbags\n\nTagfahrlicht (Art):\nLED-Tagfahrlicht\n\nHauptscheinwerfer:\nLaserlicht\n\nKurvenlicht (Art):\nAdaptives Kurvenlicht\n\nPannenhilfe:\nPannenkit\n\nEinparkhilfe:\n360°-Kamera\nHinten\nVorne\nSelbstlenkende Systeme\n\nSport:\nSportfahrwerk\n\nInnenausstattung:\nVollleder\n\nFarbe der Innenausstattung:\nAndere",
  "dealerDetails": {
    "id": 34260684,
    "name": "Hohenloher Autowelt GmbH",
    "sellerType": "Dealer",
    "phones": [
      "+49 (0)7904 298001627"
    ],
    "languages": [
      "Deutsch",
      "English"
    ],
    "country": "DE",
    "address": "Allmerspanner Kreuzung 9, DE-74532 Ilshofen",
    "location": {
      "latitude": 49.1686013,
      "longitude": 9.9409861
    },
    "activeSince": "2023-07-14T00:00:00.000Z",
    "homepageUrl": "https://home.mobile.de/home/redirect.html?customerId=34260684",
    "iconUrl": "https://img.classistatic.de/api/v1/mo-prod/images/1d/1dd935f6-e55f-4a55-b93f-6787236e7238?rule=mo-640.jpg",
    "reviewPageUrl": "https://www.mobile.de/bewertungen/HOHENLOHERAUTOWELTGMBH?lang=en",
    "score": {
      "total": 4.8,
      "responseTime": 4.8,
      "friendliness": 4.8,
      "advice": 4.6
    },
    "activeRatingCount": 23,
    "vehicleAsDescribedPercentage": 95,
    "recommendPercentage": 95,
    "soldVehicleCount": null,
    "reviews": []
  },
  "attributes": {
    "Vehicle condition": "Used vehicle, Accident-free",
    "Category": "Estate car",
    "Model range": "Baureihe M3 Touring (G81)(2022->)",
    "Trim line": "xDrive Competition",
    "Vehicle Number": "14090",
    "Origin": "German edition",
    "Mileage": "31,380 km",
    "Cubic Capacity": "2,993 ccm",
    "Power": "375 kW (510 hp)",
    "Drive type": "Internal combustion engine",
    "Fuel": "Petrol",
    "Number of Seats": "5",
    "Door Count": "4/5",
    "Transmission": "Automatic",
    "Emission Class": "Euro6",
    "Emissions Sticker": "4 (Green)",
    "First Registration": "04/2024",
    "Number of Vehicle Owners": "1",
    "Climatisation": "Automatic climatisation, 2 zones",
    "Parking sensors": "Front, 360° camera, Rear, Self-steering systems",
    "Airbags": "Front and Side and More Airbags",
    "Colour (Manufacturer)": "FROZEN PURE GREY II METALLIC",
    "Interior Design": "Full leather, Other",
    "Weight": "1,940 kg",
    "Cylinders": "6",
    "Tank capacity": "59 l"
  },
  "features": [
    "ABS",
    "Adaptive cornering lights",
    "Alarm system",
    "Alloy wheels",
    "Ambient lighting",
    "Android Auto",
    "Apple CarPlay",
    "Arm rest",
    "Autom. dimming interior mirror",
    "Blind spot assist",
    "Bluetooth",
    "Cargo barrier",
    "Central locking",
    "Cruise control",
    "DAB radio",
    "Digital cockpit",
    "Distance warning system",
    "Electric seat adjustment",
    "Electric side mirror",
    "Electric tailgate",
    "Electric windows",
    "Eletric seat adjustment with memory function",
    "Emergency brake assist",
    "Emergency call system",
    "Emergency tyre repair kit",
    "ESP",
    "Fatigue warning system",
    "Four-wheel drive",
    "Full Service History",
    "Glare-free high beam headlights",
    "Hands-free kit",
    "Head-up display",
    "Heated rear seats",
    "Heated seats",
    "Heated steering wheel",
    "High beam assist",
    "Hill-start assist",
    "Immobilizer",
    "Induction charging for smartphones",
    "Integrated music streaming",
    "Isofix",
    "Keyless central locking",
    "Lane change assist",
    "Laser headlights",
    "Leather steering wheel",
    "LED running lights",
    "Light sensor",
    "Lumbar support",
    "Multifunction steering wheel",
    "Navigation system",
    "Non-smoker vehicle",
    "On-board computer",
    "Paddle shifters",
    "Particulate filter",
    "Power Steering",
    "Rain sensor",
    "Roof rack",
    "Sound system",
    "Speed limit control system",
    "Sports suspension",
    "Start-stop system",
    "Summer tyres",
    "Tinted windows",
    "Touchscreen",
    "Traction control",
    "Traffic sign recognition",
    "Tuner/radio",
    "TV",
    "Tyre pressure monitoring",
    "USB port",
    "Voice control",
    "Warranty",
    "Winter package",
    "WLAN / Wi-Fi hotspot"
  ]
},
{
  "title": "BMW M3 Competition Touring MxDrive|DAProf.|H/K",
  "previewImage": "https://img.classistatic.de/api/v1/mo-prod/images/56/56766211-8fc0-4233-a473-1e6fd1403cb9?rule=mo-1600.jpg",
  "category": "EstateCar",
  "brand": "BMW",
  "model": "M3",
  "url": "https://suchen.mobile.de/fahrzeuge/details.html?id=433638461",
  "price.total.amount": 89800,
  "priceRating": {
    "rating": "Good price",
    "priceRanges": {
      "Very good price": {
        "start": 67101,
        "end": 87200
      },
      "Good price": {
        "start": 87201,
        "end": 93900
      },
      "Fair price": {
        "start": 93901,
        "end": 104400
      },
      "Increased price": {
        "start": 104401,
        "end": 112100
      },
      "High price": {
        "start": 112101,
        "end": 124500
      }
    }
  },
  "description": "Außenausstattung\n19\"/20\" M Schmiederäder Doppel \nM Dachreling Hochglanz Shadow \nSonnenschutzverglasung \n\nKomfort/Innenausstattung\nBMW Live Cockpit Professional \nDAB-Tuner \nHarman Kardon Surround Sound S \nInnenspiegel, automatisch abbl \nKlimaautomatik \nLenkradheizung \nLordosenstütze \nParking Assistant Plus \nSitzheizung für Fahrer und Bei \nWireless Charging Ablage \n\nSicherheit/Umwelt\nAdaptiver LED-Scheinwerfer \nAlarmanlage \nBeifahrerairbag-Deaktivierung \nFernlichtassistent \nGesetzlicher Notruf \nKomfortzugang \nReifendruck-Kontrolle \n\nSitzbezug\nLeder 'Merino' Silverstone/Schwarz\n\nSonstiges\nAbgastechnik EU6d/e \nAblagenpaket \nActive Guard \nActive Protection \nAktiver Fußgängerschutz \nBlow by-Heizer \nCO2-Umfang \nCOC Zusatzumfänge \nConnectedDrive Services \nConnectedPackage Professional \nDach und Spiegelkappen schwarz \nDriving Assistant Professional \nFondkopfstützen, klappbar \nGalvanikapplikation für Bedien \nGepäckraumpaket \nInnen- und Außenspiegelpaket \nInnovationspaket II \nKilometertacho \nM Dachhimmel anthrazit \nM Drive Professional \nM Hochglanz Shadow Line \nM Hochglanz Shadow Line mit er \nM Interieurleisten Aluminium R \nM Leuchten Shadow Line \nM Sicherheitsgurte \nM Sportdifferenzial \nÖlwartungsintervall - 24 Monat \nPersonal eSIM \nRadschraubensicherung \nReifenpannenset \nSitzverstellung, elektrisch, m \nSteuerung Infotainment \nTeleservices \nWarndreieck \n\nSport\nAdaptives M Fahrwerk \nM Sportsitze \n\nFinanzierungsbeispiel\n\nMtl. Finanzierungsrate: 1.626,48 EUR\nAnzahlung: 0,00 EUR\nLaufzeit: 36 Monate\nZielrate: 45.798,00 EUR\nNettodarlehensbetrag: 89.800,00 EUR\nSollzinssatz p.a.: 6,30% (gebunden für die gesamte Vertragslaufzeit)\nEffektiver Jahreszins: 6,49%\nGesamtbetrag: 102.724,80 EUR\nEin unverbindliches Finanzierungsbeispiel der BMW Bank GmbH - Lilienthalallee 26 - 80939 München.\n\n\nEhemalige unverbindliche Neupreisempfehlung: 113.269,- Euro.\n\nHINWEIS: Unsere Angebote werden unverzüglich nach Kauf eingestellt, es kann dadurch sein, dass sich das von Ihnen ausgesuchte Fahrzeug noch nicht in unserer Ausstellung befindet bitte informieren Sie sich vor Besuch bei einem unserer Verkaufsberater, ob das gewünschte Fahrzeug bereits eingetroffen und verkaufsfertig ist.\nVielen Dank, Ihr Verkaufsteam!\n\n\n\n* Lieferservice innerhalb Deutschlands gegen geringen Aufpreis möglich! Irrtümer und Zwischenverkauf vorbehalten.",
  "dealerDetails": {
    "id": 461958,
    "name": "Fett & Wirtz Automobile GmbH & Co KG",
    "sellerType": "Dealer",
    "phones": [
      "+49 (0)2841 949957689"
    ],
    "languages": [
      "Deutsch",
      "English",
      "Türkçe"
    ],
    "country": "DE",
    "address": "Dr.- Berns-Strasse 34, DE-47441 Moers",
    "location": {
      "latitude": 51.4616762,
      "longitude": 6.6148158
    },
    "activeSince": "2002-07-01T00:00:00.000Z",
    "homepageUrl": "https://home.mobile.de/home/redirect.html?customerId=461958",
    "iconUrl": "https://img.classistatic.de/api/v1/mo-prod/images/ea/ea7cf6c9-8f68-43ed-91f0-4481d7d77a9b?rule=mo-640.jpg",
    "reviewPageUrl": "https://www.mobile.de/bewertungen/FETT-WIRTZ?lang=en",
    "score": {
      "total": 4.4,
      "responseTime": 4.4,
      "friendliness": 4.5,
      "advice": 4.3
    },
    "activeRatingCount": 142,
    "vehicleAsDescribedPercentage": 91,
    "recommendPercentage": 89,
    "soldVehicleCount": null,
    "reviews": []
  },
  "attributes": {
    "Vehicle condition": "Used vehicle, Accident-free",
    "Category": "Estate car, Employee's Car",
    "Model range": "G81",
    "Trim line": "Touring MxDrive|DAProf.|H/K",
    "Vehicle Number": "G412520",
    "Availability": "Now",
    "Mileage": "11,380 km",
    "Cubic Capacity": "2,993 ccm",
    "Power": "390 kW (530 hp)",
    "Drive type": "Internal combustion engine",
    "Fuel": "Petrol",
    "Number of Seats": "5",
    "Door Count": "4/5",
    "Transmission": "Automatic",
    "Emission Class": "Euro6",
    "Emissions Sticker": "4 (Green)",
    "First Registration": "12/2024",
    "Construction Year": "2024",
    "Number of Vehicle Owners": "1",
    "HU": "12/2027",
    "Climatisation": "Automatic climatisation, 3 zones",
    "Parking sensors": "Self-steering systems, Rear, 360° camera, Front",
    "Airbags": "Front and Side and More Airbags",
    "Colour (Manufacturer)": "Isle of Man Grün",
    "Colour": "Green Metallic",
    "Interior Design": "Full leather, Black",
    "Weight": "1,940 kg",
    "Cylinders": "6",
    "Tank capacity": "59 l"
  },
  "features": [
    "ABS",
    "Adaptive Cruise Control",
    "Adaptive lighting",
    "Alarm system",
    "Alloy wheels",
    "Ambient lighting",
    "Android Auto",
    "Apple CarPlay",
    "Arm rest",
    "Autom. dimming interior mirror",
    "Blind spot assist",
    "Bluetooth",
    "Cargo barrier",
    "Central locking",
    "DAB radio",
    "Digital cockpit",
    "Distance warning system",
    "Dynamic chassis control",
    "Electric seat adjustment",
    "Electric side mirror",
    "Electric tailgate",
    "Electric windows",
    "Eletric seat adjustment with memory function",
    "Emergency brake assist",
    "Emergency call system",
    "Emergency tyre repair kit",
    "ESP",
    "Fatigue warning system",
    "Folding exterior mirrors",
    "Four-wheel drive",
    "Full Service History",
    "Glare-free high beam headlights",
    "Hands-free kit",
    "Head-up display",
    "Heated seats",
    "Heated steering wheel",
    "High beam assist",
    "Hill-start assist",
    "Immobilizer",
    "Induction charging for smartphones",
    "Integrated music streaming",
    "Isofix",
    "Keyless central locking",
    "Lane change assist",
    "Leather steering wheel",
    "LED headlights",
    "LED running lights",
    "Light sensor",
    "Lumbar support",
    "Multifunction steering wheel",
    "Navigation system",
    "Non-smoker vehicle",
    "On-board computer",
    "Paddle shifters",
    "Particulate filter",
    "Power Steering",
    "Rain sensor",
    "Rear traffic alert",
    "Roof rack",
    "Sound system",
    "Speed limit control system",
    "Sport seats",
    "Sports package",
    "Sports suspension",
    "Start-stop system",
    "Tinted windows",
    "Touchscreen",
    "Traction control",
    "Traffic sign recognition",
    "Tuner/radio",
    "Tyre pressure monitoring",
    "USB port",
    "Voice control",
    "Warranty",
    "WLAN / Wi-Fi hotspot"
  ]
},
{
  "title": "BMW M3 Competion M xDrive Touring",
  "previewImage": "https://img.classistatic.de/api/v1/mo-prod/images/57/57c127b8-2ecf-416f-aeee-bc0c16c35852?rule=mo-1600.jpg",
  "category": "EstateCar",
  "brand": "BMW",
  "model": "M3",
  "url": "https://suchen.mobile.de/fahrzeuge/details.html?id=429675429",
  "price.total.amount": 89000,
  "priceRating": {
    "rating": "Fair price",
    "priceRanges": {
      "Very good price": {
        "start": 62101,
        "end": 80700
      },
      "Good price": {
        "start": 80701,
        "end": 86900
      },
      "Fair price": {
        "start": 86901,
        "end": 96700
      },
      "Increased price": {
        "start": 96701,
        "end": 103800
      },
      "High price": {
        "start": 103801,
        "end": 115300
      }
    }
  },
  "description": "Wir bieten hier einen neuwertigen Dienstwagen unserer Geschäftsleitung.\nDas Fahrzeug wurde mit absolutem Sachverstand und sorgfalt optimal eingefahren....\nKeine Rennstrecke oder ähnliches...\nDie ersten 1000 km wurden am Stück gefahren.\nDas Fahrzeug hat zusätzlich abgetönte Scheiben hinten.\nMwst.ausweisbar...!!!\nFahrzeug ist sofort verfügbar !!!\n\nDas Fahrzeug ist makellos neuwertig ohne jegliche optische oder technische Mängel.\nAlle werkseitigen Schutzfolien sind noch vorhanden und nicht entfernt.\n\n1 Hand\nUnfallfrei\nNachlackierungsfrei\n2 Jahre europaweite Werksgarantie mit Verlängerungs- Option.\nErste Inspektion bei 2000 km wurde bereits bei BMW durchgeführt.\n\nProbefahrt ist nur möglich nach ausführlicher Legitimations Prüfung und generell nur in Begleitung !\nProbefahrt und Besichtigung nur mit vorab Termin !!!\nAuch am Wochenende nach Absprache möglich.\n\n\nExport mit Mwst. Kautionskonto / Rechnung möglich.\n\n\n\nAm besten vereinbaren Sie noch heute einen Beratungstermin Wir freuen uns auf Ihren Besuch.\n\nAm Samstag ist eine Beratung oder Probefahrt ausdrücklich und generell nur mit einem vorab Termin möglich.\n\nWir haben geöffnet von: 8:oo bis 18:oo Uhr. Montag bis Freitag.\nMittagspause 12:oo bis 13:oo Uhr.\nIndividuelle Termine sind nach Absprache selbstverständlich möglich.\n\nKostenloser Transfer vom Flugplatz Stuttgart / Memmingen oder Bahnhof sind für uns selbstverständlich.\nHilfe bei Export wie z.B. Zollkennzeichen / Ausfuhrkennzeichen / Überführungskennzeichen etc...\n\nE-Mails ohne Telefonnummer werden nicht beantwortet !!!\n\nGerne übernehmen Wir gegen Aufpreis Ihre Zulassung und liefern das Auto bundesweit.\nPreis auf Anfrage.\n\nGerne nehmen Wir Ihren gepflegten Gebrauchtwagen in Zahlung.\n\nÜber 36 Jahre Suzuki-Vertragshändler.\nÜber 24 Jahre Mitsubishi-Erfahrung.\nSuzuki Classic Partner..... sind ein Garant für Top Qualität und Service auch nach dem Fahrzeugkauf.....\n\nWir sind nur eine kleine Nummer.\nDie Nummer 1. in punkto Suzuki und Mitsubishi im Landkreis Göppingen ...!!!HSN:7909\nTSN:ADG\n\nExterieur:\nM Brooklyn Grau metallic (P0C4P)\nM Schmiederäder Doppelspeiche 826 M Schwarz / MB (S01U0)\nAutomatische Heckklappenbetätigung Heckscheibe separat zu öffnen M Außenspiegel\nM Hochglanz Shadow Line mit erweiterten Umfängen inkl. Dachreling\nLED-Scheinwerfer und LED-Heckleuchten\nInterieur:\nLeder Merino Schwarz/Schwarz (FLKSW)\nM Interieurleisten 'Carbon Fibre' (S04MC)\nM Lederlenkrad mit Nähten in M Farben\nM Dachhimmel anthrazit\nAmbiente Innenraumbeleuchtung\n\nPakete:\nInnovationspaket (S07R7)\nFernlichtassistent (S05AC)\nKomfortzugang (S0322)\nDriving Assistant Professional (S05AU)\nBMW Laserlicht (S05AZ)\n\nFahrassistenz:\nParking Assistant Plus (S05DN)\nConnected Package Professional (S06C4)\nBMW Live Cockpit Professional (S06U3)\nBMW Operating System 8 mit Navigation\nGeschwindigkeitsregelung mit Bremsfunktion\nPark Distance Control vorn und hinten\n\nFahrwerk:\nM Sportdifferenzial (S02T4)\nAdaptives M Fahrwerk (S02VF)\nM xDrive Allradsystem\n8-Gang M Steptronic Getriebe mit Drivelogic mit Schaltwippen am Lenkrad\nM Abgasanlage mit vier Endrohren\nM Compound-Bremse\nKlima, Heizung:\nKlimaautomatik 3-Zonen (S0534)\nKomfort/Nutzen:\nAblagenpaket (S0493) Durchladesystem\nOptik innen & außen:\nM Dachreling Hochglanz Shadow Line (S03MC)\nGalvanikapplikation für Bedienelemente (S04U0)\nM Hochglanz Shadow Line (S0760)\nM Dachhimmel anthrazit (S0775)\nM Hochglanz Shadow Line mit erweiterten Umfängen (S07M9)\nPolsterungen & Sitze:\nSitzverstellung, elektrisch mit Memory für Fahrersitz (S0459)\nLordosenstütze für Fahrer und Beifahrer (S0488)\nSitzheizung für Fahrer und Beifahrer (S0494)\nFondkopfstützen klappbar (S05DC)\nM Sportsitze (S0712)\nRadio, Audio, Kommunikation & Info:\nDAB-Tuner (S0654)\nHarman Kardon Surround Sound System (S0688)\nAblage für Wireless Charging (S06NX)\nBluetooth / WiFi Schnittstelle mit Freisprecheinrichtung\nRäder & Reifen\nRadschraubensicherung (S02PA) Reifendruck-Kontrolle (S02VB)\nService & Apps:\nTeleservices (S06AE)\nGesetzlicher Notruf (S06AF)\nConnectedDrive Services (S06AK)\nSicherheit:\nAlarmanlage (S0302)\nWarndreieck und Verbandkasten (S0428)\nInnen- und Außenspiegelpaket (S0430)\nInnenspiegel automatisch abblendend (S0431)\nDeaktivierung Beifahrerairbag (S05DA)\nAktiver Fussgängerschutz (S08TF)\nSportlichkeit:\nM Drive Professional (S01MB)\nAlle Angaben ohne Gewähr !!\nAlle Angaben sind ausdrücklich keine zugesicherten Kaufeigenschaften !!\nZwischenverkauf vorbehalten.\n\nFür Fragen wenden Sie sich bitte an:\n\nHerr Geis sen.*0170-2825315Am Wochenende Whats App od. SMS\nHerr Geis jun.07161-96-59-96-0*von 8:00 - 12:00 Uhr 13:00 - 18:00 Uhr\nHerr Wagner*07161-96-59-96-0*von 8:00 - 12:00 Uhr 13:00 - 18:00 Uhr\nFrau Geis0159-04200013*Ab 16:oo Uhr (magyar,rumänisch,english)\n\nMittagspause von 12:oo -13:oo Uhr In dieser Zeit nur WhatsApp möglich.\n\nInternationale Anfragen nur ab 16 Uhr bei unserer Frau Geis.\n\nInformaţii detaliate in limba românӑ la numӑrul de telefon:0049-1590-4200013.\nRészletes információk magyar nyelven a következő telefonszámon: 0049-1590-4200013.\nDetailed Information in English language under following phone number: 0049-1590-4200013",
  "dealerDetails": {
    "id": 470861,
    "name": "Autohaus Gross u. Geis GmbH",
    "sellerType": "Dealer",
    "phones": [
      "+49 (0)7161 627273622"
    ],
    "languages": [
      "Deutsch",
      "English",
      "Română",
      "Magyar"
    ],
    "country": "DE",
    "address": "Großeislinger Strasse 56, DE-73033 Göppingen",
    "location": {
      "latitude": 48.7020688,
      "longitude": 9.6723953
    },
    "activeSince": "2000-05-09T00:00:00.000Z",
    "homepageUrl": "https://home.mobile.de/home/redirect.html?customerId=470861",
    "iconUrl": null,
    "reviewPageUrl": "https://www.mobile.de/bewertungen/AH-GROSS-GEIS?lang=en",
    "score": {
      "total": 5,
      "responseTime": 5,
      "friendliness": 5,
      "advice": 5
    },
    "activeRatingCount": 23,
    "vehicleAsDescribedPercentage": 100,
    "recommendPercentage": 100,
    "soldVehicleCount": null,
    "reviews": []
  },
  "attributes": {
    "Vehicle condition": "Used vehicle, Accident-free",
    "Category": "Estate car, Employee's Car",
    "Model range": "G81",
    "Trim line": "M3 Competion",
    "Vehicle Number": "BMW",
    "Availability": "Available in 1 week after order",
    "Origin": "EU edition",
    "Mileage": "9,215 km",
    "Cubic Capacity": "2,993 ccm",
    "Power": "375 kW (510 hp)",
    "Drive type": "Internal combustion engine",
    "Fuel": "Petrol",
    "CO₂ class": "Based on CO₂ emissions (combined)",
    "Fuel consumption": [
      "10.3 l/100km (combined)"
    ],
    "Number of Seats": "5",
    "Door Count": "4/5",
    "Transmission": "Automatic",
    "Emission Class": "Euro6d",
    "Emissions Sticker": "4 (Green)",
    "First Registration": "03/2024",
    "Number of Vehicle Owners": "1",
    "HU": "New",
    "Climatisation": "Automatic climatisation, 3 zones",
    "Parking sensors": "360° camera, Rear, Front",
    "Airbags": "Front and Side and More Airbags",
    "Colour (Manufacturer)": "Brooklyn Grau metallic",
    "Colour": "Grey Metallic",
    "Interior Design": "Full leather, Black",
    "Weight": "1,940 kg",
    "Date of last service (date)": "04/2025",
    "Last service (mileage)": "1,500 km",
    "Cylinders": "6",
    "Energy consumption (comb.)": "10.3 l/100km",
    "CO₂ emissions (comb.)": "177 g/km"
  },
  "features": [
    "ABS",
    "Adaptive cornering lights",
    "Alarm system",
    "Alloy wheels",
    "Ambient lighting",
    "Android Auto",
    "Apple CarPlay",
    "Arm rest",
    "Autom. dimming interior mirror",
    "Blind spot assist",
    "Bluetooth",
    "Cargo barrier",
    "Central locking",
    "Cruise control",
    "DAB radio",
    "Digital cockpit",
    "Distance warning system",
    "Electric seat adjustment",
    "Electric side mirror",
    "Electric tailgate",
    "Electric windows",
    "Eletric seat adjustment with memory function",
    "Emergency brake assist",
    "Emergency call system",
    "Emergency tyre repair kit",
    "ESP",
    "Fatigue warning system",
    "Fog lamp",
    "Folding exterior mirrors",
    "Four-wheel drive",
    "Full Service History",
    "Hands-free kit",
    "Head-up display",
    "Heated seats",
    "High beam assist",
    "Hill-start assist",
    "Immobilizer",
    "Induction charging for smartphones",
    "Isofix",
    "Keyless central locking",
    "Lane change assist",
    "Leather steering wheel",
    "LED headlights",
    "LED running lights",
    "Light sensor",
    "Lumbar support",
    "Multifunction steering wheel",
    "Navigation system",
    "Non-smoker vehicle",
    "On-board computer",
    "Paddle shifters",
    "Particulate filter",
    "Power Steering",
    "Rain sensor",
    "Rear traffic alert",
    "Sound system",
    "Speed limit control system",
    "Sport seats",
    "Sports package",
    "Sports suspension",
    "Start-stop system",
    "Summer tyres",
    "Tinted windows",
    "Touchscreen",
    "Traction control",
    "Traffic sign recognition",
    "Tyre pressure monitoring",
    "USB port",
    "Voice control",
    "Warranty",
    "Winter package"
  ]
},
{
  "title": "BMW M3 Touring xDrive Competition InnoP*M Driver's P",
  "previewImage": "https://img.classistatic.de/api/v1/mo-prod/images/0a/0a157bff-debc-4e50-bf58-4672c09268ec?rule=mo-1600.jpg",
  "category": "EstateCar",
  "brand": "BMW",
  "model": "M3",
  "url": "https://suchen.mobile.de/fahrzeuge/details.html?id=434466077",
  "price.total.amount": 89900,
  "priceRating": {
    "rating": "Very good price",
    "priceRanges": {
      "Very good price": {
        "start": 70301,
        "end": 91400
      },
      "Good price": {
        "start": 91401,
        "end": 98400
      },
      "Fair price": {
        "start": 98401,
        "end": 109400
      },
      "Increased price": {
        "start": 109401,
        "end": 117500
      },
      "High price": {
        "start": 117501,
        "end": 130500
      }
    }
  },
  "description": "Das Fahrzeug ist in einem absolut neuwertigem Zustand, unfallfrei, nachlackierungsfrei, Nichtraucherfahrzeug!\nDeutsches Fahrzeug aus 1. Hand.\nLackierung: Skyscrapergrau metallic\nInnenausstattung: Vollleder Merino schwarz\n\nSonderausstattung:\nBMW Drive Recorder (Dashcam)\nBremsanlage: Compound - M Bremssystem (Bremssättel Schwarz)\nFahrassistenz-System: Driving Assistant Professional\nFahrassistenz-System: Fernlichtassistent\nInnenausstattung: M - Interieurleisten 'Carbon Fibre'\nInnovations-Paket (2)\nLM-Felgen vorn/hinten: 9,5x19 / 10,5x20 (Doppelspeichen 826 M, Bicolor, Schwarz)\nM Driver´s Package\nMetallic-Lackierung\nParkassistent-Paket Plus\nSitzbezug / Polsterung: Voll-Leder Merino\nM Leuchten Shadow Line\nAdaptiver LED-Scheinwerfer\nKomfortzugang\n\n\nWeitere Ausstattung:\nAblage-Paket\nAdaptives Fahrwerk M-Technic\nAirbag Beifahrerseite abschaltbar\nAirbag Fahrer-/Beifahrerseite\nAktives M Differential\nAmbiente-Beleuchtung\nAnhänger-Stabilisierungs-Programm (ASL)\nAusstattungs-Paket: Connected Professional\nAutomatische Stabilitäts-Control (ASC)\nAußenausstattung: Shadow-Line Hochglanz\nAußenausstattung: Shadow-Line Hochglanz (erweiterter Umfang)\nBedienelemente galvanisiert\nBlinkleuchte in Außenspiegel integriert\nBMW Live Cockpit Professional\nCompetition\nDach schwarz lackiert\nDachhimmel Anthrazit (BMW Individual)\nDachreling Hochglanz Shadow-Line\nDiebstahlsicherung für Räder (Felgenschlösser)\nDurchladeeinrichtung (Mittelarmlehne hinten)\nDynamische Stabilitäts-Control (DSC) mit erweiterter Umfang\nDynamische Tractions Control (DTC)\nEinstiegsleisten mit Einleger in Aluminium mit Schriftzug M\nErste Hilfe-Kasten / Verbandkasten\nFahrassistenz-System: Active Guard (Bremsassistent)\nFensterheber elektrisch vorn + hinten\nFreisprecheinrichtung Bluetooth mit USB-/Audio-Schnittstelle\nGepäckraum-Abtrennung (Netz)\nGetriebe Automatik - mit Steptronic und Drivelogic (8-Stufen)\nGetränkehalter\nHeckklappenbetätigung automatisch\nHeckleuchten LED\nInduktionsladeschale für Smartphone (Wireless Charging)\nInnenspiegel mit Abblendautomatik\nIsofix-Aufnahmen für Kindersitz\nKennzeichenbeleuchtung LED\nKlimaautomatik 3-Zonen mit autom. Umluft-Control\nKnieairbag Fahrerseite\nKopf-Airbag-System hinten\nKopf-Airbag-System vorn\nKopfstützen hinten klappbar\nLendenwirbelstütze Sitz vorn links und rechts, elektr. verstellbar\nLenksäule (Lenkrad) mechan. verstellbar\nLeuchtweitenregelung\nLichtassistent (Follow me home)\nM Drive (Fahrprofilauswahl)\nM Drive Professional (Fahrprofilauswahl)\nModellpflege\nMotor 3,0 Ltr. - 390 kW 24V TwinPower Turbo (S58)\nMultifunktion für Lenkrad\nOtto-Partikelfilter (OPF)\nPersonalisierungssystem (BMW ID)\nPersonalisierungssystem (Personal eSIM)\nRadioempfang digital (DAB+)\nReifen-Reparaturset (Mobility-Pack)\nReifendruck-Kontrollsystem\nReifenpannen-Anzeige\nSchadstoffarm nach Abgasnorm Euro 6e\nSchaltpunktanzeige\nScheinwerfer LED\nSeitenairbag vorn\nService-System: ConnectedDrive Services\nService-System: Gesetzlicher Notruf\nService-System: Intelligenter Notruf inkl. TeleServices\nSicherheitsgurte M\nSitzbezug / Polsterung: Leder Merino\nSitze vorn elektr. verstellbar (mit Memory)\nSitzheizung vorn\nSonnenschutzverglasung (hinten abgedunkelt)\nSound-System Harman-Kardon\nSpiegel-Paket\nSportdifferential\nSportsitze vorn (M-Technic)\nStart/Stop-Anlage (Funktion)\nSteckdose (12V-Anschluß) in Mittelkonsole vorn\nWarndreieck\nWärme-/Sonnenschutzverglasung\n\nFür weitere Fragen stehen wir gerne zur Verfügung!\nBesichtigung bitte nach vorheriger Terminvereinbarung.\n\nSie finden uns am westlichen Stadtrand von München direkt an der Autobahn A96 Lindau-München!\nWir freuen uns auf Ihren Anruf!\nEingabefehler und Irrtümer vorbehalten.",
  "dealerDetails": {
    "id": 462198,
    "name": "Autohaus Gilching",
    "sellerType": "Dealer",
    "phones": [
      "+49 (0)8105 398992090"
    ],
    "messengers": {
      "WHATS_APP": "+49 (0)170 2122133"
    },
    "languages": [
      "Deutsch",
      "English",
      "Italiano",
      "Français"
    ],
    "country": "DE",
    "address": "Zeppelinstrasse 3, DE-82205 Gilching/Argelsried",
    "location": {
      "latitude": 48.0941893,
      "longitude": 11.3114
    },
    "activeSince": "1999-12-20T00:00:00.000Z",
    "homepageUrl": "https://home.mobile.de/home/redirect.html?customerId=462198",
    "iconUrl": null,
    "reviewPageUrl": "https://www.mobile.de/bewertungen/AH-GILCHING?lang=en",
    "score": {
      "total": 5,
      "responseTime": 5,
      "friendliness": 5,
      "advice": 5
    },
    "activeRatingCount": 3,
    "vehicleAsDescribedPercentage": 100,
    "recommendPercentage": 100,
    "soldVehicleCount": null,
    "reviews": []
  },
  "attributes": {
    "Vehicle condition": "Used vehicle, Accident-free",
    "Category": "Estate car",
    "Model range": "Baureihe M3 Touring (G81N)(07.2024->)",
    "Trim line": "xDrive Competition M",
    "Origin": "German edition",
    "Mileage": "4,900 km",
    "Cubic Capacity": "2,993 ccm",
    "Power": "390 kW (530 hp)",
    "Drive type": "Internal combustion engine",
    "Fuel": "Petrol",
    "CO₂ class": "Based on CO₂ emissions (combined)",
    "Fuel consumption": [
      "10.4 l/100km (combined)"
    ],
    "Number of Seats": "5",
    "Door Count": "4/5",
    "Transmission": "Automatic",
    "Emission Class": "Euro 6e",
    "Emissions Sticker": "4 (Green)",
    "First Registration": "01/2025",
    "Number of Vehicle Owners": "1",
    "HU": "01/2028",
    "Climatisation": "Automatic climatisation, 3 zones",
    "Parking sensors": "Front, Rear, 360° camera",
    "Airbags": "Front and Side and More Airbags",
    "Colour (Manufacturer)": "SKYSCRAPER GRAU METALLIC",
    "Colour": "Grey Metallic",
    "Interior Design": "Full leather, Black",
    "Weight": "1,940 kg",
    "Cylinders": "6",
    "Tank capacity": "59 l",
    "Energy consumption (comb.)": "10.4 l/100km",
    "CO₂ emissions (comb.)": "234 g/km"
  },
  "features": [
    "ABS",
    "Adaptive Cruise Control",
    "Alarm system",
    "Alloy wheels",
    "Ambient lighting",
    "Android Auto",
    "Apple CarPlay",
    "Arm rest",
    "Autom. dimming interior mirror",
    "Bluetooth",
    "Central locking",
    "DAB radio",
    "Digital cockpit",
    "Distance warning system",
    "Dynamic chassis control",
    "Electric seat adjustment",
    "Electric side mirror",
    "Electric windows",
    "Eletric seat adjustment with memory function",
    "Emergency brake assist",
    "Emergency call system",
    "Emergency tyre repair kit",
    "ESP",
    "Fog lamp",
    "Folding exterior mirrors",
    "Four-wheel drive",
    "Full Service History",
    "Hands-free kit",
    "Head-up display",
    "Heated seats",
    "High beam assist",
    "Hill-start assist",
    "Induction charging for smartphones",
    "Isofix",
    "Keyless central locking",
    "Lane change assist",
    "Leather steering wheel",
    "LED headlights",
    "Light sensor",
    "Lumbar support",
    "Multifunction steering wheel",
    "Navigation system",
    "Non-smoker vehicle",
    "On-board computer",
    "Paddle shifters",
    "Particulate filter",
    "Power Steering",
    "Rain sensor",
    "Rear traffic alert",
    "Roof rack",
    "Sound system",
    "Speed limit control system",
    "Sport seats",
    "Sports suspension",
    "Start-stop system",
    "Summer tyres",
    "Tinted windows",
    "Touchscreen",
    "Traction control",
    "Traffic sign recognition",
    "Tuner/radio",
    "Tyre pressure monitoring",
    "USB port",
    "Voice control",
    "Warranty",
    "WLAN / Wi-Fi hotspot"
  ]
},
{
  "title": "BMW M3 Competition M Drivers P. Head-Up HK HiFi DAB",
  "previewImage": "https://img.classistatic.de/api/v1/mo-prod/images/dc/dc58d3a0-4894-49ab-9c84-9dc8f93e6cad?rule=mo-1600.jpg",
  "category": "EstateCar",
  "brand": "BMW",
  "model": "M3",
  "url": "https://suchen.mobile.de/fahrzeuge/details.html?id=427291164",
  "price.total.amount": 88990,
  "priceRating": {
    "rating": "Fair price",
    "priceRanges": {
      "Very good price": {
        "start": 58701,
        "end": 76300
      },
      "Good price": {
        "start": 76301,
        "end": 82200
      },
      "Fair price": {
        "start": 82201,
        "end": 91500
      },
      "Increased price": {
        "start": 91501,
        "end": 98200
      },
      "High price": {
        "start": 98201,
        "end": 109100
      }
    }
  },
  "description": "Antrieb, Fahrwerk\nAdaptives M Fahrwerk\nAllrad\nBremsanlage: M Carbon-Keramik\nM Drive Professional\nM Sportdifferential\nSportfahrwerk\n\nEditionen und Pakete\nAblagenpaket\nConnectedDrive Services (laufzeitgebundener Dienst)\nConnectedPackage Professional (laufzeitgebundener Dienst)\nInnovations-Paket\nM Driver´s Package\nM Race Track Paket\n\nExterieur\nDach und Spiegelkappen schwarz\nDachreling\nElektrische Gepäckraumklappe\n\nFahrerassistenz\nFahrassistenz-System: Driving Assistant Professional\nGesetzlicher Notruf\nHead-Up Display\nPark Distance Control (PDC)\nSpurverlassenswarnung\nSpurwechselwarnung\nTeleServices\n\nIndividualumfänge\nBMW Individual Dachreling Hochglanz Shadow Line\nBMW Individual Hochglanz Shadow Line\nBMW Individual Hochglanz Shadow Line mit erweiterten Umfängen\nDachhimmel Individual anthrazit\n\nKomfort, Innenausstattung\nAbstandsregeltempomat\nDurchladesystem\nFensterheber, elektrisch\nFondkopfstützen klappbar\nFunkfernbedienung\nGalvanikapplikation für Bedienelemente\nInnen- und Aussenspiegel automatisch abblendend\nInnenausstattung: Interieurleisten Carbon\nKeyless Entry\nKlimaautomatic\nKomfortzugang (Öffnungs- und Schließsystem)\nLeder\nLederlenkrad\nLenkrad heizbar\nLordose\nM Schalensitze Carbon\nMultifunktionslenkrad\nSicherheitsgurte M\nSitzheizung\nSitzheizung fuer Fahrer und Beifahrer\nSitzverstellung, elektrisch mit Memory\nSonnenschutzverglasung (hinten abgedunkelt)\nSpurhalteassistent\nZentralverriegelung\n\nMultimedia\nBluetooth\nBMW Live Cockpit Professional\nBordcomputer\nDAB Tuner\nFreisprecheinrichtung\nSound-System Harman-Kardon\nTelefon\nUSB Schnittstelle\n\nRäder\nAlufelgen\nRadschraubensicherung\n\nSitzbezug\nLEDER MERINO\n\nSonstiges\n19\"/20\" M Schmiederäder Doppelspeic he 826 M Bicolor Schwarz /MB Track\nAblage für Wireless Charging\nAblage für Wireless Charging \nAblagenpaket\nActive Guard\nAdaptives M Fahrwerk\nAlarmanlage\nBlow by-Heizer\nBMW Curved Display\nBMW Individual-Sonderlackierung Frozen Portimao Blue Metallic\nBMW Laserlicht\nBMW Live Cockpit Professional\nCO2-Umfang\nConnected Package Professional\nConnectedDrive Services\nControl-Display mit Farbmonitor (14,9 Zoll)\nDAB-Tuner\nDach und Spiegelkappen schwarz\nDeaktivierung Beifahrerairbag\nDekodierung Zusatzfunktionen\nDeutsch / Bordliteratur\nDeutschland-Ausfuehrung\nDriving Assistant Professional\nElektrisch verstellbare Spiegel\nEU-spezifische Zusatzumfaenge\nFahrassistenz-System: aktiver Spurhalteassistent\nFahrassistenz-System: Ampel-Erkennung\nFahrassistenz-System: Ausweich-Assistent\nFahrassistenz-System: Driving Assistant\nFahrassistenz-System: Falschfahrwarnung\nFahrassistenz-System: Frontkollisionswarnung\nFahrassistenz-System: Heckaufprall-Vermeidung (Prävention Heckkollision)\nFahrassistenz-System: Kreuzungs-Assistent\nFahrassistenz-System: Querverkehrs-Assistent\nFahrassistenz-System: Spurwechselassistent\nFahrassistenz-System: Spurwechsel-Warnsystem\nFernlichtassistent\nFondkopfstützen klappbar\nGalvanikapplikation für Bedieneleme nte\nGeschwindigkeits-Regelanlage, Aktiv mit Stop&Go-Funktion\nGesetzlicher Notruf\nHarman Kardon Surround Sound System\nHead-up-Display\nInnen- und Außenspiegelpaket\nInnenspiegel automatisch abblendend\nInnovationspaket\nKältemittel\nKilometertacho\nKlimaautomatik\nKomfortzugang\nLenkradheizung\nLM-Felgen\nLM-Felgen vorn/hinten: 9,5x19 / 10,5x20 (Doppelspeichen 826 M, Bicolor, Schwarz)\nM Carbon Schalensitze\nM Carbon-Keramik-Bremse\nM Dachhimmel anthrazit\nM Dachreling Hochglanz Shadow Line\nM Drive Professional\nM Driver's Package\nM Hochglanz Shadow Line\nM Hochglanz Shadow Line mit erweite rten Umfängen\nM Interieurleisten 'Carbon Fibre'\nM Race Track Paket\nM Sicherheitsgurte\nM Sportdifferenzial\nMüdigkeitswarnsystem\nNotrufsystem\nÖlwartungsintervall 24 Monate/30.000 km\nPark Distance Control (PDC)\nRadschraubensicherung\nReifendruck-Kontrolle\nReifendruckkontrollsystem\nReifensystem Performance\nSitzheizung für Fahrer und Beifahre r\nSitzverstellung, elektrisch mit Mem ory für Fahrersitz\nSonnenschutzverglasung\nSteuerung Infotainment\nSteuerung Karosserie\nTeleservices\n\nUmwelt, Sicherheit\nAbgasnorm EU6 RDE II\nABS\nAktiver Fussgängerschutz\nAlarmanlage\nAuto Start/Stop Funktion \nBeifahrerairbag\nBeifahrerairbag-Deaktivierung\nESP\nFahrassistenz-System: Fernlichtassistent\nFahrerairbag\nInnenspiegel, automatisch abblendend\nKindersitzbefestigung ISOFIX\nKopfairbag\nNotbremsassistent\nPASM\nRegensensor\nReifen Druck Control\nScheinwerfer Laserlicht\nSeitenairbag\nTraction Control\nWarndreieck\nWegfahrsperre\nIrrtümer und Zwischenverkauf vorbehalten.",
  "dealerDetails": {
    "id": 455573,
    "name": "Freese Handels - GmbH & Co. KG",
    "sellerType": "Dealer",
    "phones": [
      "+49 (0)441 2492079906"
    ],
    "languages": [
      "Deutsch",
      "English"
    ],
    "country": "DE",
    "address": "Bremer Heerstraße 261, DE-26135 Oldenburg",
    "location": {
      "latitude": 53.12065579999999,
      "longitude": 8.2559063
    },
    "activeSince": "2000-06-08T00:00:00.000Z",
    "homepageUrl": "https://home.mobile.de/home/redirect.html?customerId=455573",
    "iconUrl": "https://img.classistatic.de/api/v1/mo-prod/images/2c/2cf767ae-7df3-4b25-b10f-491fcbb26395?rule=mo-640.jpg",
    "reviewPageUrl": "https://www.mobile.de/bewertungen/KAYSER-AUTOHAUS?lang=en",
    "score": {
      "total": 4.9,
      "responseTime": 4.9,
      "friendliness": 4.8,
      "advice": 5
    },
    "activeRatingCount": 8,
    "vehicleAsDescribedPercentage": 85,
    "recommendPercentage": 100,
    "soldVehicleCount": null,
    "reviews": []
  },
  "attributes": {
    "Vehicle condition": "Used vehicle, Accident-free",
    "Category": "Estate car",
    "Model range": "G81",
    "Trim line": "M Drivers P. Head-Up HK HiFi DAB",
    "Vehicle Number": "079598",
    "Availability": "Now",
    "Mileage": "34,134 km",
    "Cubic Capacity": "2,993 ccm",
    "Power": "375 kW (510 hp)",
    "Drive type": "Internal combustion engine",
    "Fuel": "Petrol",
    "Number of Seats": "5",
    "Door Count": "4/5",
    "Transmission": "Automatic",
    "Emission Class": "Euro6d",
    "Emissions Sticker": "4 (Green)",
    "First Registration": "12/2023",
    "Construction Year": "2023",
    "Number of Vehicle Owners": "1",
    "HU": "New",
    "Climatisation": "Automatic climatisation, 3 zones",
    "Parking sensors": "Rear, Front",
    "Airbags": "Front and Side and More Airbags",
    "Colour (Manufacturer)": "BMW Individual Frozen Portimao B",
    "Colour": "Blue Metallic",
    "Interior Design": "Full leather, Black",
    "Weight": "1,940 kg",
    "Cylinders": "6",
    "Tank capacity": "59 l"
  },
  "features": [
    "ABS",
    "Adaptive cornering lights",
    "Adaptive Cruise Control",
    "Alarm system",
    "Alloy wheels",
    "Ambient lighting",
    "Arm rest",
    "Autom. dimming interior mirror",
    "Blind spot assist",
    "Bluetooth",
    "Cargo barrier",
    "Central locking",
    "DAB radio",
    "Digital cockpit",
    "Distance warning system",
    "Dynamic chassis control",
    "Electric seat adjustment",
    "Electric side mirror",
    "Electric tailgate",
    "Electric windows",
    "Emergency brake assist",
    "Emergency call system",
    "ESP",
    "Fatigue warning system",
    "Four-wheel drive",
    "Full Service History",
    "Glare-free high beam headlights",
    "Hands-free kit",
    "Head-up display",
    "Heated seats",
    "Heated steering wheel",
    "High beam assist",
    "Hill-start assist",
    "Immobilizer",
    "Induction charging for smartphones",
    "Isofix",
    "Keyless central locking",
    "Lane change assist",
    "Laser headlights",
    "Leather steering wheel",
    "LED running lights",
    "Light sensor",
    "Lumbar support",
    "Multifunction steering wheel",
    "Navigation system",
    "Non-smoker vehicle",
    "On-board computer",
    "Particulate filter",
    "Power Steering",
    "Rain sensor",
    "Roof rack",
    "Sound system",
    "Speed limit control system",
    "Sport seats",
    "Sports package",
    "Sports suspension",
    "Start-stop system",
    "Summer tyres",
    "Tinted windows",
    "Touchscreen",
    "Traction control",
    "Traffic sign recognition",
    "Tuner/radio",
    "Tyre pressure monitoring",
    "USB port",
    "Voice control",
    "Warranty"
  ]
},
{
  "title": "BMW M3 Competition M xDrive Panoramadach Harman Kard",
  "previewImage": "https://img.classistatic.de/api/v1/mo-prod/images/c7/c76497ff-3843-4c7a-ac78-ad0e8d0d5071?rule=mo-1600.jpg",
  "category": "Limousine",
  "brand": "BMW",
  "model": "M3",
  "url": "https://suchen.mobile.de/fahrzeuge/details.html?id=433675427",
  "price.total.amount": 88980,
  "priceRating": {
    "rating": "Good price",
    "priceRanges": {
      "Very good price": {
        "start": 64801,
        "end": 84200
      },
      "Good price": {
        "start": 84201,
        "end": 90700
      },
      "Fair price": {
        "start": 90701,
        "end": 100800
      },
      "Increased price": {
        "start": 100801,
        "end": 108200
      },
      "High price": {
        "start": 108201,
        "end": 120300
      }
    }
  },
  "description": "Getriebe\nAutomatik\nTechnik\nAllrad\nBordcomputer\nSperrdifferential\nAdaptives Daempfungssystem\nPartikelfilter\nStart-Stop-Automatik\nVolldigitales Kombiinstrument\nAssistenten\nMüdigkeitserkennung\nPark-Lenk-Assistent\nRegensensor\nFernlichtassistent\nLichtsensor\nNotbremsassistent\nBerganfahrassistent\nSpurwechselassistent\nAusparkassistent\nAbstands-/Kollisionswarner\nKomfort\nKlimaautomatik\nServolenkung\nZentralverriegelung\nElektrischer Fensterheber\nLederausstattung\nSitzheizung\nElektrische Aussenspiegel\nTempomat\nMultifunktionslenkrad\nKeyless Go Startfunktion\nElektrische Sitze\nInnenspiegel autom. abblendbar\nMittelarmlehne\nInnenraumfilter\nLenksaeule einstellbar\nSportsitze\nParkDistanceControl vorne und hinten\nElektrische Heckklappe\nklimatisierte Sitze\nKeyless Entry\nMemory Sitze\nAmbientebeleuchtung\nLordosenstütze\nLederlenkrad\nSitzheizung hinten\nGeschwindigkeitsbegrenzungsanlage\nKlimaautomatik-3-Zonen\nFunkfernbedienung\nSicht\nLaserlicht\nLED-Hauptscheinwerfer\nadaptives Kurvenlicht\nDynamisches Kurvenlicht\nBlendfreies Fernlicht\nLED-Tagfahrlicht\nLED-Rueckleuchten\nScheinwerferregulierung\nColorverglasung\nAussenspiegel beheizbar\nRückfahrkamera\nPrivacyverglasung\nSicherheit\nABS\nAirbag\nBeifahrer-Airbag\nWegfahrsperre\nSeitenairbags\nAlarmanlage\nESP\nReifendruckkontrolle\nTraktionskontrolle\nKopfairbag\nKnieairbag\nKindersitzbefestigung\nNotrufsystem\nPannenkit\nEntertainment\nNavigationssystem\nSoundsystem\nRadio\nTelefonvorbereitung\nUSB-Anschluss\nMP3\nHarman-Kardon\nBluetooth\nFreisprecheinrichtung\nSprachsteuerung\nDAB\nWLAN\nTouchscreen\nInduktionsladen für Smartphones\nMusikstreaming\nUmwelt\nAbgasnorm Euro 6D\nGrüne Umweltplakette\nQualität\nGarantie\nScheckheftgepflegt\nHUAU neu\nNichtraucherfahrzeug\nSonstiges\nKatalysator\nSchiebedach\nMetallic\nAlufelgen\nGepaeckraumabdeckung\nStossfaenger in Wagenfarbe\nElektrischesPanoramadach\nSportfahrwerk\nElektrische Parkbremse\nLenkradheizung\nFahrerprofilauswahl\nSommerreifen\nGepäckraumabtrennung\nEhemaliges Mietfahrzeug\nWBS41AY030FT38930\nM Drive Professional\n19/20 M Schmiederäder Doppelspeiche 825 M Bicolor Schwarz / MB\nLenkradheizung\nM Sportdifferenzial\nReifendruck-Kontrolle\nReifenreparatur Set\nAdaptives M Fahrwerk\nAlarmanlage\nAutomatische Heckklappenbetätigung\nGlasdach\nelektri mit Schiebe- und Hebefunktion\nInnen- und Außenspiegelpaket\nInnenspiegel autom Abbl\naktive Sitzbelüftung vo\nSitzverstellung\nelektr mit Memory für Fahrersitz\nLordosenstütze vorne\nSitzheizung vorne\nM Interieurleisten Carbon Fibre\nGeschwindigkeitsregelung mit Bremsfunktion\nActive Protection\nDriving Assistant\nFondkopfstützen klappbar\nParking Assistant\nDAB-Tuner\nHarman Kardon Surround Sound System\ngesetzlicher Notruf\nAblage für Wireless Charging\nBMW Live Cockpit Professional\nM Sportsitze\nM Hochglanz Shadow Line\nM Dachhimmel anthrazit\nM Hochglanz Shadow Line mit erweiterten Umfängen\nInnovationspaket\nAktiver Fussgängerschutz\nSteuerung FAS 18\nVollleder Merino Feinnarbe Schwarz/Schwarz\nAntriebsart: Allradantrieb\nScheibenwischer mit Regensensor\nScheinwerfer LED\nIsofix-Aufnahmen für Kindersitz an Rücksitz\nKnieairbag Fahrerseite\nHeckleuchten LED\nAmbiente-Beleuchtung\nLeuchtweitenregelung\nMultifunktion für Lenkrad\nLenksäule (Lenkrad) mechan. verstellbar\nReifendruck-Kontrollsystem\nWärme-/Sonnenschutzverglasung kombiniert (hi abgedunkelt)\nPark-Distance-Control (PDC) vo + hi\nKlimaautomatik 3-Zonen mit autom. Umluft-Control\nSportdifferential\nAktives M Differential\nSportsitze vo (M-Technic)\nAdaptives Fahrwerk M-Technic\nEinstiegsleisten mit Einleger in Aluminium mit Schriftzug M\nSitze vo elektr. verstellbar (mit Memory)\nSpiegel-Paket\nRückfahrkamera\nSchiebe-/Hebedach elektri (Glas)\nSonnenschutzverglasung (hi abgedunkelt)\nScheinwerfer Laserlicht\nReifen-Reparaturset (Mobility-Pack)\nKomfortzugang (Öffnungs- und Schließsystem)\nBicolor\nBMW Individual Dravit-Grau Metallic\nLM-Felgen vo/hi: 9\n5x19 / 10\n5x20 (Doppelspeichen 825 M\nBicolor\nSchwarz)\nControl-Display mit Farbmonitor (14\n9 Zoll)\nAirbag Fahrer-/Beifahrerseite\nAnti-Blockier-System (ABS)\nSeitenairbag vo\nStart-Stop-Knopf\nAußenspiegel elektr. verstell- und heizbar\nFensterheber elektr\nKopf-Airbag-System vo + hi\nWegfahrsperre\nReifenpannen-Anzeige\nDynamische Stabilitäts-Control (DSC) mit erweiterter Umfang\nFreisprecheinrichtung Bluetooth mit USB-/Audio-Schnittstelle\nIntelligenter Notruf\n12V-Steckdose\nAblage-Paket\nActive Guard (Bremsassistent)\nAktive Sitzbelüftung vo\nAntriebsart: xDrive (Allrad)\nAufmerksamkeits-Assistent\nAußenspiegel elektr. anklappbar\nAußenspiegel mit Abblendautom\nAußenspiegel re mit Bordsteinautomatik\nAutomatik - mit Steptronic und Drivelogic (8-Stufen)\ninklusive unentgeltliche 24 Monate BMW Premium Selection\nBruttolistenpreis 113.700 €\nZulassung als Selbstfahrermietfzg\n\nInt.KnNr: FBUG251001591\nÄnderungen, Zwischenverkauf und Irrtümer vorbehalten.\nquality by dotzilla",
  "dealerDetails": {
    "id": 453713,
    "name": "Kohl automobile GmbH",
    "sellerType": "Dealer",
    "phones": [
      "+49 (0)241 9809409097"
    ],
    "languages": [
      "Deutsch",
      "English",
      "Français"
    ],
    "country": "DE",
    "address": "Neuenhofstr. 160, DE-52078 Aachen",
    "location": {
      "latitude": 50.7653702,
      "longitude": 6.1470706
    },
    "activeSince": "2001-06-07T00:00:00.000Z",
    "homepageUrl": "https://home.mobile.de/home/redirect.html?customerId=453713",
    "iconUrl": null,
    "reviewPageUrl": "https://www.mobile.de/bewertungen/KOHL-AACHEN?lang=en",
    "score": {
      "total": 4.2,
      "responseTime": 4.3,
      "friendliness": 4.3,
      "advice": 4
    },
    "activeRatingCount": 61,
    "vehicleAsDescribedPercentage": 90,
    "recommendPercentage": 77,
    "soldVehicleCount": null,
    "reviews": []
  },
  "attributes": {
    "Vehicle condition": "Used vehicle, Accident-free",
    "Category": "Saloon, Employee's Car",
    "Model range": "G80",
    "Trim line": "m3 competition",
    "Vehicle Number": "FBUG251001591",
    "Availability": "Now",
    "Mileage": "6,573 km",
    "Cubic Capacity": "2,993 ccm",
    "Power": "370 kW (503 hp)",
    "Drive type": "Internal combustion engine",
    "Fuel": "Petrol",
    "CO₂ class": "Based on CO₂ emissions (combined)",
    "Fuel consumption": [
      "10.1 l/100km (combined)",
      "15.6 l/100km (city)",
      "10.1 l/100km (suburban)",
      "8.6 l/100km (country road)",
      "9.5 l/100km (motorway)"
    ],
    "Energy costs for 15,000 km annual mileage": "€2,721/Year",
    "Fuel price": "€1.80/l (annual average 2024)",
    "Possible CO₂ costs over the next 10 years (15,000 km/year)": [
      "€4,382 (assuming an average CO₂ price of €127/t)",
      "€2,070 (assuming a low average CO₂ price of €60/t)",
      "€6,900 (assuming a high average CO₂ price of €200/t)"
    ],
    "Vehicle tax": "€460/Year",
    "Number of Seats": "5",
    "Door Count": "4/5",
    "Transmission": "Automatic",
    "Emission Class": "Euro6d",
    "Emissions Sticker": "4 (Green)",
    "First Registration": "08/2024",
    "Construction Year": "2024",
    "Number of Vehicle Owners": "1",
    "HU": "New",
    "Climatisation": "Automatic climatisation, 3 zones",
    "Parking sensors": "Rear, Front, Camera, Self-steering systems",
    "Airbags": "Front and Side and More Airbags",
    "Colour (Manufacturer)": "DRAVITGRAU METALLIC",
    "Colour": "Grey Metallic",
    "Interior Design": "Full leather, Black",
    "Cylinders": "6",
    "Energy consumption (comb.)": "10.1 l/100km",
    "CO₂ emissions (comb.)": "230 g/km"
  },
  "features": [
    "ABS",
    "Adaptive cornering lights",
    "Alarm system",
    "Alloy wheels",
    "Ambient lighting",
    "Arm rest",
    "Autom. dimming interior mirror",
    "Bluetooth",
    "Cargo barrier",
    "Central locking",
    "Cruise control",
    "DAB radio",
    "Digital cockpit",
    "Distance warning system",
    "Dynamic chassis control",
    "Electric seat adjustment",
    "Electric side mirror",
    "Electric tailgate",
    "Electric windows",
    "Eletric seat adjustment with memory function",
    "Emergency brake assist",
    "Emergency call system",
    "Emergency tyre repair kit",
    "ESP",
    "Fatigue warning system",
    "Folding exterior mirrors",
    "Four-wheel drive",
    "Full Service History",
    "Glare-free high beam headlights",
    "Hands-free kit",
    "Heated rear seats",
    "Heated seats",
    "Heated steering wheel",
    "High beam assist",
    "Hill-start assist",
    "Immobilizer",
    "Induction charging for smartphones",
    "Integrated music streaming",
    "Isofix",
    "Keyless central locking",
    "Laser headlights",
    "Leather steering wheel",
    "LED running lights",
    "Light sensor",
    "Lumbar support",
    "Multifunction steering wheel",
    "Navigation system",
    "Non-smoker vehicle",
    "On-board computer",
    "Panoramic roof",
    "Particulate filter",
    "Power Steering",
    "Rain sensor",
    "Rear traffic alert",
    "Seat ventilation",
    "Sound system",
    "Speed limit control system",
    "Sport seats",
    "Sports suspension",
    "Start-stop system",
    "Summer tyres",
    "Sunroof",
    "Tinted windows",
    "Touchscreen",
    "Traction control",
    "Tuner/radio",
    "Tyre pressure monitoring",
    "USB port",
    "Voice control",
    "Warranty",
    "WLAN / Wi-Fi hotspot"
  ]
},
{
  "title": "BMW M3 Competition FACELIFT DA PROF. HUD UPE114.000€",
  "previewImage": "https://img.classistatic.de/api/v1/mo-prod/images/7b/7b04a43f-6d00-438c-aaf2-72fddcc31b42?rule=mo-1600.jpg",
  "category": "EstateCar",
  "brand": "BMW",
  "model": "M3",
  "url": "https://suchen.mobile.de/fahrzeuge/details.html?id=425128307",
  "price.total.amount": 89888,
  "priceRating": {
    "rating": "Good price",
    "priceRanges": {
      "Very good price": {
        "start": 66601,
        "end": 86500
      },
      "Good price": {
        "start": 86501,
        "end": 93200
      },
      "Fair price": {
        "start": 93201,
        "end": 103700
      },
      "Increased price": {
        "start": 103701,
        "end": 111300
      },
      "High price": {
        "start": 111301,
        "end": 123600
      }
    }
  },
  "description": "Weiteres: Anfragen auch per WHATSAPP unter 0159-04201757 möglich!!! Bei weiteren Fragen wenden Sie sich bitte an Herrn Kahl.\nAntrieb, Fahrwerk\nAdaptives M Fahrwerk\nAllrad\nM Drive Professional\nM Sportdifferential\nSportfahrwerk\n\nAußenausstattung\nDachreling Hochglanz Shadow-Line\n\nEditionen und Pakete\nAblagenpaket\nConnectedDrive Services (laufzeitgebundener Dienst)\nConnectedPackage Professional (laufzeitgebundener Dienst)\nGepäckraum-Paket\nInnovations-Paket (2)\n\nExterieur\nDach und Spiegelkappen schwarz\nDachreling\nElektrische Gepäckraumklappe\n\nFahrerassistenz\nFahrassistenz-System: Driving Assistant Professional\nGesetzlicher Notruf\nHead-Up Display\nParkassistent-Paket Plus\nRückfahrkamera\nSpurverlassenswarnung\nSpurwechselwarnung\nTeleServices\n\nIndividualumfänge\nBMW Individual Dachreling Hochglanz Shadow Line\nBMW Individual Hochglanz Shadow Line\nBMW Individual Hochglanz Shadow Line mit erweiterten Umfängen\nDachhimmel Individual anthrazit\nScheinwerfer BMW Individual Shadow-Line\n\nKomfort, Innenausstattung\nAbstandsregeltempomat\nDurchladesystem\nEinparkhilfe selbstlenkendes System\nFensterheber, elektrisch\nFondkopfstützen klappbar\nGalvanikapplikation für Bedienelemente\nInnen- und Aussenspiegel automatisch abblendend\nInnenausstattung: Interieurleisten Carbon\nKeyless Entry\nKlimaautomatic\nKomfortzugang (Öffnungs- und Schließsystem)\nLeder\nLederlenkrad\nLordose\nLordosenstuetze fuer Fahrer und Beifahrer\nM Sicherheitsgurte\nM Sportsitze\nMultifunktionslenkrad\nSitzheizung fuer Fahrer und Beifahrer\nSitzverstellung, elektrisch mit Memory\nSonnenschutzverglasung\nSportsitze\nSpurhalteassistent\nTempomat\nZentralverriegelung\n\nMultimedia\nBluetooth\nBMW Live Cockpit Professional (laufzeitgebundener Dienst)\nDAB Tuner\nFreisprecheinrichtung\nHarman Kardon Surround Sound System\nNavigationssystem\nRadio\nTelefon\nUSB Schnittstelle\n\nRäder\n19\"/20\" M Schmiederäder Doppelspeiche 826 M Schwarz / MB\nRadschraubensicherung\nReifenreparatur-Set\n\nSitzbezug\nLeder Merino schwarz \n\nSonstiges\nAblage für Wireless Charging \nActive Guard\nBlow by-Heizer\nBMW Digital Key\nCO2-Umfang\nDekodierung Zusatzfunktionen\nDeutsch / Bordliteratur\nDeutschland-Ausfuehrung\nElektrisch verstellbare Spiegel\nEU-spezifische Zusatzumfaenge\nFahrassistenz-System: aktiver Spurhalteassistent\nFahrassistenz-System: Ampel-Erkennung\nFahrassistenz-System: Ausweich-Assistent\nFahrassistenz-System: Einparkhilfe Seite\nFahrassistenz-System: Falschfahrwarnung\nFahrassistenz-System: Frontkollisionswarnung\nFahrassistenz-System: Heckaufprall-Vermeidung (Prävention Heckkollision)\nFahrassistenz-System: Kreuzungs-Assistent\nFahrassistenz-System: Park-Assistent\nFahrassistenz-System: Querverkehrs-Assistent\nFahrassistenz-System: Rückfahr-Assistent\nFahrassistenz-System: Rückfahrhilfe Notbremsfunktion (Active PDC)\nFahrassistenz-System: Spurwechselassistent\nFahrassistenz-System: Spurwechsel-Warnsystem\nGeschwindigkeits-Regelanlage, Aktiv mit Stop&Go-Funktion\nInduktionsladen für Smartphones\nKältemittel\nKilometertacho\nMetallic-Lackierung\nÖlwartungsintervall 24 Monate/30.000 km\nPersonal eSIM \nReifendruckkontrollsystem\nRückfahrkamera\nRückfahrkamera (Top View)\nService-System: Remote 3D View\nSitzbezug / Polsterung: Leder Merino Schwarz\nSteuerung Infotainment\nSteuerung Karosserie\nSurround-Kamerasystem (Surround View)\n\nUmwelt, Sicherheit\nAbgasnorm EU6 RDE II\nABS\nAktiver Fussgängerschutz\nAlarmanlage\nAuto Start/Stop Funktion \nBeifahrerairbag\nBeifahrerairbag-Deaktivierung\nESP\nFahrassistenz-System: Fernlichtassistent\nFahrerairbag\nInnenspiegel, automatisch abblendend\nKindersitzbefestigung ISOFIX\nKopfairbag\nLED-Scheinwerfer\nLichtsensor\nNotbremsassistent\nPASM\nRegensensor\nReifen Druck Control\nScheinwerfer LED mit adaptiver Lichtverteilung\nSeitenairbag\nSicherheitssystem Active Protection\nTraction Control\nWarndreieck\n\nLeasingbeispiel\n\nMtl. Leasingrate: 1.232,79 EUR inkl. MwSt.\nAnschaffungspreis 80.899,20 EUR\nSonderzahlung: 8.988,80 EUR\nLaufleistung p.a. 10.000km\nLaufzeit 36 Monate\nSollzinssatz p.a.: 5,80% (gebunden für die gesamte Vertragslaufzeit)\nEffektiver Jahreszins 5,96%\nGesamtbetrag 53.369,33 EUR\nEin unverbindliches Leasingbeispiel der BMW Bank GmbH - Lilienthalallee 26 - 80939 München.\n\n\n\nWichtiger Hinweis\n\nWir legen größten Wert auf die sorgfältige und präzise Eingabe unserer Fahrzeugdaten. Dennoch können Fehler in der Datenübermittlung oder Eingabe nie vollständig ausgeschlossen werden. Daher sind alle Angaben in unseren Inseraten als unverbindliche Beschreibungen zu verstehen und stellen keine zugesicherten Eigenschaften im rechtlichen Sinne dar. Irrtümer, Übertragungsfehler sowie ein möglicher Zwischenverkauf bleiben vorbehalten. Um sicherzustellen, dass Ihr Wunschfahrzeug verfügbar ist, bitten wir Sie, vor einer Besichtigung einen Termin mit uns zu vereinbaren.\n\n\n\nFinanzierung oder Leasing? Wir beraten Sie gern!\n\n\n\nBesuchen Sie auch unsere Website www.ehrl-gruppe.de und entdecken Sie viele weitere topaktuelle Angebote, exklusive Aktionen und detaillierte Informat",
  "dealerDetails": {
    "id": 6454026,
    "name": "Autohaus Ehrl GmbH Dessau BMW Vertragshändler",
    "sellerType": "Dealer",
    "phones": [
      "+49 (0)340 5309528203"
    ],
    "languages": [
      "Deutsch",
      "English"
    ],
    "country": "DE",
    "address": "Zunftstraße 12, DE-06847 Dessau",
    "location": {
      "latitude": 51.81697029999999,
      "longitude": 12.2186556
    },
    "activeSince": "2011-09-07T00:00:00.000Z",
    "homepageUrl": "https://home.mobile.de/home/redirect.html?customerId=6454026",
    "iconUrl": null,
    "reviewPageUrl": "https://www.mobile.de/bewertungen/AUTOHAUSEHRLGMBHDESSAU?lang=en",
    "score": {
      "total": 4.4,
      "responseTime": 4.4,
      "friendliness": 4.5,
      "advice": 4.2
    },
    "activeRatingCount": 20,
    "vehicleAsDescribedPercentage": 94,
    "recommendPercentage": 88,
    "soldVehicleCount": null,
    "reviews": []
  },
  "attributes": {
    "Vehicle condition": "Used vehicle, Accident-free",
    "Category": "Estate car, Employee's Car",
    "Model range": "G81",
    "Trim line": "FACELIFT DA PROF. HUD UPE114.000€",
    "Vehicle Number": "B32047088987",
    "Availability": "Now",
    "Origin": "German edition",
    "Mileage": "12,901 km",
    "Cubic Capacity": "2,993 ccm",
    "Power": "390 kW (530 hp)",
    "Drive type": "Internal combustion engine",
    "Fuel": "Petrol, E10-enabled",
    "Number of Seats": "5",
    "Door Count": "4/5",
    "Transmission": "Automatic",
    "Emission Class": "Euro6",
    "Emissions Sticker": "4 (Green)",
    "First Registration": "09/2024",
    "Construction Year": "2024",
    "Number of Vehicle Owners": "1",
    "HU": "09/2027",
    "Climatisation": "Automatic climatisation, 3 zones",
    "Parking sensors": "Self-steering systems, Rear, 360° camera, Front",
    "Airbags": "Front and Side and More Airbags",
    "Colour (Manufacturer)": "M Isle of Man Grün",
    "Colour": "Green Metallic",
    "Interior Design": "Full leather, Black",
    "Weight": "1,940 kg",
    "Cylinders": "6",
    "Tank capacity": "59 l"
  },
  "features": [
    "ABS",
    "Adaptive cornering lights",
    "Adaptive Cruise Control",
    "Alarm system",
    "Alloy wheels",
    "Ambient lighting",
    "Android Auto",
    "Apple CarPlay",
    "Arm rest",
    "Autom. dimming interior mirror",
    "Blind spot assist",
    "Bluetooth",
    "Cargo barrier",
    "Central locking",
    "DAB radio",
    "Digital cockpit",
    "Distance warning system",
    "Dynamic chassis control",
    "Electric seat adjustment",
    "Electric side mirror",
    "Electric tailgate",
    "Electric windows",
    "Eletric seat adjustment with memory function",
    "Emergency brake assist",
    "Emergency call system",
    "ESP",
    "Fatigue warning system",
    "Four-wheel drive",
    "Full Service History",
    "Glare-free high beam headlights",
    "Hands-free kit",
    "Head-up display",
    "Heated seats",
    "High beam assist",
    "Hill-start assist",
    "Immobilizer",
    "Induction charging for smartphones",
    "Integrated music streaming",
    "Isofix",
    "Keyless central locking",
    "Lane change assist",
    "Leather steering wheel",
    "LED headlights",
    "LED running lights",
    "Light sensor",
    "Lumbar support",
    "Multifunction steering wheel",
    "Navigation system",
    "Non-smoker vehicle",
    "On-board computer",
    "Paddle shifters",
    "Particulate filter",
    "Power Steering",
    "Rain sensor",
    "Rear traffic alert",
    "Roof rack",
    "Sound system",
    "Speed limit control system",
    "Sport seats",
    "Sports package",
    "Sports suspension",
    "Start-stop system",
    "Summer tyres",
    "Tinted windows",
    "Touchscreen",
    "Traction control",
    "Traffic sign recognition",
    "Tuner/radio",
    "Tyre pressure monitoring",
    "USB port",
    "Voice control",
    "Warranty",
    "WLAN / Wi-Fi hotspot"
  ]
},
{
  "title": "BMW M3 xDrive Competition Carbon Schalensitze HUD HK",
  "previewImage": "https://img.classistatic.de/api/v1/mo-prod/images/ba/ba7a7bdc-77d5-4c0a-82dc-dd424a41c9ae?rule=mo-1600.jpg",
  "category": "EstateCar",
  "brand": "BMW",
  "model": "M3",
  "url": "https://suchen.mobile.de/fahrzeuge/details.html?id=424772182",
  "price.total.amount": 89950,
  "priceRating": {
    "rating": "Fair price",
    "priceRanges": {
      "Very good price": {
        "start": 64201,
        "end": 83400
      },
      "Good price": {
        "start": 83401,
        "end": 89900
      },
      "Fair price": {
        "start": 89901,
        "end": 100000
      },
      "Increased price": {
        "start": 100001,
        "end": 107300
      },
      "High price": {
        "start": 107301,
        "end": 119200
      }
    }
  },
  "description": "Ein neuwertiges Fahrzeug aus 1. Hand, wie neu,mit einer Mega-Ausstattung:\n\nSonderausstattung:\nBMW Live Cockpit Professional, Bremsanlage: Compound - M Bremssystem (Bremssättel Rot), Exterieur-Paket M Carbon, Fahrassistenz-System: Driving Assistant, Fahrassistenz-System: Fernlichtassistent, Fzg. ohne Modell-Schriftzug, Innenausstattung: Interieurleisten Carbon, Instrumententafel Sensatec, LM-Felgen, M Schalensitze Carbon, Metallic-Lackierung, Parkassistent-Paket Plus, Personalisierungssystem (Personal eSIM), Scheinwerfer BMW Individual Shadow-Line, Scheinwerfer Laserlicht, Sonnenschutzverglasung (hinten abgedunkelt), Sound-System Harman-Kardon\n\nWeitere Ausstattung:\nAblage-Paket, Adaptives Fahrwerk M-Technic, Airbag Beifahrerseite abschaltbar, Aktives M Differential, Ambiente-Beleuchtung, Ausstattungs-Paket: Connected Professional, Außenausstattung: Shadow-Line Hochglanz, Außenausstattung: Shadow-Line Hochglanz (erweiterter Umfang), Außenspiegel elektr. verstell- und heizbar, Bedienelemente galvanisiert, Bordcomputer, Competition, DAB-Tuner (Radioempfang digital), Dachhimmel Anthrazit (BMW Individual), Dachreling Hochglanz Shadow-Line, Diebstahlsicherung für Räder (Felgenschlösser), Durchladeeinrichtung (Mittelarmlehne hinten), Dynamische Stabilitäts-Control (DSC) mit erweiterter Umfang, Einstiegsleisten mit Einleger in Aluminium mit Schriftzug M, Erste Hilfe-Kasten / Verbandkasten, Fahrassistenz-System: Active Guard (Bremsassistent), Fahrassistenz-System: Aufmerksamkeits-Assistent, Freisprecheinrichtung Bluetooth mit USB-/Audio-Schnittstelle, Fußmatten Velours, Gepäckraumbeleuchtung, Getriebe Automatik - mit Steptronic und Drivelogic (8-Stufen), Getränkehalter, Heckklappenbetätigung automatisch, Heckleuchten LED, Induktionsladeschale für Smartphone (Wireless Charging), Innenspiegel mit Abblendautomatik, Instrumentenkombination (erweiterter Umfang), Isofix-Aufnahmen für Kindersitz an Rücksitz, Karosserie: 5-türig, Kennzeichenbeleuchtung LED, Klimaautomatik 3-Zonen mit autom. Umluft-Control, Knieairbag Fahrerseite, Kopf-Airbag-System hinten, Kopf-Airbag-System vorn, Kopfstützen hinten klappbar, Lenksäule (Lenkrad) elektr. verstellbar, Leuchtweitenregelung, M Drive (Fahrprofilauswahl), M Drive Professional (Fahrprofilauswahl), Motor 3,0 Ltr. - 375 kW 24V TwinTurbo KAT (S58), Nebelschlussleuchte(n), Otto-Partikelfilter (OPF), Park-Distance-Control (PDC) vorn und hinten, Parkbremse elektrisch, Reifendruck-Kontrollsystem, Reifenpannen-Anzeige, Schadstoffarm nach Abgasnorm Euro 6d, Schaltpunktanzeige, Seitenairbag vorn, Service-System: ConnectedDrive Services, Service-System: Gesetzlicher Notruf, Service-System: Intelligenter Notruf inkl. TeleServices, Sitzbezug / Polsterung: Leder Merino (erweiterter Umfang), Sitze vorn elektr. verstellbar (mit Memory), Spiegel-Paket, Sportdifferential, Start-Stop-Knopf, Start/Stop-Anlage (Funktion), Steckdose (12V-Anschluß) in Mittelkonsole vorn, Warndreieck, Widescreen Display, Wärme-/Sonnenschutzverglasung, Wärme-/Sonnenschutzverglasung kombiniert (hinten abgedunkelt)",
  "dealerDetails": {
    "id": 12527190,
    "name": "Car Deluxe",
    "sellerType": "Dealer",
    "phones": [
      "+49 (0)2154 891483082"
    ],
    "messengers": {
      "WHATS_APP": "+49 (0)176 20022482"
    },
    "languages": [
      "Deutsch",
      "English"
    ],
    "country": "DE",
    "address": "Parkstrasse 16, DE-47877 Willich",
    "location": {
      "latitude": 51.2666652,
      "longitude": 6.5513447
    },
    "activeSince": "2014-12-17T00:00:00.000Z",
    "homepageUrl": "https://home.mobile.de/home/redirect.html?customerId=12527190",
    "iconUrl": "https://img.classistatic.de/api/v1/mo-prod/images/c7/c78d79b5-c52d-4b0e-8151-bdbba25287c4?rule=mo-640.jpg",
    "reviewPageUrl": "https://www.mobile.de/bewertungen/CARDELUXEWILLICH?lang=en",
    "score": {
      "total": 4.4,
      "responseTime": 4.3,
      "friendliness": 4.3,
      "advice": 4.7
    },
    "activeRatingCount": 3,
    "vehicleAsDescribedPercentage": 100,
    "recommendPercentage": 100,
    "soldVehicleCount": null,
    "reviews": []
  },
  "attributes": {
    "Vehicle condition": "Used vehicle, Accident-free",
    "Category": "Estate car",
    "Model range": "Baureihe M3 Touring (G81)(2022->)",
    "Trim line": "xDrive Competition",
    "Mileage": "5,800 km",
    "Cubic Capacity": "2,993 ccm",
    "Power": "375 kW (510 hp)",
    "Drive type": "Internal combustion engine",
    "Fuel": "Petrol",
    "Number of Seats": "5",
    "Door Count": "4/5",
    "Transmission": "Automatic",
    "Emission Class": "Euro6d",
    "Emissions Sticker": "4 (Green)",
    "First Registration": "06/2024",
    "Number of Vehicle Owners": "1",
    "HU": "06/2027",
    "Climatisation": "Automatic climatisation, 3 zones",
    "Parking sensors": "Rear, 360° camera, Front, Self-steering systems",
    "Airbags": "Front and Side and More Airbags",
    "Colour (Manufacturer)": "BLACK SAPPHIRE METALLIC",
    "Colour": "Black Metallic",
    "Interior Design": "Full leather, Black",
    "Weight": "1,940 kg",
    "Cylinders": "6",
    "Tank capacity": "59 l"
  },
  "features": [
    "ABS",
    "Alarm system",
    "Alloy wheels",
    "Ambient lighting",
    "Android Auto",
    "Apple CarPlay",
    "Arm rest",
    "Autom. dimming interior mirror",
    "Blind spot assist",
    "Bluetooth",
    "Cargo barrier",
    "Central locking",
    "Cruise control",
    "DAB radio",
    "Digital cockpit",
    "Distance warning system",
    "Dynamic chassis control",
    "Electric seat adjustment",
    "Electric side mirror",
    "Electric tailgate",
    "Electric windows",
    "Eletric seat adjustment with memory function",
    "Emergency brake assist",
    "Emergency call system",
    "ESP",
    "Fatigue warning system",
    "Folding exterior mirrors",
    "Four-wheel drive",
    "Full Service History",
    "Glare-free high beam headlights",
    "Hands-free kit",
    "Head-up display",
    "Heated rear seats",
    "Heated seats",
    "High beam assist",
    "Hill-start assist",
    "Immobilizer",
    "Induction charging for smartphones",
    "Integrated music streaming",
    "Isofix",
    "Keyless central locking",
    "Laser headlights",
    "Leather steering wheel",
    "LED running lights",
    "Light sensor",
    "Multifunction steering wheel",
    "Navigation system",
    "Non-smoker vehicle",
    "On-board computer",
    "Paddle shifters",
    "Particulate filter",
    "Power Steering",
    "Rain sensor",
    "Rear traffic alert",
    "Roof rack",
    "Sound system",
    "Speed limit control system",
    "Sport seats",
    "Sports package",
    "Sports suspension",
    "Start-stop system",
    "Summer tyres",
    "Tinted windows",
    "Touchscreen",
    "Traction control",
    "Traffic sign recognition",
    "Tuner/radio",
    "Tyre pressure monitoring",
    "USB port",
    "Voice control",
    "Warranty",
    "WLAN / Wi-Fi hotspot"
  ]
},
{
  "title": "BMW M3 Comp. xDrive/M-Drivers/HUD/360°/Sportabgas",
  "previewImage": "https://img.classistatic.de/api/v1/mo-prod/images/e4/e479e518-991c-4895-869c-8f7d83d25dc1?rule=mo-1600.jpg",
  "category": "Limousine",
  "brand": "BMW",
  "model": "M3",
  "url": "https://suchen.mobile.de/fahrzeuge/details.html?id=433753996",
  "price.total.amount": 89950,
  "priceRating": {
    "rating": "Good price",
    "priceRanges": {
      "Very good price": {
        "start": 65801,
        "end": 85500
      },
      "Good price": {
        "start": 85501,
        "end": 92100
      },
      "Fair price": {
        "start": 92101,
        "end": 102500
      },
      "Increased price": {
        "start": 102501,
        "end": 110000
      },
      "High price": {
        "start": 110001,
        "end": 122200
      }
    }
  },
  "description": "BMW M3 Competition x Drive Coupe Facelift\n\n\nFacelift Modell 2025 390KW\nExterieur Hochglanz Shadow Line\nLederausstattung Merino Schwarz\nM Drivers Package 290 Kmh\nSportabgasanlage schaltbar\nM Drive Professional\n19\"/20\" Doppelspeiche 826 Schwarz\nM Leuchten Shadow Line\nAdaptiver LED Scheinwerfer\nHarman Kardon Soundsystem\nBMW Head-Up-Display\nDriving Assitant\nParking Assitant Plus\nEinparkhilfe incl. 360° Kamera\nBmw Innovationspaket\nAutom. Heckklappenbetätigung\nKomfortzugang Keyless Access\nel. Sportsitze/Fahrersitz Memory\ngetönte Scheiben im Fond\nM Interieurleisten Aluminium\nAblage für Wireless Charging\nAußenspiegel el. anklappbar\nSitzheizung vorn\nCarbon Dach\n\n1. Hand Unfallfrei Werksgarantie bis 02/2027\n\nWBS31HJ0X0FT81112\n\n\n*Keine Haftung für Druck&Schreibfehler*Irrtum und Zwischenverkauf vorbehalten\n\n\nSonderausstattung:\nBremsanlage: Compound - M Bremssystem (Bremssättel Schwarz), Fahrassistenz-System: Fernlichtassistent, Innovations-Paket (2), M Driver´s Package, Metallic-Lackierung, Metallic-Lackierung M Brooklyn Grau, Parkassistent-Paket Plus, Scheinwerfer BMW Individual Shadow-Line, Sitzbezug / Polsterung: Leder Merino Schwarz\n\nWeitere Ausstattung:\nAblage-Paket, Adaptives Fahrwerk M-Technic, Airbag Beifahrerseite abschaltbar, Airbag Fahrer-/Beifahrerseite, Aktives M Differential, Ambiente-Beleuchtung, Anhänger-Stabilisierungs-Programm (ASL), Ausstattungs-Paket: Connected Professional, Automatische Stabilitäts-Control (ASC), Außenausstattung: Shadow-Line Hochglanz, Außenausstattung: Shadow-Line Hochglanz (erweiterter Umfang), Bedienelemente galvanisiert, Blinkleuchte in Außenspiegel integriert, BMW Live Cockpit Professional, Competition, Dachhimmel Anthrazit (BMW Individual), Diebstahlsicherung für Räder (Felgenschlösser), Durchladeeinrichtung (Mittelarmlehne hinten), Dynamische Stabilitäts-Control (DSC) mit erweiterter Umfang, Dynamische Tractions Control (DTC), Einstiegsleisten mit Einleger in Aluminium mit Schriftzug M, Erste Hilfe-Kasten / Verbandkasten, Fahrassistenz-System: Active Guard (Bremsassistent), Fensterheber elektrisch vorn + hinten, Freisprecheinrichtung Bluetooth mit USB-/Audio-Schnittstelle, Getriebe Automatik - mit Steptronic und Drivelogic (8-Stufen), Getränkehalter, Heckleuchten LED, Induktionsladeschale für Smartphone (Wireless Charging), Innenausstattung: Interieurleisten Alu Rhombicle mit Akzentleiste, Innenspiegel mit Abblendautomatik, Isofix-Aufnahmen für Kindersitz, Karosserie: 4-türig, Kennzeichenbeleuchtung LED, Klimaautomatik 3-Zonen mit autom. Umluft-Control, Knieairbag Fahrerseite, Kopf-Airbag-System hinten, Kopf-Airbag-System vorn, Kopfstützen hinten klappbar, Leichtbaudach (kohlefaserverstärkter Kunststoff, CFK), Lendenwirbelstütze Sitz vorn links und rechts, elektr. verstellbar, Lenksäule (Lenkrad) mechan. verstellbar, Leuchtweitenregelung, Lichtassistent (Follow me home), LM-Felgen, M Drive (Fahrprofilauswahl), M Drive Professional (Fahrprofilauswahl), Modellpflege, Motor 3,0 Ltr. - 390 kW 24V TwinPower Turbo (S58), Multifunktion für Lenkrad, Otto-Partikelfilter (OPF), Parkbremse elektrisch, Personalisierungssystem (BMW ID), Personalisierungssystem (Personal eSIM), Radioempfang digital (DAB+), Reifen-Reparaturset (Mobility-Pack), Reifendruck-Kontrollsystem, Reifenpannen-Anzeige, Schadstoffarm nach Abgasnorm Euro 6e, Schaltpunktanzeige, Scheinwerfer LED, Seitenairbag vorn, Service-System: ConnectedDrive Services, Service-System: Gesetzlicher Notruf, Service-System: Intelligenter Notruf inkl. TeleServices, Sicherheitsgurte M, Sitzbezug / Polsterung: Leder Merino, Sitze vorn elektr. verstellbar (mit Memory), Sitzheizung vorn, Sonnenschutzverglasung (hinten abgedunkelt), Sound-System Harman-Kardon, Spiegel-Paket, Sportdifferential, Sportsitze vorn (M-Technic), Start/Stop-Anlage (Funktion), Steckdose (12V-Anschluß) in Mittelkonsole vorn, Warndreieck, Wärme-/Sonnenschutzverglasung",
  "dealerDetails": {
    "id": 5045493,
    "name": "KFZ A. Nestler",
    "sellerType": "Dealer",
    "phones": [
      "+49 (0)201 8906796953"
    ],
    "messengers": {
      "WHATS_APP": "+49 (0)173 2654369"
    },
    "languages": [
      "Deutsch",
      "English"
    ],
    "country": "DE",
    "address": "Frankenstrasse 47, DE-45134 Essen",
    "location": {
      "latitude": 51.4281357,
      "longitude": 7.052324
    },
    "activeSince": "2010-11-26T00:00:00.000Z",
    "homepageUrl": "https://home.mobile.de/home/redirect.html?customerId=5045493",
    "iconUrl": null,
    "reviewPageUrl": "https://www.mobile.de/bewertungen/STOPDRIVEKFZANESTLER?lang=en",
    "score": {
      "total": 4.5,
      "responseTime": 4.5,
      "friendliness": 4.7,
      "advice": 4.5
    },
    "activeRatingCount": 11,
    "vehicleAsDescribedPercentage": 90,
    "recommendPercentage": 90,
    "soldVehicleCount": null,
    "reviews": []
  },
  "attributes": {
    "Vehicle condition": "Used vehicle, Accident-free",
    "Category": "Saloon",
    "Model range": "Baureihe M3 Lim. (G80N)(07.2024->)",
    "Trim line": "xDrive Competition M",
    "Origin": "German edition",
    "Mileage": "19,900 km",
    "Cubic Capacity": "2,993 ccm",
    "Power": "390 kW (530 hp)",
    "Drive type": "Internal combustion engine",
    "Fuel": "Petrol",
    "Number of Seats": "5",
    "Door Count": "4/5",
    "Transmission": "Automatic",
    "Emission Class": "Euro 6e",
    "Emissions Sticker": "4 (Green)",
    "First Registration": "02/2025",
    "Number of Vehicle Owners": "1",
    "HU": "02/2026",
    "Climatisation": "Automatic climatisation, 3 zones",
    "Parking sensors": "Rear, 360° camera, Front, Self-steering systems",
    "Airbags": "Front and Side and More Airbags",
    "Colour (Manufacturer)": "BROOKLYN GRAU METALLIC",
    "Colour": "Grey Metallic",
    "Interior Design": "Full leather, Black",
    "Weight": "1,855 kg",
    "Cylinders": "6",
    "Tank capacity": "59 l"
  },
  "features": [
    "ABS",
    "Alarm system",
    "Alloy wheels",
    "Ambient lighting",
    "Apple CarPlay",
    "Arm rest",
    "Autom. dimming interior mirror",
    "Bluetooth",
    "Central locking",
    "Cruise control",
    "DAB radio",
    "Digital cockpit",
    "Distance warning system",
    "Electric seat adjustment",
    "Electric side mirror",
    "Electric tailgate",
    "Electric windows",
    "Eletric seat adjustment with memory function",
    "Emergency call system",
    "Emergency tyre repair kit",
    "ESP",
    "Folding exterior mirrors",
    "Four-wheel drive",
    "Glare-free high beam headlights",
    "Hands-free kit",
    "Head-up display",
    "Heated seats",
    "High beam assist",
    "Immobilizer",
    "Induction charging for smartphones",
    "Isofix",
    "Keyless central locking",
    "Lane change assist",
    "Leather steering wheel",
    "LED headlights",
    "Light sensor",
    "Lumbar support",
    "Multifunction steering wheel",
    "Navigation system",
    "Paddle shifters",
    "Power Steering",
    "Rain sensor",
    "Sound system",
    "Sport seats",
    "Sports suspension",
    "Start-stop system",
    "Summer tyres",
    "Tinted windows",
    "Touchscreen",
    "Traction control",
    "Traffic sign recognition",
    "Tuner/radio",
    "Tyre pressure monitoring",
    "Warranty"
  ]
},
{
  "title": "BMW M3 Lim. xDrive Competition InnoP*M Driver's Pack",
  "previewImage": "https://img.classistatic.de/api/v1/mo-prod/images/e2/e2944f2e-d061-4b7b-ba67-cd744756fb91?rule=mo-1600.jpg",
  "category": "Limousine",
  "brand": "BMW",
  "model": "M3",
  "url": "https://suchen.mobile.de/fahrzeuge/details.html?id=434469898",
  "price.total.amount": 89900,
  "priceRating": {
    "rating": "Very good price",
    "priceRanges": {
      "Very good price": {
        "start": 69701,
        "end": 90600
      },
      "Good price": {
        "start": 90601,
        "end": 97600
      },
      "Fair price": {
        "start": 97601,
        "end": 108600
      },
      "Increased price": {
        "start": 108601,
        "end": 116500
      },
      "High price": {
        "start": 116501,
        "end": 129500
      }
    }
  },
  "description": "Das Fahrzeug ist in einem absolut neuwertigem Zustand, unfallfrei, nachlackierungsfrei, Nichtraucherfahrzeug!\nDeutsches Fahrzeug aus 1. Hand.\nLackierung: Saphirschwarz metallic\nInnenausstattung: Vollleder Merino schwarz\n\nSonderausstattung:\nInnovationspaket\nDriving Assistant Professional\nAutomatische Heckklappenbetätigung\nKomfortzugang\nAdaptiver LED-Scheinwerfer\nM Driver's Package\nParking Assistant Plus\nM Compound-Bremse schwarz hochglänzend\nM Leuchten Shadow Line\nBMW Drive Recorder\n\nWeitere Ausstattung:\nAblage-Paket\nAdaptives Fahrwerk M-Technic\nAirbag Beifahrerseite abschaltbar\nAirbag Fahrer-/Beifahrerseite\nAktives M Differential\nAmbiente-Beleuchtung\nAnhänger-Stabilisierungs-Programm (ASL)\nAusstattungs-Paket: Connected Professional\nAutomatische Stabilitäts-Control (ASC)\nAußenausstattung: Shadow-Line Hochglanz\nAußenausstattung: Shadow-Line Hochglanz (erweiterter Umfang)\nBedienelemente galvanisiert\nBlinkleuchte in Außenspiegel integriert\nBMW Live Cockpit Professional\nCompetition\nDachhimmel Anthrazit (BMW Individual)\nDiebstahlsicherung für Räder (Felgenschlösser)\nDurchladeeinrichtung (Mittelarmlehne hinten)\nDynamische Stabilitäts-Control (DSC) mit erweiterter Umfang\nDynamische Tractions Control (DTC)\nEinstiegsleisten mit Einleger in Aluminium mit Schriftzug M\nErste Hilfe-Kasten / Verbandkasten\nFahrassistenz-System: Active Guard (Bremsassistent)\nFensterheber elektrisch vorn + hinten\nFreisprecheinrichtung Bluetooth mit USB-/Audio-Schnittstelle\nGetriebe Automatik - mit Steptronic und Drivelogic (8-Stufen)\nGetränkehalter\nHeckleuchten LED\nInduktionsladeschale für Smartphone (Wireless Charging)\nInnenspiegel mit Abblendautomatik\nIsofix-Aufnahmen für Kindersitz\nKennzeichenbeleuchtung LED\nKlimaautomatik 3-Zonen mit autom. Umluft-Control\nKnieairbag Fahrerseite\nKopf-Airbag-System hinten\nKopf-Airbag-System vorn\nKopfstützen hinten klappbar\nLeichtbaudach (kohlefaserverstärkter Kunststoff, CFK)\nLendenwirbelstütze Sitz vorn links und rechts, elektr. verstellbar\nLenksäule (Lenkrad) mechan. verstellbar\nLeuchtweitenregelung\nLichtassistent (Follow me home)\nLM-Felgen\nM Drive (Fahrprofilauswahl)\nM Drive Professional (Fahrprofilauswahl)\nModellpflege\nMotor 3,0 Ltr. - 390 kW 24V TwinPower Turbo (S58)\nMultifunktion für Lenkrad\nOtto-Partikelfilter (OPF)\nParkassistent-Paket\nParkbremse elektrisch\nPersonalisierungssystem (BMW ID)\nPersonalisierungssystem (Personal eSIM)\nRadioempfang digital (DAB+)\nReifen-Reparaturset (Mobility-Pack)\nReifendruck-Kontrollsystem\nReifenpannen-Anzeige\nSchadstoffarm nach Abgasnorm Euro 6e\nSchaltpunktanzeige\nScheinwerfer LED\nSeitenairbag vorn\nService-System: ConnectedDrive Services\nService-System: Gesetzlicher Notruf\nService-System: Intelligenter Notruf inkl. TeleServices\nSicherheitsgurte M\nSitzbezug / Polsterung: Leder Merino\nSitze vorn elektr. verstellbar (mit Memory)\nSitzheizung vorn\nSonnenschutzverglasung (hinten abgedunkelt)\nSound-System Harman-Kardon\nSpiegel-Paket\nSportdifferential\nSportsitze vorn (M-Technic)\nStart/Stop-Anlage (Funktion)\nSteckdose (12V-Anschluß) in Mittelkonsole vorn\nWarndreieck\nWärme-/Sonnenschutzverglasung\nFür weitere Fragen stehen wir gerne zur Verfügung!\nBesichtigung bitte nach vorheriger Terminvereinbarung.\n\nSie finden uns am westlichen Stadtrand von München direkt an der Autobahn A96 Lindau-München!\nWir freuen uns auf Ihren Anruf!\nEingabefehler und Irrtümer vorbehalten.\nDie Fahrzeugbeschreibung ist keine verbindliche Zusicherung und wird nicht Bestandteil des Kaufvertrages.",
  "dealerDetails": {
    "id": 462198,
    "name": "Autohaus Gilching",
    "sellerType": "Dealer",
    "phones": [
      "+49 (0)8105 398992088"
    ],
    "messengers": {
      "WHATS_APP": "+49 (0)170 2122133"
    },
    "languages": [
      "Deutsch",
      "English",
      "Italiano",
      "Français"
    ],
    "country": "DE",
    "address": "Zeppelinstrasse 3, DE-82205 Gilching/Argelsried",
    "location": {
      "latitude": 48.0941893,
      "longitude": 11.3114
    },
    "activeSince": "1999-12-20T00:00:00.000Z",
    "homepageUrl": "https://home.mobile.de/home/redirect.html?customerId=462198",
    "iconUrl": null,
    "reviewPageUrl": "https://www.mobile.de/bewertungen/AH-GILCHING?lang=en",
    "score": {
      "total": 5,
      "responseTime": 5,
      "friendliness": 5,
      "advice": 5
    },
    "activeRatingCount": 3,
    "vehicleAsDescribedPercentage": 100,
    "recommendPercentage": 100,
    "soldVehicleCount": null,
    "reviews": []
  },
  "attributes": {
    "Vehicle condition": "Used vehicle, Accident-free",
    "Category": "Saloon",
    "Model range": "Baureihe M3 Lim. (G80N)(07.2024->)",
    "Trim line": "xDrive Competition M",
    "Origin": "German edition",
    "Mileage": "6,000 km",
    "Cubic Capacity": "2,993 ccm",
    "Power": "390 kW (530 hp)",
    "Drive type": "Internal combustion engine",
    "Fuel": "Petrol",
    "CO₂ class": "Based on CO₂ emissions (combined)",
    "Fuel consumption": [
      "10.1 l/100km (combined)"
    ],
    "Number of Seats": "5",
    "Door Count": "4/5",
    "Transmission": "Automatic",
    "Emission Class": "Euro 6e",
    "Emissions Sticker": "4 (Green)",
    "First Registration": "01/2025",
    "Number of Vehicle Owners": "1",
    "HU": "01/2028",
    "Climatisation": "Automatic climatisation, 3 zones",
    "Parking sensors": "Rear, 360° camera, Front",
    "Airbags": "Front and Side and More Airbags",
    "Colour (Manufacturer)": "Saphierschwarz",
    "Colour": "Black Metallic",
    "Interior Design": "Full leather",
    "Weight": "1,855 kg",
    "Cylinders": "6",
    "Tank capacity": "59 l",
    "Energy consumption (comb.)": "10.1 l/100km",
    "CO₂ emissions (comb.)": "229 g/km"
  },
  "features": [
    "ABS",
    "Adaptive Cruise Control",
    "Alarm system",
    "Alloy wheels",
    "Ambient lighting",
    "Android Auto",
    "Apple CarPlay",
    "Arm rest",
    "Autom. dimming interior mirror",
    "Bluetooth",
    "Central locking",
    "DAB radio",
    "Distance warning system",
    "Dynamic chassis control",
    "Electric seat adjustment",
    "Electric side mirror",
    "Electric tailgate",
    "Electric windows",
    "Eletric seat adjustment with memory function",
    "Emergency brake assist",
    "Emergency call system",
    "Emergency tyre repair kit",
    "ESP",
    "Fog lamp",
    "Folding exterior mirrors",
    "Four-wheel drive",
    "Full Service History",
    "Hands-free kit",
    "Head-up display",
    "Heated seats",
    "High beam assist",
    "Hill-start assist",
    "Induction charging for smartphones",
    "Isofix",
    "Keyless central locking",
    "Lane change assist",
    "Leather steering wheel",
    "LED headlights",
    "Light sensor",
    "Lumbar support",
    "Multifunction steering wheel",
    "Navigation system",
    "Non-smoker vehicle",
    "On-board computer",
    "Paddle shifters",
    "Particulate filter",
    "Power Steering",
    "Rain sensor",
    "Rear traffic alert",
    "Sound system",
    "Speed limit control system",
    "Sport seats",
    "Sports suspension",
    "Start-stop system",
    "Summer tyres",
    "Tinted windows",
    "Touchscreen",
    "Traction control",
    "Traffic sign recognition",
    "Tuner/radio",
    "Tyre pressure monitoring",
    "USB port",
    "Voice control",
    "Warranty",
    "WLAN / Wi-Fi hotspot"
  ]
},
{
  "title": "BMW M3 Competion M xDrive Touring M3 Competion",
  "previewImage": "https://img.classistatic.de/api/v1/mo-prod/images/c6/c62b09f7-cf8f-453b-9dc2-eb774a9a841a?rule=mo-1600.jpg",
  "category": "EstateCar",
  "brand": "BMW",
  "model": "M3",
  "url": "https://suchen.mobile.de/fahrzeuge/details.html?id=431992362",
  "price.total.amount": 89900,
  "priceRating": {
    "rating": "Fair price",
    "priceRanges": {
      "Very good price": {
        "start": 63401,
        "end": 82400
      },
      "Good price": {
        "start": 82401,
        "end": 88800
      },
      "Fair price": {
        "start": 88801,
        "end": 98800
      },
      "Increased price": {
        "start": 98801,
        "end": 106000
      },
      "High price": {
        "start": 106001,
        "end": 117800
      }
    }
  },
  "description": "Zum Verkauf steht ein Top gepflegter BMW M3 Touring mit fast Allem an Sonderausstattung und Werksgarantie.\n\nIndividualausstattung:\n- BMW Individual Frozen Pure Grey metallic\n\nSonderausstattung:\n- Akustikverglasung\n- M Leuchten Shadow Line\n- Gepäckraumpaket\n- Sonnenschutzverglasung\n- M Sicherheitsgurte\n- Fernlichtassistent\n- Driving Assistant\n- BMW Laserlicht\n- Parking Assistant Plus\n- Harman Kardon \n- BMW Drive Recorder\n- M Race Track Paket\n- M Drive Professional\n- M Carbon Keramik Bremse\n- M Carbon Schalensitze\n- BMW Live Cockpit Professional\n- M Driver`s Package\n\nBesichtigung und Probefahrt sind nach Absprache möglich.\n\nRechtlicher Hinweis (Privatverkauf):\nDer Verkauf erfolgt unter Ausschluss jeglicher Sachmängelhaftung (Gewährleistung). Keine Garantie, keine Rücknahme. Die Fahrzeugbeschreibung wurde nach bestem Wissen und Gewissen erstellt. Irrtümer, Tippfehler und Zwischenverkauf vorbehalten.",
  "dealerDetails": {
    "id": 40028135,
    "sellerType": "Private Seller",
    "country": "DE",
    "address": "DE-52372 Kreuzau",
    "location": {
      "latitude": 50.7380994,
      "longitude": 6.4905127
    },
    "iconUrl": null,
    "reviewPageUrl": null,
    "score": null,
    "activeRatingCount": null,
    "vehicleAsDescribedPercentage": null,
    "recommendPercentage": null,
    "soldVehicleCount": null,
    "reviews": []
  },
  "attributes": {
    "Vehicle condition": "Used vehicle, Accident-free",
    "Category": "Estate car",
    "Mileage": "6,450 km",
    "Cubic Capacity": "2,993 ccm",
    "Power": "375 kW (510 hp)",
    "Drive type": "Internal combustion engine",
    "Fuel": "Petrol",
    "Number of Seats": "5",
    "Door Count": "4/5",
    "Transmission": "Automatic",
    "Emission Class": "Euro6",
    "Emissions Sticker": "4 (Green)",
    "First Registration": "05/2024",
    "Number of Vehicle Owners": "1",
    "HU": "05/2027",
    "Climatisation": "Automatic climatisation, 3 zones",
    "Parking sensors": "360° camera, Front, Self-steering systems, Rear",
    "Airbags": "Front and Side and More Airbags",
    "Colour": "Grey",
    "Interior Design": "Full leather, Black"
  },
  "features": [
    "ABS",
    "Adaptive cornering lights",
    "Adaptive Cruise Control",
    "Alarm system",
    "Alloy wheels",
    "Ambient lighting",
    "Android Auto",
    "Apple CarPlay",
    "Arm rest",
    "Autom. dimming interior mirror",
    "Blind spot assist",
    "Bluetooth",
    "Cargo barrier",
    "Central locking",
    "DAB radio",
    "Digital cockpit",
    "Distance warning system",
    "Electric seat adjustment",
    "Electric side mirror",
    "Electric tailgate",
    "Electric windows",
    "Emergency brake assist",
    "Emergency call system",
    "Emergency tyre repair kit",
    "ESP",
    "Fatigue warning system",
    "Four-wheel drive",
    "Full Service History",
    "Glare-free high beam headlights",
    "Hands-free kit",
    "Headlight washer system",
    "Head-up display",
    "Heated seats",
    "High beam assist",
    "Hill-start assist",
    "Immobilizer",
    "Induction charging for smartphones",
    "Integrated music streaming",
    "Isofix",
    "Lane change assist",
    "Laser headlights",
    "Leather steering wheel",
    "LED running lights",
    "Light sensor",
    "Lumbar support",
    "Multifunction steering wheel",
    "Navigation system",
    "Non-smoker vehicle",
    "On-board computer",
    "Paddle shifters",
    "Particulate filter",
    "Power Steering",
    "Rain sensor",
    "Sound system",
    "Speed limit control system",
    "Sport seats",
    "Sports package",
    "Sports suspension",
    "Start-stop system",
    "Summer tyres",
    "Touchscreen",
    "Traction control",
    "Traffic sign recognition",
    "Tuner/radio",
    "Tyre pressure monitoring",
    "USB port",
    "Voice control",
    "Warranty",
    "WLAN / Wi-Fi hotspot"
  ]
},
{
  "title": "BMW M3 Competition ***EINZELSTÜCK***",
  "previewImage": "https://img.classistatic.de/api/v1/mo-prod/images/be/be2dd33a-74ed-4639-8434-88b52a3368ec?rule=mo-1600.jpg",
  "category": "Limousine",
  "brand": "BMW",
  "model": "M3",
  "url": "https://suchen.mobile.de/fahrzeuge/details.html?id=433915463",
  "price.total.amount": 89990,
  "priceRating": {
    "rating": "High price",
    "priceRanges": {
      "Very good price": {
        "start": 53101,
        "end": 69100
      },
      "Good price": {
        "start": 69101,
        "end": 74400
      },
      "Fair price": {
        "start": 74401,
        "end": 82700
      },
      "Increased price": {
        "start": 82701,
        "end": 88800
      },
      "High price": {
        "start": 88801,
        "end": 98700
      }
    }
  },
  "description": "Herzlich Willkommen im Mitsubishi Autohaus Nieß in Hoyerswerda. Unser zuverlässiges Team ist seit 1990 für Sie vor Ort und wir bieten Ihnen das Rundumsorglospaket für Ihr Wunschfahrzeug.\n\nAngeboten wird ein BMW M3 Competition den es so kein zweites Mal gibt !!!\n\nSonderanbauten:\n\nWheel Force CF.3 - FF GLOSS STEEL auf Michelin Pilot Sport4\n285/30 ZR 20\" vorn und 295/25 ZR 21\" hinten\nKW V4 Gewindefahrwerk stufenlos einstellbar (riesen Unterschied zum Original)\nBTM High Performance Abgasanlage (Klang ist einfach mega!)\nDINAN Ansaugsystem\nMotorabdeckung AC Schnitzer\nM Performance Kniepads Alcantara\nM Performance Armauflage Alcantara\nM Performance Fussmatten\nEmblem 50 Jahre Motorhaube\nEmblem 50 Jahre Heckklappe\nCarbon Canards vorn\nSeitenschweller Carbon\nHeckspoiler Carbon\nTagfahrlicht Gelb M3CSL\nOriginal M3 Leichtmetallfelgen auf Winterreifen\n\nAlles zusammen über 18.000,- € nur an Materialkosten\n\nHighlights:\n\nM Race Track Paket mit:\nCarbon-Keramik-Bremsanlage\nV/max Aufhebung\nM Driver's Package\nM Carbon Schalensitze mit Memory Funktion\nM Interieurleisten 'Carbon Fibre'\nM Drive Professional\n\nSonderausstattung:\n\nLaserlicht\nBMW Display-Key\nFernlichtassistent\nShadow-line\nMetallic-Lackierung\nScheinwerfer BMW Individual Shadow-Line\nSicherheitsgurte M\nSonnenschutzverglasung (hinten abgedunkelt)\nSound-System Harman-Kardon\n\nAusstattungs Pakete:\n\nRace Track Paket\nSpiegel Paket\nParkassistent Paket plus\nConnected Professional\nConnected Teaser\nAblage Paket\n\nWeitere Ausstattung:\n\nAdaptives Fahrwerk M-Technic\nAktives M Differential\nAmbiente-Beleuchtung\nShadow-Line Hochglanz (erweiterter Umfang)\nBedienelemente galvanisiert\nBlinkleuchte in Außenspiegel integriert\nBMW Live Cockpit Professional\nBordcomputer, Competition\nDAB-Tuner (Radioempfang digital)\nDachhimmel Anthrazit (BMW Individual)\nDurchladeeinrichtung (Mittelarmlehne hinten)\nDynamische Stabilitäts-Control (DSC) mit erweiterter Umfang\nActive Guard (Bremsassistent)\nAufmerksamkeits-Assistent\nFreisprecheinrichtung Bluetooth mit USB-/Audio-Schnittstelle\nGetriebe Automatik - mit Steptronic und Drivelogic (8-Stufen)\nGetränkehalter\nHeckleuchten LED\nInduktionsladeschale für Smartphone (Wireless Charging)\nInnenspiegel mit Abblendautomatik\nInstrumentenkombination (erweiterter Umfang)\nKennzeichenbeleuchtung LED\nKlimaautomatik 3-Zonen mit autom. Umluft-Control\nLeichtbaudach (kohlefaserverstärkter Kunststoff, CFK)\nLeuchtweitenregelung\nM Drive (Fahrprofilauswahl)\nM Drive Professional (Fahrprofilauswahl)\nMotor 3,0 Ltr. - 375 kW 24V TwinTurbo KAT (S58)\nMultifunktion für Lenkrad\nPark-Distance-Control (PDC) vorn und hinten\nParkbremse elektrisch\nReifendruck-Kontrollsystem\nSchaltpunktanzeige\nSportdifferential\n\nBei uns können Sie Ihren Kaufwunsch günstig finanzieren, auch ohne Anzahlung. Ihr bisheriges Fahrzeug nehmen wir selbstverständlich in Zahlung. Wir freuen uns schon auf Ihren Besuch!\n\nBitte haben Sie dafür Verständnis, dass wir auch einmal Fehler machen können.\nWir behalten uns deshalb auch Eingabefehler und Irrtümer, insbesondere zu den technischen Angaben und zum angebotenen Ausstattungsumfang ausdrücklich vor und sind explizit unverbindlich!\n\nMit freundlichen Grüßen\nIhr Autohaus Nieß GmbH\n\nMitsubishi Vertragshändler\nWittichenauer-Str.50\n02977 Hoyerswerda\nTelefon: 03571/421415\nTelefax: 03571/408482\nE-Mail : info@autohaus-niess.de",
  "dealerDetails": {
    "id": 2132607,
    "name": "Autohaus Nieß GmbH",
    "sellerType": "Dealer",
    "phones": [
      "+49 (0)3571 902503850"
    ],
    "languages": [
      "Deutsch",
      "English"
    ],
    "country": "DE",
    "address": "Wittichenauer Str. 50, DE-02977 Hoyerswerda",
    "location": {
      "latitude": 51.42361080000001,
      "longitude": 14.2266773
    },
    "activeSince": "2009-01-14T00:00:00.000Z",
    "homepageUrl": "https://home.mobile.de/home/redirect.html?customerId=2132607",
    "iconUrl": "https://img.classistatic.de/api/v1/mo-prod/images/d5/d5261ca1-074b-4018-9b53-8b060e406cdf?rule=mo-640.jpg",
    "reviewPageUrl": "https://www.mobile.de/bewertungen/AUTOHAUSNIESS?lang=en",
    "score": {
      "total": 4.6,
      "responseTime": 4.7,
      "friendliness": 4.8,
      "advice": 4.3
    },
    "activeRatingCount": 6,
    "vehicleAsDescribedPercentage": 83,
    "recommendPercentage": 83,
    "soldVehicleCount": null,
    "reviews": []
  },
  "attributes": {
    "Vehicle condition": "Used vehicle, Accident-free",
    "Category": "Saloon",
    "Model range": "Baureihe M3 Lim. (G80)(2020->)",
    "Trim line": "Competition",
    "Availability": "Now",
    "Origin": "German edition",
    "Mileage": "25,350 km",
    "Cubic Capacity": "2,993 ccm",
    "Power": "375 kW (510 hp)",
    "Drive type": "Internal combustion engine",
    "Fuel": "Petrol",
    "Number of Seats": "5",
    "Door Count": "4/5",
    "Transmission": "Automatic",
    "Emission Class": "Euro6d",
    "Emissions Sticker": "4 (Green)",
    "First Registration": "05/2022",
    "Number of Vehicle Owners": "3",
    "HU": "New",
    "Climatisation": "Automatic climatisation, 3 zones",
    "Parking sensors": "Camera, Rear, Front",
    "Airbags": "Front and Side and More Airbags",
    "Colour (Manufacturer)": "PORTIMAO BLAU METALLIC",
    "Colour": "Blue Metallic",
    "Interior Design": "Alcantara, Black",
    "Weight": "1,805 kg",
    "Cylinders": "6",
    "Tank capacity": "59 l"
  },
  "features": [
    "ABS",
    "Adaptive cornering lights",
    "Alarm system",
    "Alloy wheels",
    "Ambient lighting",
    "Android Auto",
    "Apple CarPlay",
    "Arm rest",
    "Autom. dimming interior mirror",
    "Blind spot assist",
    "Bluetooth",
    "Central locking",
    "Cruise control",
    "DAB radio",
    "Digital cockpit",
    "Dynamic chassis control",
    "Electric seat adjustment",
    "Electric side mirror",
    "Electric windows",
    "Eletric seat adjustment with memory function",
    "Emergency brake assist",
    "Emergency call system",
    "Emergency tyre repair kit",
    "ESP",
    "Fatigue warning system",
    "Fog lamp",
    "Folding exterior mirrors",
    "Full Service History",
    "Glare-free high beam headlights",
    "Hands-free kit",
    "Headlight washer system",
    "Head-up display",
    "Heated rear seats",
    "Heated seats",
    "Heated steering wheel",
    "High beam assist",
    "Hill-start assist",
    "Immobilizer",
    "Induction charging for smartphones",
    "Isofix",
    "Keyless central locking",
    "Lane change assist",
    "Laser headlights",
    "Leather steering wheel",
    "LED running lights",
    "Light sensor",
    "Lumbar support",
    "Multifunction steering wheel",
    "Navigation system",
    "Non-smoker vehicle",
    "On-board computer",
    "Paddle shifters",
    "Particulate filter",
    "Power Steering",
    "Rain sensor",
    "Rear wheel drive",
    "Sound system",
    "Speed limit control system",
    "Sport seats",
    "Sports package",
    "Sports suspension",
    "Start-stop system",
    "Summer tyres",
    "Tinted windows",
    "Touchscreen",
    "Traction control",
    "Traffic sign recognition",
    "Tuner/radio",
    "Tyre pressure monitoring",
    "USB port",
    "Voice control",
    "Warranty",
    "Winter package",
    "Winter tyres"
  ]
},
{
  "title": "BMW M3 Competition DAB h&k Lenkradheizung Ad.-LED",
  "previewImage": "https://img.classistatic.de/api/v1/mo-prod/images/6e/6e188b4a-d02a-45b3-b07a-09c37107d06f?rule=mo-1600.jpg",
  "category": "Limousine",
  "brand": "BMW",
  "model": "M3",
  "url": "https://suchen.mobile.de/fahrzeuge/details.html?id=423905239",
  "price.total.amount": 89900,
  "priceRating": {
    "rating": "Good price",
    "priceRanges": {
      "Very good price": {
        "start": 68001,
        "end": 88400
      },
      "Good price": {
        "start": 88401,
        "end": 95200
      },
      "Fair price": {
        "start": 95201,
        "end": 105800
      },
      "Increased price": {
        "start": 105801,
        "end": 113600
      },
      "High price": {
        "start": 113601,
        "end": 126200
      }
    }
  },
  "description": "Sonderausstattung\nMetallic-Lackierung\nS01U0 19'/20' M Schmiederäder Doppelspeiche 826 M Schwarz mit Mischbereifung\nS0248 Lenkradheizung\nS03KA Akustikverglasung\nS03MF M Leuchten Shadow Line\nS04MC M Interieurleisten Carbon Fibre\nS04NW Instrumententafel Luxury\nS05AC Fernlichtassistent\nS05AL Active Protection\nS05AU Driving Assistant Professional\nS05DN Parking Assistant Plus\nS06DR BMW Drive Recorder\nS07A2 Innovationspaket\n\nSonderausstattung ab Werk\nM Sportdifferenzial\nReifenreparatur Set\nAdaptives Fahrwerk\nAlarmanlage\nAutomatische Heckklappenbetätigung\nKomfortzugang\nSonnenschutzverglasung\nInnen- und Außenspiegelpaket\nInnenspiegel.automatisch abblendend\nSitzverstellung elektrisch mit Memory\nLordosenstütze für Fahrer und Beifahrer\nAblagenpaket\nSitzheizung für Fahrer und Beifahrer\nM Sicherheitsgurte\nGalvanikapplikation für Bedienelemente\nKlimaautomatik mit 2-Zonen-Regelung\nAdaptiver LED-Scheinwerfer\nHarman Kardon Surround Sound System\nWireless Charging Ablage\nBMW Live Cockpit Professional\nM Sportsitze\nM Hochglanz Shadow Line\nM Dachhimmel anthrazit\nBMW Individual Hochglanz Shadow Line mit erweiterten Umfängen\n\n\nGarantie\nBMW Premium Selection\nAktionszielfinanzierung 5,99%\nRate: 999,00 Euro/Monat\nLaufzeit: 36 Monate\nEff. Jahreszins: 5,99 %\nSollzins p.a.: 5,84 % gebunden\nAnzahlung: 25.900,00 Euro\nSchlussrate: 38.011,67 Euro\nBearbeitungsgebühr: 0,00 Euro\nNettodarlehensbetrag: 64.000,00 Euro\nDarlehensgesamtbetrag: 72.976,67 Euro\n\nAnbieter: BMW Bank GmbH, Lilienthalallee 26, D-80939 München\nRepräsentatives Beispiel: Vorstehende Angaben stellen zugleich das 2/3 Beispiel gem. § 6a Abs. 3PAngV dar.\n\n\nIrrtümer und Zwischenverkauf vorbehalten.\n\n(MOJS 24.08.2025 01.22)",
  "dealerDetails": {
    "id": 455002,
    "name": "Auto-Zentrum Bernhard Ernst GmbH & Co. KG",
    "sellerType": "Dealer",
    "phones": [
      "+49 (0)2302 289450524"
    ],
    "languages": [
      "Deutsch",
      "English",
      "Türkçe"
    ],
    "country": "DE",
    "address": "Crengeldanzstrasse 83, DE-58455 Witten",
    "location": {
      "latitude": 51.4506757,
      "longitude": 7.3252466
    },
    "activeSince": "2002-08-28T00:00:00.000Z",
    "homepageUrl": "https://home.mobile.de/home/redirect.html?customerId=455002",
    "iconUrl": "https://img.classistatic.de/api/v1/mo-prod/images/4a/4ae17180-5b50-426f-9340-68742aa9d0c0?rule=mo-640.jpg",
    "reviewPageUrl": "https://www.mobile.de/bewertungen/AZ-WITTEN?lang=en",
    "score": {
      "total": 4.7,
      "responseTime": 4.6,
      "friendliness": 4.7,
      "advice": 4.7
    },
    "activeRatingCount": 22,
    "vehicleAsDescribedPercentage": 94,
    "recommendPercentage": 94,
    "soldVehicleCount": null,
    "reviews": []
  },
  "attributes": {
    "Vehicle condition": "Used vehicle",
    "Category": "Saloon, Employee's Car",
    "Model range": "G80",
    "Trim line": "M3",
    "Vehicle Number": "5581242",
    "Availability": "Now",
    "Origin": "German edition",
    "Mileage": "131 km",
    "Cubic Capacity": "2,993 ccm",
    "Power": "375 kW (510 hp)",
    "Drive type": "Internal combustion engine",
    "Fuel": "Petrol, E10-enabled",
    "CO₂ class": "Based on CO₂ emissions (combined)",
    "Fuel consumption": [
      "9.9 l/100km (combined)"
    ],
    "Energy costs for 15,000 km annual mileage": "€2,667/Year",
    "Fuel price": "€1.80/l (annual average 2025)",
    "Vehicle tax": "€420/Year",
    "Number of Seats": "5",
    "Door Count": "4/5",
    "Transmission": "Automatic",
    "Emission Class": "Euro 6e",
    "Emissions Sticker": "4 (Green)",
    "First Registration": "01/2025",
    "Number of Vehicle Owners": "1",
    "HU": "New",
    "Climatisation": "Automatic climatisation, 3 zones",
    "Parking sensors": "Self-steering systems, Rear, 360° camera, Front",
    "Airbags": "Front and Side and More Airbags",
    "Colour (Manufacturer)": "Skyscraper Grau metallic",
    "Colour": "Grey Metallic",
    "Interior Design": "Full leather, Black",
    "Weight": "1,805 kg",
    "Cylinders": "6",
    "Tank capacity": "59 l",
    "Energy consumption (comb.)": "9.9 l/100km",
    "CO₂ emissions (comb.)": "220 g/km"
  },
  "features": [
    "ABS",
    "Adaptive cornering lights",
    "Adaptive Cruise Control",
    "Alarm system",
    "Alloy wheels",
    "Ambient lighting",
    "Android Auto",
    "Apple CarPlay",
    "Arm rest",
    "Autom. dimming interior mirror",
    "Blind spot assist",
    "Bluetooth",
    "Central locking",
    "DAB radio",
    "Digital cockpit",
    "Distance warning system",
    "Dynamic chassis control",
    "Electric seat adjustment",
    "Electric side mirror",
    "Electric tailgate",
    "Electric windows",
    "Emergency brake assist",
    "Emergency call system",
    "ESP",
    "Fatigue warning system",
    "Folding exterior mirrors",
    "Full Service History",
    "Glare-free high beam headlights",
    "Hands-free kit",
    "Head-up display",
    "Heated seats",
    "Heated steering wheel",
    "High beam assist",
    "Hill-start assist",
    "Immobilizer",
    "Induction charging for smartphones",
    "Integrated music streaming",
    "Isofix",
    "Keyless central locking",
    "Lane change assist",
    "Leather steering wheel",
    "LED headlights",
    "LED running lights",
    "Light sensor",
    "Lumbar support",
    "Multifunction steering wheel",
    "Navigation system",
    "Non-smoker vehicle",
    "On-board computer",
    "Paddle shifters",
    "Particulate filter",
    "Power Steering",
    "Rain sensor",
    "Rear traffic alert",
    "Rear wheel drive",
    "Sound system",
    "Speed limit control system",
    "Sport seats",
    "Sports package",
    "Sports suspension",
    "Start-stop system",
    "Tinted windows",
    "Touchscreen",
    "Traction control",
    "Traffic sign recognition",
    "Tuner/radio",
    "Tyre pressure monitoring",
    "USB port",
    "Voice control",
    "Warranty",
    "WLAN / Wi-Fi hotspot"
  ]
},
{
  "title": "BMW M3 Touring xDrive LCProf. HUD Laser PA+ H/K",
  "previewImage": "https://img.classistatic.de/api/v1/mo-prod/images/b5/b5c94f41-9e05-4616-b5e6-d97dd75fe989?rule=mo-1600.jpg",
  "category": "EstateCar",
  "brand": "BMW",
  "model": "M3",
  "url": "https://suchen.mobile.de/fahrzeuge/details.html?id=431999602",
  "price.total.amount": 89990,
  "priceRating": {
    "rating": "Fair price",
    "priceRanges": {
      "Very good price": {
        "start": 63001,
        "end": 81900
      },
      "Good price": {
        "start": 81901,
        "end": 88200
      },
      "Fair price": {
        "start": 88201,
        "end": 98100
      },
      "Increased price": {
        "start": 98101,
        "end": 105300
      },
      "High price": {
        "start": 105301,
        "end": 117000
      }
    }
  },
  "description": "Antrieb, Fahrwerk\nAdaptives M Fahrwerk\nAllrad\nBremsanlage: Compound - M Bremssystem (Bremssättel Rot)\nM Drive Professional\nM Sportdifferential\nSportfahrwerk\n\nAußenausstattung\nDachreling Hochglanz Shadow-Line\nHeckklappenbetätigung automatisch\nWärme-/Sonnenschutzverglasung\n\nEditionen und Pakete\nAblagenpaket\nConnectedDrive Services (laufzeitgebundener Dienst)\nConnectedPackage Professional (laufzeitgebundener Dienst)\nExterieur-Paket M Carbon\nInnovations-Paket\nM Driver´s Package\n\nExterieur\nDach und Spiegelkappen schwarz\nDachreling\nElektrische Gepäckraumklappe\n\nFahrerassistenz\nGeschwindigkeitsregelung mit Bremsfunktion\nGesetzlicher Notruf\nPark Distance Control (PDC)\nParkassistent-Paket Plus\nRückfahrkamera\nSpurwechselwarnung\nTeleServices\n\nIndividualumfänge\nBMW Individual Dachreling Hochglanz Shadow Line\nBMW Individual Hochglanz Shadow Line\nBMW Individual Hochglanz Shadow Line mit erweiterten Umfängen\nDachhimmel Individual anthrazit\nScheinwerfer BMW Individual Shadow-Line\n\nKomfort, Innenausstattung\nAmbiente-Beleuchtung\nAußenspiegel elektr. anklappbar\nAußenspiegel elektr. verstell- und heizbar\nBordcomputer\nDAB-Tuner (Radioempfang digital)\nDurchladeeinrichtung (Mittelarmlehne hinten)\nDurchladesystem\nEinparkhilfe Sensoren vorne\nFensterheber elektrisch\nFensterheber, elektrisch\nFondkopfstützen klappbar\nFunkfernbedienung\nGalvanikapplikation für Bedienelemente\nInnen- und Aussenspiegel automatisch abblendend\nInnenausstattung: Interieurleisten Carbon\nInstrumententafel Sensatec\nKeyless Entry\nKlimaautomatic\nKomfortzugang (Öffnungs- und Schließsystem)\nLeder\nLederlenkrad\nLordose\nM Schalensitze Carbon\nMultifunktionslenkrad\nSicherheitsgurte M\nSitzheizung\nSitzheizung fuer Fahrer und Beifahrer\nSitzverstellung, elektrisch mit Memory\nSonnenschutzverglasung (hinten abgedunkelt)\nZentralverriegelung\n\nMultimedia\nBluetooth\nBMW Live Cockpit Professional\nBordcomputer\nDAB Tuner\nFreisprecheinrichtung\nSound-System Harman-Kardon\nTelefon\nUSB Schnittstelle\n\nRäder\nLM-Felgen\nRadschraubensicherung\n\nSitzbezug\nLEDER MERINO SCHWARZ\n\nSonstiges\nAbdeckkappen Außenspiegel M Carbon\nAblage für Wireless Charging \nActive Guard\nBlow by-Heizer\nBMW Curved Display\nCO2-Umfang\nControl-Display mit Farbmonitor (14,9 Zoll)\nDeutsch / Bordliteratur\nDeutschland-Ausfuehrung\nElektrisch verstellbare Spiegel\nEU-spezifische Zusatzumfaenge\nFahrassistenz-System: Frontkollisionswarnung\nFahrassistenz-System: Heckaufprall-Vermeidung (Prävention Heckkollision)\nFahrassistenz-System: Querverkehrs-Assistent\nFahrassistenz-System: Rückfahr-Assistent\nFahrassistenz-System: Spurwechselassistent\nFahrassistenz-System: Spurwechsel-Warnsystem\nHeckdiffusor Carbon\nKältemittel\nKilometertacho\nMetallic-Lackierung Frozen Orange\nMüdigkeitswarnsystem\nNotrufsystem\nÖlwartungsintervall 24 Monate/30.000 km\nReifendruckkontrollsystem\nRückfahrkamera (Top View)\nSteuerung Infotainment\nSteuerung Karosserie\nSurround-Kamerasystem (Surround View)\n\nUmwelt, Sicherheit\nAbgasnorm EU6 RDE II\nABS\nAktiver Fussgängerschutz\nAlarmanlage\nAuto Start/Stop Funktion \nBeifahrerairbag\nBeifahrerairbag-Deaktivierung\nESP\nFahrassistenz-System: Driving Assistant\nFahrassistenz-System: Fernlichtassistent\nFahrerairbag\nInnenspiegel, automatisch abblendend\nKindersitzbefestigung ISOFIX\nKopfairbag\nNotbremsassistent\nPASM\nRegensensor\nReifen Druck Control\nScheinwerfer Laserlicht\nSeitenairbag\nTraction Control\nWarndreieck\nWegfahrsperre\n\nBeim dem Fahrzeug ist zusätzlich noch ein KW-Gewindefahrwerk verbaut, Spurplatten verbaut und es wurde eine professionelle Keramikversiegelung durchgeführt!!!\n\n- Gerne nehmen wir Ihr jetziges Fahrzeug zu marktgerechten Preisen in Zahlung\n- Fragen Sie nach Ihren individuellen Leasing- und/oder Finanzierungskonditionen\n- Probefahrt nach Terminabsprache gerne möglich\n- Besuchen Sie unsere Homepage autohaus-schaal.de und erfahren alles über unser Familienunternehmen und unsere Serviceleistungen\n- Wir sind ein autorisierter BMW und MINI Vertragshändler und haben permanent über 100 Fahrzeuge an Lager\n\nIhr Ansprechpartner für dieses Fahrzeug ist JULIAN WAGNER Tel: 06553 925018.\n\nEingabefehler, Irrtümer und Zwischenverkauf vorbehalten. Die gemachten Angaben in Anzeigen, Internet, Preisschildern und Bildern sind unverbindliche Beschreibungen und dienen nicht als zugesicherte Eigenschaften. Der Verkäufer übernimmt keine Haftung für Tipp- und Datenübermittlungsfehler. Aufgeführte Ausstattungen sind ggfs. gesondert zu prüfen. Alle Angaben in den Inseraten sind unverbindlich und ohne Gewähr. Wir freuen uns auf Ihren",
  "dealerDetails": {
    "id": 462733,
    "name": "Autohaus Schaal GmbH",
    "sellerType": "Dealer",
    "phones": [
      "+49 (0)6561 699812956"
    ],
    "languages": [
      "Deutsch",
      "English"
    ],
    "country": "DE",
    "address": "Graf-Zeppelin-Strasse 4, DE-54634 Bitburg",
    "location": {
      "latitude": 49.95026190000001,
      "longitude": 6.540861199999999
    },
    "activeSince": "2003-06-13T00:00:00.000Z",
    "homepageUrl": "https://home.mobile.de/home/redirect.html?customerId=462733",
    "iconUrl": "https://img.classistatic.de/api/v1/mo-prod/images/c9/c961417b-9909-419a-ba5c-1ed2ada74505?rule=mo-640.jpg",
    "reviewPageUrl": "https://www.mobile.de/bewertungen/AH-SCHAAL?lang=en",
    "score": {
      "total": 4.5,
      "responseTime": 4.5,
      "friendliness": 4.7,
      "advice": 4.4
    },
    "activeRatingCount": 31,
    "vehicleAsDescribedPercentage": 100,
    "recommendPercentage": 96,
    "soldVehicleCount": null,
    "reviews": []
  },
  "attributes": {
    "Vehicle condition": "Used vehicle, Accident-free",
    "Category": "Estate car",
    "Model range": "G81",
    "Trim line": " xDrive LCProf. HUD Laser PA+ H/K",
    "Vehicle Number": "B21887FS34341",
    "Availability": "Now",
    "Origin": "German edition",
    "Mileage": "4,350 km",
    "Cubic Capacity": "2,993 ccm",
    "Power": "375 kW (510 hp)",
    "Drive type": "Internal combustion engine",
    "Fuel": "Petrol, E10-enabled",
    "Number of Seats": "5",
    "Door Count": "4/5",
    "Transmission": "Automatic",
    "Emission Class": "Euro6d",
    "First Registration": "12/2023",
    "Construction Year": "2023",
    "Number of Vehicle Owners": "1",
    "HU": "12/2026",
    "Climatisation": "Automatic climatisation, 3 zones",
    "Parking sensors": "360° camera, Self-steering systems, Front, Rear",
    "Airbags": "Front and Side and More Airbags",
    "Colour (Manufacturer)": "Marina Bay Blue",
    "Colour": "Blue Metallic",
    "Interior Design": "Full leather, Black",
    "Weight": "1,940 kg",
    "Tank capacity": "59 l"
  },
  "features": [
    "ABS",
    "Adaptive cornering lights",
    "Alarm system",
    "Alloy wheels",
    "Ambient lighting",
    "Android Auto",
    "Apple CarPlay",
    "Arm rest",
    "Autom. dimming interior mirror",
    "Blind spot assist",
    "Bluetooth",
    "Cargo barrier",
    "CD player",
    "Central locking",
    "Cruise control",
    "DAB radio",
    "Daytime running lights",
    "Digital cockpit",
    "Distance warning system",
    "Dynamic chassis control",
    "Electric seat adjustment",
    "Electric side mirror",
    "Electric tailgate",
    "Electric windows",
    "Eletric seat adjustment with memory function",
    "Emergency brake assist",
    "Emergency call system",
    "ESP",
    "Fatigue warning system",
    "Folding exterior mirrors",
    "Four-wheel drive",
    "Full Service History",
    "Glare-free high beam headlights",
    "Hands-free kit",
    "Head-up display",
    "Heated seats",
    "Heated windshield",
    "High beam assist",
    "Hill-start assist",
    "Immobilizer",
    "Induction charging for smartphones",
    "Integrated music streaming",
    "Isofix",
    "Keyless central locking",
    "Lane change assist",
    "Laser headlights",
    "Leather steering wheel",
    "Light sensor",
    "Lumbar support",
    "Multifunction steering wheel",
    "Navigation preparation",
    "Navigation system",
    "Non-smoker vehicle",
    "On-board computer",
    "Paddle shifters",
    "Particulate filter",
    "Power Steering",
    "Rain sensor",
    "Rear traffic alert",
    "Roof rack",
    "Sound system",
    "Speed limit control system",
    "Sport seats",
    "Sports package",
    "Sports suspension",
    "Start-stop system",
    "Summer tyres",
    "Tinted windows",
    "Touchscreen",
    "Traction control",
    "Traffic sign recognition",
    "Tuner/radio",
    "Tyre pressure monitoring",
    "USB port",
    "Voice control",
    "Warranty"
  ]
},
{
  "title": "BMW M3 xDrive Competition|Carbon|Keramik|Schalensitz",
  "previewImage": "https://img.classistatic.de/api/v1/mo-prod/images/b8/b84e75fb-8efc-40e7-abc9-21c351f1c804?rule=mo-1600.jpg",
  "category": "EstateCar",
  "brand": "BMW",
  "model": "M3",
  "url": "https://suchen.mobile.de/fahrzeuge/details.html?id=424109571",
  "price.total.amount": 89990,
  "priceRating": {
    "rating": "Fair price",
    "priceRanges": {
      "Very good price": {
        "start": 60701,
        "end": 78900
      },
      "Good price": {
        "start": 78901,
        "end": 85000
      },
      "Fair price": {
        "start": 85001,
        "end": 94500
      },
      "Increased price": {
        "start": 94501,
        "end": 101400
      },
      "High price": {
        "start": 101401,
        "end": 112700
      }
    }
  },
  "description": "• Sollten wir für dieses Angebot Ihr Interesse geweckt haben, rufen Sie unter der Tel.Nr. 0163/3330101 an und lassen sich von unserem Verkaufsteam persönlich beraten.\n• Gerne nehmen wir auch Ihr altes Fahrzeug in Zahlung, oder erstellen ein auf Sie zugeschnittenes Finanzierungsmodell. Wir freuen uns auf Ihren Besuch. Ihr ROYAL CARS TEAM. \n• Ausfuhrkennzeichen in ca. 30 Minuten möglich\n• Kurzzeitkennzeichen\n• ZOLL/ Ausfuhr möglich\n\n\nSiegelprüfung:\nBei unseren Gebrauchtfahrzeugen bieten wir Ihnen zur Absicherung eine Siegelprüfung / Zustandsbericht über unsere Tüv Partner Dekra Leipzig oder GTü an.\n\nFahrzeugaufbereitung:\nDas Alter unserer Fahrzeuge spielt bei uns keine Rolle. Alle unsere Autos werden direkt bei uns vor Ort professionell und hochwertig für Sie aufbereitet.\n\nAbwicklung:\nUnser Ziel ist es, dass Sie Ihren neuen Traumwagen schnellstmöglich erhalten. In der Regel steht Ihnen das Fahrzeug innerhalb nur weniger Stunden zur Verfügung.\n\n\n+ + + Gerne holen wir Sie vom Hauptbahnhof Leipzig ab. + + +\nWir helfen Ihnen bei der Zulassung von Fahrzeugen und Sie bekommen bei uns AUSFUHRKENNZEICHEN!!!\n+ + Für unsere Kunden erledigen wir gerne Zollformalitäten, Versicherung, COC-Papiere etc. + +\nUnter 0176-24820744/ 017676166465 erreichen Sie uns auch außerhalb der üblichen Bürozeiten (7Tage 07:00-22:00)\n+ + Für weitere Fragen stehen wir gerne jederzeit auch telefonisch zur Verfügung. WIR FREUEN UNS ÜBER IHREN ANRUF! + +\n\n\n+ + + We pick you up at Leipzig Mainstation. + + +\nWe help you with the registration of your car and you get EXPORT-PLATES from us!!!\n+ + For our Clints, we can proceed with customs formalities, Insurance, COC and export papers + +\nUnder 0176-24820744/ 017676166465 you reach us also outside of usual office hours (7days 07:00-22:00)\n+ + For further questions we are available gladly at any time also by telephone. WE BEING PLEASED US ABOUT YOUR CALL! + +\n\n\nINZAHLUNGNAHME MÖGLICH\nDie im Inserat gemachten Angaben sind unverbindliche Beschreibungen. Sie stellen keine zusgesicherten Eigenschaften dar. Der Verkäufer haftet nicht für Irrtümer, Eingabefehler und Datenübermittlungsfehler / Änderungen, Zwischenverkauf und Irrtümer vorbehalten.Sonderausstattung:\nBMW Live Cockpit Professional, Exterieur-Paket M Carbon, Fahrassistenz-System: Driving Assistant Professional, Gepäckraum-Paket, Innenausstattung: BMW Individual Voll-Leder Merino (Fiona-Rot / Schwarz), Innovations-Paket, Lenkrad heizbar, LM-Felgen vorn/hinten: 9,5x19 / 10,5x20 (Doppelspeichen 826 M, Bicolor, Schwarz), M Race Track Paket, Metallic-Lackierung, Parkassistent-Paket Plus, Scheinwerfer BMW Individual Shadow-Line, Sicherheitsgurte M, Sicherheitssystem Active Protection, Sonnenschutzverglasung (hinten abgedunkelt), Sound-System Harman-Kardon, Verglasung Akustikglas\n\nWeitere Ausstattung:∗∗\nAblage-Paket, Adaptives Fahrwerk M-Technic, Airbag Beifahrerseite abschaltbar, Aktives M Differential, Ambiente-Beleuchtung, Ausstattungs-Paket: Connected Professional, Außenausstattung: Shadow-Line Hochglanz, Außenausstattung: Shadow-Line Hochglanz (erweiterter Umfang), Außenspiegel elektr. verstell- und heizbar, Bedienelemente galvanisiert, Bordcomputer, Competition, DAB-Tuner (Radioempfang digital), Dachhimmel Anthrazit (BMW Individual), Dachreling Hochglanz Shadow-Line, Diebstahlsicherung für Räder (Felgenschlösser), Durchladeeinrichtung (Mittelarmlehne hinten), Dynamische Stabilitäts-Control (DSC) mit erweiterter Umfang, Einstiegsleisten mit Einleger in Aluminium mit Schriftzug M, Erste Hilfe-Kasten / Verbandkasten, Fahrassistenz-System: Active Guard (Bremsassistent), Fahrassistenz-System: Aufmerksamkeits-Assistent, Freisprecheinrichtung Bluetooth mit USB-/Audio-Schnittstelle, Fußmatten Velours, Gepäckraumbeleuchtung, Getriebe Automatik - mit Steptronic und Drivelogic (8-Stufen), Getränkehalter, Heckklappenbetätigung automatisch, Heckleuchten LED, Induktionsladeschale für Smartphone (Wireless Charging), Innenspiegel mit Abblendautomatik, Instrumentenkombination (erweiterter Umfang), Isofix-Aufnahmen für Kindersitz an Rücksitz, Karosserie: 5-türig, Kennzeichenbeleuchtung LED, Klimaautomatik 3-Zonen mit autom. Umluft-Control, Knieairbag Fahrerseite, Kopf-Airbag-System hinten, Kopf-Airbag-System vorn, Kopfstützen hinten klappbar, Lenksäule (Lenkrad) elektr. verstellbar, Leuchtweitenregelung, M Drive (Fahrprofilauswahl), M Drive Professional (Fahrprofilauswahl), Motor 3,0 Ltr. - 375 kW 24V TwinTurbo KAT (S58), Nebelschlussleuchte(n), Otto-Partikelfilter (OPF), Park-Distance-Control (PDC) vorn und hinten, Parkbremse elektrisch, Reifendruck-Kontrollsystem, Reifenpannen-Anzeige, Schadstoffarm nach Abgasnorm Euro 6d, Schaltpunktanzeige, Seitenairbag vorn, Service-System: ConnectedDrive Services, Service-System: Gesetzlicher Notruf, Service-System: Intelligenter Notruf inkl. TeleServices, Sitzbezug / Polsterung: Leder Merino (erweiterter Umfang), Sitze vorn elektr. verstellbar (mit Memory), Spiegel-Paket, Sportdifferential, Start-Stop-Knopf, Start/Stop-Anlage (Funktion), Steckdose (12V-Anschluß) in Mittelkonsole vorn, Warndreieck, Widescreen Display, Wärme-/Sonnenschutzverglasung, Wärme-/Sonnenschutzverglasung kombiniert (hinten abgedunkelt)",
  "dealerDetails": {
    "id": 37732711,
    "name": "Royal Cars Leipzig",
    "sellerType": "Dealer",
    "phones": [
      "+49 (0)34292 50896435"
    ],
    "messengers": {
      "WHATS_APP": "+49 (0)163 3330101"
    },
    "languages": [
      "Deutsch",
      "Pусский",
      "English",
      "Polski",
      "Română",
      "Türkçe",
      "Nederlands"
    ],
    "country": "DE",
    "address": "Zweenfurtherstr 3, DE-04827 Machern",
    "location": {
      "latitude": 51.3527449,
      "longitude": 12.5747233
    },
    "activeSince": "2016-06-17T00:00:00.000Z",
    "homepageUrl": "https://home.mobile.de/home/redirect.html?customerId=37732711",
    "iconUrl": null,
    "reviewPageUrl": "https://www.mobile.de/bewertungen/RAMALORUCOV?lang=en",
    "score": {
      "total": 4.9,
      "responseTime": 4.9,
      "friendliness": 4.9,
      "advice": 4.8
    },
    "activeRatingCount": 35,
    "vehicleAsDescribedPercentage": 94,
    "recommendPercentage": 97,
    "soldVehicleCount": null,
    "reviews": []
  },
  "attributes": {
    "Vehicle condition": "Used vehicle, Accident-free",
    "Category": "Estate car",
    "Model range": "Baureihe M3 Touring (G81)(2022->)",
    "Trim line": "xDrive Competition",
    "Origin": "German edition",
    "Mileage": "12,800 km",
    "Cubic Capacity": "2,993 ccm",
    "Power": "375 kW (510 hp)",
    "Drive type": "Internal combustion engine",
    "Fuel": "Petrol",
    "Number of Seats": "5",
    "Door Count": "4/5",
    "Transmission": "Automatic",
    "Emission Class": "Euro6",
    "Emissions Sticker": "4 (Green)",
    "First Registration": "09/2023",
    "Number of Vehicle Owners": "1",
    "HU": "New",
    "Climatisation": "Automatic climatisation, 2 zones",
    "Parking sensors": "Front, 360° camera, Rear",
    "Airbags": "Front and Side and More Airbags",
    "Colour (Manufacturer)": "FROZEN PURE GREY II METALLIC",
    "Colour": "Grey Matte",
    "Interior Design": "Full leather, Red",
    "Weight": "1,940 kg",
    "Cylinders": "6",
    "Tank capacity": "59 l"
  },
  "features": [
    "ABS",
    "Adaptive cornering lights",
    "Adaptive Cruise Control",
    "Alarm system",
    "Alloy wheels",
    "Ambient lighting",
    "Apple CarPlay",
    "Arm rest",
    "Blind spot assist",
    "Bluetooth",
    "Cargo barrier",
    "Central locking",
    "DAB radio",
    "Distance warning system",
    "Dynamic chassis control",
    "Electric seat adjustment",
    "Electric side mirror",
    "Electric tailgate",
    "Electric windows",
    "Eletric seat adjustment with memory function",
    "Emergency brake assist",
    "Emergency call system",
    "Emergency tyre repair kit",
    "ESP",
    "Fatigue warning system",
    "Folding exterior mirrors",
    "Four-wheel drive",
    "Full Service History",
    "Glare-free high beam headlights",
    "Hands-free kit",
    "Head-up display",
    "Heated rear seats",
    "Heated seats",
    "Heated steering wheel",
    "Heated windshield",
    "High beam assist",
    "Hill-start assist",
    "Immobilizer",
    "Induction charging for smartphones",
    "Integrated music streaming",
    "Isofix",
    "Keyless central locking",
    "Lane change assist",
    "Leather steering wheel",
    "LED headlights",
    "LED running lights",
    "Light sensor",
    "Multifunction steering wheel",
    "Navigation preparation",
    "Navigation system",
    "New service",
    "Non-smoker vehicle",
    "On-board computer",
    "Paddle shifters",
    "Passenger seat Isofix point",
    "Power Steering",
    "Rain sensor",
    "Roof rack",
    "Seat ventilation",
    "Smoker's package",
    "Sound system",
    "Speed limit control system",
    "Sport seats",
    "Sports package",
    "Sports suspension",
    "Start-stop system",
    "Summer tyres",
    "Tinted windows",
    "Touchscreen",
    "Traction control",
    "Traffic sign recognition",
    "TV",
    "Tyre pressure monitoring",
    "USB port",
    "Voice control",
    "Warranty",
    "Winter package",
    "Winter tyres"
  ]
},
{
  "title": "BMW M3 Competition M xDrive Facelift BMW Individual ",
  "previewImage": "https://img.classistatic.de/api/v1/mo-prod/images/33/3338e3a0-23b5-4068-8549-f54ee5e26764?rule=mo-1600.jpg",
  "category": "Limousine",
  "brand": "BMW",
  "model": "M3",
  "url": "https://suchen.mobile.de/fahrzeuge/details.html?id=425625754",
  "price.total.amount": 89900,
  "priceRating": {
    "rating": "Fair price",
    "priceRanges": {
      "Very good price": {
        "start": 62501,
        "end": 81300
      },
      "Good price": {
        "start": 81301,
        "end": 87500
      },
      "Fair price": {
        "start": 87501,
        "end": 97300
      },
      "Increased price": {
        "start": 97301,
        "end": 104500
      },
      "High price": {
        "start": 104501,
        "end": 116100
      }
    }
  },
  "description": "-390KW 530 PS Facelift Modell-\n-M3 Competition Limousine mit M xDrive\n-Individual Lack (U91 - Frozen Black Metallic)\n-M Compound Bremse, rot hochglänzend \n-M Leuchten Shadow Line\n-Parking Assistant Plus\n-M Alcantaralenkrad\n-Innovationspaket\n-Automatische Heckklappenbetätigung\n-Komfortzugang\n-Adaptiver LED-Scheinwerfer\n-Fernlichtassistent\n-Driving Assistant\n-M Driver‘s Package ( Bis ~300Km/H )\n-Vollleder Merino Feinnarbe Schwarz/Schwarz\n-M Interieurleisten [ Carbon Fibre ]\n-19/20 M Schmiederäder Doppelspeiche 826M Schwarz / MB",
  "dealerDetails": {
    "id": 12653338,
    "sellerType": "Private Seller",
    "phones": [
      "+49 (0)162 7001211"
    ],
    "country": "DE",
    "address": "DE-28217 Bremen",
    "location": {
      "latitude": 53.0918316,
      "longitude": 8.7706323
    },
    "iconUrl": null,
    "reviewPageUrl": null,
    "score": null,
    "activeRatingCount": null,
    "vehicleAsDescribedPercentage": null,
    "recommendPercentage": null,
    "soldVehicleCount": null,
    "reviews": []
  },
  "attributes": {
    "Vehicle condition": "Used vehicle, Accident-free",
    "Category": "Saloon, Employee's Car",
    "Mileage": "19,500 km",
    "Cubic Capacity": "2,993 ccm",
    "Power": "390 kW (530 hp)",
    "Drive type": "Internal combustion engine",
    "Fuel": "Petrol",
    "Number of Seats": "5",
    "Door Count": "4/5",
    "Transmission": "Automatic",
    "Emission Class": "Euro6d",
    "Emissions Sticker": "4 (Green)",
    "First Registration": "10/2024",
    "Number of Vehicle Owners": "1",
    "HU": "10/2027",
    "Climatisation": "Automatic climatisation, 4 zones",
    "Parking sensors": "Front, 360° camera, Rear, Self-steering systems",
    "Airbags": "Front and Side and More Airbags",
    "Colour": "Black Metallic",
    "Interior Design": "Full leather, Black"
  },
  "features": [
    "ABS",
    "Adaptive cornering lights",
    "Adaptive Cruise Control",
    "Alarm system",
    "Alloy wheels",
    "Ambient lighting",
    "Android Auto",
    "Apple CarPlay",
    "Arm rest",
    "Autom. dimming interior mirror",
    "Auxiliary heating",
    "Blind spot assist",
    "Bluetooth",
    "Central locking",
    "DAB radio",
    "Digital cockpit",
    "Distance warning system",
    "Electric seat adjustment",
    "Electric side mirror",
    "Electric tailgate",
    "Electric windows",
    "Emergency brake assist",
    "Emergency call system",
    "Emergency tyre repair kit",
    "ESP",
    "Fatigue warning system",
    "Fog lamp",
    "Four-wheel drive",
    "Full Service History",
    "Glare-free high beam headlights",
    "Hands-free kit",
    "Head-up display",
    "Heated seats",
    "High beam assist",
    "Hill-start assist",
    "Immobilizer",
    "Induction charging for smartphones",
    "Integrated music streaming",
    "Isofix",
    "Keyless central locking",
    "Lane change assist",
    "Leather steering wheel",
    "LED headlights",
    "LED running lights",
    "Light sensor",
    "Lumbar support",
    "Multifunction steering wheel",
    "Navigation system",
    "Non-smoker vehicle",
    "On-board computer",
    "Paddle shifters",
    "Particulate filter",
    "Power Steering",
    "Rain sensor",
    "Sound system",
    "Speed limit control system",
    "Sport seats",
    "Sports package",
    "Sports suspension",
    "Start-stop system",
    "Summer tyres",
    "Touchscreen",
    "Traction control",
    "Traffic sign recognition",
    "Tuner/radio",
    "Tyre pressure monitoring",
    "USB port",
    "Voice control",
    "Warranty",
    "WLAN / Wi-Fi hotspot"
  ]
},
{
  "title": "BMW M3 Competion M xDrive Touring Sitzbelüftung Driv",
  "previewImage": "https://img.classistatic.de/api/v1/mo-prod/images/53/533828a2-4405-43b1-8404-0ecb777aae8f?rule=mo-1600.jpg",
  "category": "EstateCar",
  "brand": "BMW",
  "model": "M3",
  "url": "https://suchen.mobile.de/fahrzeuge/details.html?id=432019330",
  "price.total.amount": 89930,
  "priceRating": {
    "rating": "Fair price",
    "priceRanges": {
      "Very good price": {
        "start": 63101,
        "end": 82000
      },
      "Good price": {
        "start": 82001,
        "end": 88300
      },
      "Fair price": {
        "start": 88301,
        "end": 98200
      },
      "Increased price": {
        "start": 98201,
        "end": 105400
      },
      "High price": {
        "start": 105401,
        "end": 117100
      }
    }
  },
  "description": "Sonderausstattung:\nInnovationspaket\nDriving Assistant Professional\nKomfortzugang\nAdaptives M Fahrwerk\nSonnenschutzrollo Türen hinten\nSitzverstellung elekt. mit Memory\nharman Kardon Surround Sound\nMetallic-Lackierung\nAktive Sitzbelüftung vorn\nParking Assistant Plus\nInstrumententafel Luxury\nGepäckraumpaket\nActive Protection\nM Leuchten Shadow Line\nSonnenschutzrollo für hintere Türseitenscheiben, mechanisch\nAkustikverglasung\nFernlichtassistent\n\nSerienausstattung:\nSechzehn Lautsprecher (Harman/Kardon), Subwoofer und Surround Sound\nBordcomputer mit Durchschnittskraftstoffverbrauch\nLuxus-Ausstattung: Aluminium auf Mittelkonsole, Aluminium-Türverkleidung, Aluminium auf Armaturenbrett\nLED Hauptscheinwerfer mit Ellipsoid-Streuscheibe LED\nAudio-Anlage Digitalradio, Internetradio, Touch Screen, Farbdisplay und 464\nTagfahrlicht\nKopf-/Dach Airbag vorn und hinten\nAudio-Fernbedienung am Lenkrad\nLaderaumabdeckung flexibel\nZentralverriegelung (mit Fernbedienung) mit Schließung der elektr. Fenster\nAlarmanlage mit Innenraumüberwachung\nDachreling getönt\nFahrer-Airbag, Beifahrer-Airbag mit Deaktivierung für Beifahrerairbag\nSeiten-Airbag vorne\nSicherheitsgurte hinten mit Gurtstraffer links, Sicherheitsgurte hinten rechts, Dreipunkt-Gurt hinten Mitte :\nPremiumleder / Premiumleder\nArmlehne für Vordersitze\nArmlehne für Rücksitze\nFahrersitz Sportsitz mit sieben elektr. Verstellmöglichkeiten, Sitzheizung, Lehnenneigungsverstellung mit Memory, Längsverstellung mit Memory und Längsverstellung mit Memory 2-Wege elektrisch mit Sitzflächenneigungsverstellung mit Memory und mechanischer Oberschenkelauflage, Beifahrersitz Sportsitz mit sieben elektr. Verstellmöglichkeiten, Sitzheizung, elektrischer Lehnenneigungsverstellung, elektrischer Längsverstellung und elektrischer Höhenverstellung 2-Wege elektrisch mit elektrischer Sitzflächenneigungsverstellung und mechanischer Oberschenkelauflage\nMultifunktions-Alu & Lederlenkrad höhenverstellbar und längsverstellbar\nServolenkung geschwindigkeitsabhängig, elektrisch, variable Übersetzung mit variabler Übersetzung\n12V Steckdose im Gepäck/Laderaum vorne und hinten\nGetränkehalter für Vordersitze und Rücksitze\nSportfahrwerk\nAktive Radaufhängung mit wählbarer Einstellung elektronisch\nBelüftungssystem mit digitaler Überwachung, Pollenfilter, Aktivkohlefilter und Motorvorwärmer\nGetrennte Belüftungsregelung für Beifahrerseite und hinten mit digitaler Anzeige\nKlimaanlage mit 3 Klimatisierungszonen (vollautomatisch)\nAnklappbare Außenspiegel\nWindschutzscheiben-Wisch-Wasch-Anlage mit Regensensor\nElektrische Fensterheber mit Impulsschaltung für zwei Fenster vorn und hinten\nAlufelgen 9,5 X 19 auf Vorderachse 48,3, 24,1, 1U0, Alufelgen 10,5 X 20 auf Hinterachse 50,8, 26,7, 1U0\nNavigationssystem mit Bedienung über Touch Screen, Datenquelle: Internet (Farbe), 14,90 Zoll-Bildschirm, Verkehrsinformation und Verkehrsinfo Monate inklusive: 24\nElektronische Fahrstabilitätskontrolle\nSportauspuff\nABS\nBremsassistent\nEnergieeffizienzklasse: G\nReifendruckkontrolle Druckanzeige und Felgensensor\nIsofix\nSmart Card / Smart Schlüssel inklusive keyless start\nSprachbedienung herstellereigen und KI unterstützt\nAusstattungsbezeichnung: M3 COMPETITION, Lokale Ausstattungsbezeichnung: M3 Competion, Ausstattungsklasse: S2\nElektrische Heckklappen-Zuziehhilfe\nElektronische Handbremse\nPartikelfilter\nKnie-Airbags Fahrer\nLokale Sprache Deutsch, BMW, 3er-Reihe, M3 Competion M xDrive Touring, M3 Competion und M3 Competion M xDrive Touring\nBerganfahrassistent / Auto Hold\nAutom. Warnblinker bei starker Bremsung\nElektr. Sitz-Memory für Außenspiegel\nCrash Warnsystem aktiviert Bremslicht, automatische Notbremsung, Bremst bei niedriger Geschwindigkeit Mindestgeschw. Zur Aktivierung: 5 km/h Fußgängerschutz, visuelle/akustische Warnung, Funktion über 130 km/h 78 mph, Funktion über 50 km/h 30 mph, Funktion unter 50 km/h 30 mph und Überwachung Fahrstil\nBluetooth\nStart/Stop\nGeschwindigkeitsregelanlage\nSpurassistent aktiviert Lenkung\nSichtschutzglas hinten und Seite hinten\nStartknopf\nEinparkassistent hinten und vollautomatisches Ein- und Ausparken 90°\nDisplay mit 12,30 Zoll Bildschirm Kombiinstrument 1, Bildschirmgröße (cm):, Wahlrad und beinhaltet Augmented Reality, Display mit 14,90 Zoll Bildschirm und Touch-Bedienung Armaturenbrett 1, Bildschirmgröße (cm):, fix, Drehknopf, Touchpadsteuerung, nein und beinhaltet Augmented Reality\nLED Licht Bremslicht, Abblendlicht, Blinker, Tagfahrlicht, Rückleuchten und Fernlicht\nBeleuchtete Einstiegszone\nEnergie Rückgewinnung\nParkplatzinformation\nVerkehrszeichenerkennung\nAktives Differenzial Hinten\nInterner Speicher/Festplatte 320,00 GB\nBeleuchteter Make-up-Spiegel für Fahrer und Beifahrer\nKabelloses Ladekissen\n\n\n(Änderungen, Irrtümer und Zwischenverkauf vorbehalten!)",
  "dealerDetails": {
    "id": 455986,
    "name": "ahg autohandelsgesellschaft mbH",
    "sellerType": "Dealer",
    "phones": [
      "+49 (0)771 1628314525"
    ],
    "languages": [
      "Deutsch",
      "Slovenščina",
      "English",
      "Italiano",
      "Français"
    ],
    "country": "DE",
    "address": "Rudolf Diesel Str. 5, DE-78166 Donaueschingen",
    "location": {
      "latitude": 47.9646198,
      "longitude": 8.507725899999999
    },
    "activeSince": "2006-02-28T00:00:00.000Z",
    "homepageUrl": "https://home.mobile.de/home/redirect.html?customerId=455986",
    "iconUrl": "https://img.classistatic.de/api/v1/mo-prod/images/6b/6b964f5e-1a8e-4247-8341-6843628afd0c?rule=mo-640.jpg",
    "reviewPageUrl": "https://www.mobile.de/bewertungen/AHGMBHDONAUESCHINGEN?lang=en",
    "score": {
      "total": 4.5,
      "responseTime": 4.4,
      "friendliness": 4.5,
      "advice": 4.6
    },
    "activeRatingCount": 8,
    "vehicleAsDescribedPercentage": 100,
    "recommendPercentage": 100,
    "soldVehicleCount": null,
    "reviews": []
  },
  "attributes": {
    "Vehicle condition": "Used vehicle, Accident-free",
    "Category": "Estate car",
    "Vehicle Number": "999553518",
    "Availability": "Now",
    "Mileage": "29,830 km",
    "Cubic Capacity": "2,993 ccm",
    "Power": "390 kW (530 hp)",
    "Drive type": "Internal combustion engine",
    "Fuel": "Petrol",
    "CO₂ class": "Based on CO₂ emissions (combined)",
    "Fuel consumption": [
      "10.9 l/100km (combined)"
    ],
    "Number of Seats": "5",
    "Door Count": "4/5",
    "Transmission": "Automatic",
    "Emission Class": "Euro6",
    "Emissions Sticker": "4 (Green)",
    "First Registration": "11/2024",
    "Number of Vehicle Owners": "1",
    "HU": "New",
    "Climatisation": "Automatic air conditioning",
    "Parking sensors": "Self-steering systems, Rear, Camera, Front",
    "Airbags": "Front and Side and More Airbags",
    "Colour (Manufacturer)": "Skyscraper Grau metallic",
    "Colour": "Grey Metallic",
    "Interior Design": "Full leather, Black",
    "Energy consumption (comb.)": "10.9 l/100km",
    "CO₂ emissions (comb.)": "234 g/km"
  },
  "features": [
    "ABS",
    "Adaptive Cruise Control",
    "Adaptive lighting",
    "Alarm system",
    "Alloy wheels",
    "Bluetooth",
    "Central locking",
    "DAB radio",
    "Daytime running lights",
    "Electric seat adjustment",
    "Electric side mirror",
    "Electric windows",
    "ESP",
    "Four-wheel drive",
    "Full Service History",
    "Hands-free kit",
    "Head-up display",
    "Heated seats",
    "Immobilizer",
    "Isofix",
    "LED headlights",
    "Light sensor",
    "Multifunction steering wheel",
    "Navigation system",
    "Non-smoker vehicle",
    "On-board computer",
    "Particulate filter",
    "Power Steering",
    "Rain sensor",
    "Roof rack",
    "Seat ventilation",
    "Sport seats",
    "Sports suspension",
    "Start-stop system",
    "Traction control",
    "Tuner/radio",
    "Warranty"
  ]
},
{
  "title": "BMW M3 Competition M xDrive Touring M Driver Carbon ",
  "previewImage": "https://img.classistatic.de/api/v1/mo-prod/images/d5/d5dbede0-5ae6-4e35-9944-f26306e93dfb?rule=mo-1600.jpg",
  "category": "EstateCar",
  "brand": "BMW",
  "model": "M3",
  "url": "https://suchen.mobile.de/fahrzeuge/details.html?id=427502227",
  "price.total.amount": 89950,
  "priceRating": {
    "rating": "Good price",
    "priceRanges": {
      "Very good price": {
        "start": 65401,
        "end": 85000
      },
      "Good price": {
        "start": 85001,
        "end": 91500
      },
      "Fair price": {
        "start": 91501,
        "end": 101800
      },
      "Increased price": {
        "start": 101801,
        "end": 109300
      },
      "High price": {
        "start": 109301,
        "end": 121400
      }
    }
  },
  "description": "Antrieb, Fahrwerk\nAdaptives M Fahrwerk\nAllrad\nM Drive Professional\nM Sportdifferenzial\nSportfahrwerk\n\nAußenausstattung\nDachreling Hochglanz Shadow-Line\nHeckklappenbetätigung automatisch\nWärme-/Sonnenschutzverglasung\n\nEditionen und Pakete\nAblagenpaket\nConnected Package Professional (laufzeitgebundener Dienst)\nConnectedDrive Services (laufzeitgebundener Dienst)\nExterieur-Paket M Carbon\nGepäckraum-Paket\nInnovations-Paket\nM Driver´s Package\n\nExterieur\nDach und Spiegelkappen schwarz\nDachreling\nElektrische Gepäckraumklappe\n\nFahrerassistenz\nBMW Drive Recorder (Dashcam)\nFahrassistenz-System: Driving Assistant Professional\nGesetzlicher Notruf\nPark Distance Control (PDC)\nParkassistent-Paket Plus\nRückfahrkamera\nSpurverlassenswarnung\nSpurwechselwarnung\nTeleservices\n\nIndividualumfänge\nM Dachreling Hochglanz Shadow Line\nM Hochglanz Shadow Line\nM Hochglanz Shadow Line mit erweiterten Umfängen\nScheinwerfer BMW Individual Shadow-Line\n\nKomfort, Innenausstattung\nAbstandsregeltempomat\nAmbiente-Beleuchtung\nAußenspiegel elektr. anklappbar\nAußenspiegel elektr. verstell- und heizbar\nBordcomputer\nDAB-Tuner (Radioempfang digital)\nDurchladeeinrichtung (Mittelarmlehne hinten)\nDurchladesystem\nEinparkhilfe Sensoren vorne\nFensterheber elektrisch\nFensterheber, elektrisch\nFondkopfstützen klappbar\nFreisprecheinrichtung Bluetooth mit USB-/Audio-Schnittstelle\nFunkfernbedienung\nGalvanikapplikation für Bedienelemente\nInduktionsladeschale für Smartphone (Wireless Charging)\nInnen- und Außenspiegelpaket\nInnenspiegel mit Abblendautomatik\nInterieurleisten schwarz hochglänzend\nIsofix-Aufnahmen für Kindersitz an Rücksitz\nKeyless Entry\nKlimaautomatik\nKlimaautomatik 3-Zonen mit autom. Umluft-Control\nKomfortzugang (Öffnungs- und Schließsystem)\nLeder\nLederlenkrad\nLendenwirbelstütze Sitz vorn links und rechts, elektr. verstellbar\nLenkrad (Leder) mit Multifunktion M-Technic\nLenkrad heizbar\nLordose\nLordosenstütze für Fahrer und Beifahrer\nM Sportsitze\nMultifunktionslenkrad\nPark-Distance-Control (PDC) vorn und hinten\nScheibenwischer mit Regensensor\nService-System: Real Time Traffic Information (RTTI)\nSicherheitsgurte M\nSitze vorn elektr. verstellbar (mit Memory)\nSitzheizung\nSitzheizung für Fahrer und Beifahrer\nSitzheizung vorn + hinten\nSitzverstellung elektrisch mit Memory für Fahrersitz\nSportsitze\nSpurhalteassistent\nStart/Stop-Anlage (Funktion)\nStart-Stop-Knopf\nVerglasung Akustikglas\nWidescreen Display\nZentralverriegelung\nZentralverriegelung mit Fernbedienung\n\nMultimedia\nBluetooth\nBMW Live Cockpit Professional\nBordcomputer\nDAB Tuner\nFreisprecheinrichtung\nSound-System Harman-Kardon\nUSB Schnittstelle\n\nRäder\nLM-Felgen\nRadschraubensicherung\nReifen-Reparaturset (Mobility-Pack)\n\nSicherheit/Umwelt\nAdaptives Fahrwerk M-Technic\nAirbag Beifahrerseite abschaltbar\nAlarmanlage\nAnti-Blockier-System (ABS)\nAntriebsart: Allradantrieb\n\nSitzbezug\nLeder Merino Schwarz/Schwarz\n\nSonstiges\n19\"/20\" M Schmieder. Doppelsp. 826 M Schwarz /MB, Track Reifen\nAbdeckkappen Außenspiegel M Carbon\nAblage für Wireless Charging\nActive Guard\nActive Protection\nAkustikverglasung\nBerichtigung gebrauchte Automobile\nBMW Curved Display\nBMW Drive Recorder\nBMW Laserlicht\nBMW Live Cockpit Professional (laufzeitgebundener Dienst)\nControl-Display mit Farbmonitor (14,9 Zoll)\nDriving Assistant Professional\nElektrisch verstellbare Spiegel\nFahrassistenz-System: aktiver Spurhalteassistent\nFahrassistenz-System: Ampel-Erkennung\nFahrassistenz-System: Ausweich-Assistent\nFahrassistenz-System: Driving Assistant\nFahrassistenz-System: Falschfahrwarnung\nFahrassistenz-System: Frontkollisionswarnung\nFahrassistenz-System: Heckaufprall-Vermeidung (Prävention Heckkollision)\nFahrassistenz-System: Kreuzungs-Assistent\nFahrassistenz-System: Querverkehrs-Assistent\nFahrassistenz-System: Rückfahr-Assistent\nFahrassistenz-System: Spurwechselassistent\nFahrassistenz-System: Spurwechsel-Warnsystem\nFernlichtassistent\nGepäckraumpaket\nGeschwindigkeits-Regelanlage, Aktiv mit Stop&Go-Funktion\nHarman Kardon Surround Sound System\nHeckdiffusor Carbon\nInnovationspaket\nKomfortzugang\nLenkradheizung\nM Carbon Exterieurpaket\nM Driver's Package\nM Leuchten Shadow Line\nM Sicherheitsgurte\nMetallic-Lackierung\nMüdigkeitswarnsystem\nNotrufsystem\nParking Assistant Plus\nReifendruckkontrollsystem\nReifenreparatur Set\nRückfahrkamera (Top View)\nSteuerung EfficientDynamics\nSteuerung Infotainment\nSurround-Kamerasystem (Surround View)\n\nUmwelt, Sicherheit\nAbgasnorm EU6 RDE II\nABS\nAktiver Fussgängerschutz\nAlarmanlage mit Fernbedienung\nAuto Start/Stop Funktion \nBeifahrerairbag\nBeifahrerairbag-Deaktivierung\nESP\nFahrassistenz-System: Fernlichtassistent\nFahrerairbag\nInnenspiegel automatisch abblendend\nKindersitzbefestigung ISOFIX\nKopfairbag\nNotbremsassistent\nPASM\nRegensensor\nReifendruck-Kontrolle\nScheinwerfer Laserlicht\nSeitenairbag\nSicherheitssystem Active Protection\nTraction Control\nWarndreieck\nWegfahrsperre\nIrrtümer und Zwischenverkauf vorbehalten.",
  "dealerDetails": {
    "id": 32950013,
    "name": "WAHL-GROUP Alfred Wahl GmbH & Co. KG | Filiale Korbach",
    "sellerType": "Dealer",
    "phones": [
      "+49 (0)5631 568999732"
    ],
    "languages": [
      "Deutsch",
      "English"
    ],
    "country": "DE",
    "address": "Briloner Landstraße 72, DE-34497 Korbach",
    "location": {
      "latitude": 51.2838121,
      "longitude": 8.8479426
    },
    "activeSince": "2002-07-17T00:00:00.000Z",
    "homepageUrl": "https://home.mobile.de/home/redirect.html?customerId=32950013",
    "iconUrl": "https://img.classistatic.de/api/v1/mo-prod/images/81/81d8a2cc-67a3-4c3e-91c9-b7f81640f00a?rule=mo-640.jpg",
    "reviewPageUrl": "https://www.mobile.de/bewertungen/ALFREDWAHLGMBHCOKGFILIALEKORBACH?lang=en",
    "score": {
      "total": 4.2,
      "responseTime": 3.9,
      "friendliness": 4.4,
      "advice": 4.2
    },
    "activeRatingCount": 9,
    "vehicleAsDescribedPercentage": 100,
    "recommendPercentage": 83,
    "soldVehicleCount": null,
    "reviews": []
  },
  "attributes": {
    "Vehicle condition": "Used vehicle, Accident-free",
    "Category": "Estate car",
    "Model range": "G81",
    "Trim line": "M xDrive Touring M Driver Carbon Laser",
    "Vehicle Number": "270282",
    "Availability": "Now",
    "Origin": "German edition",
    "Mileage": "3,903 km",
    "Cubic Capacity": "2,993 ccm",
    "Power": "375 kW (510 hp)",
    "Drive type": "Internal combustion engine",
    "Fuel": "Petrol, E10-enabled",
    "Number of Seats": "5",
    "Door Count": "4/5",
    "Transmission": "Automatic",
    "Emission Class": "Euro6d",
    "Emissions Sticker": "4 (Green)",
    "First Registration": "04/2024",
    "Construction Year": "2024",
    "Number of Vehicle Owners": "1",
    "HU": "04/2027",
    "Climatisation": "Automatic climatisation, 3 zones",
    "Parking sensors": "360° camera, Front, Self-steering systems, Rear",
    "Airbags": "Front and Side and More Airbags",
    "Colour (Manufacturer)": "M Isle of Man Grün",
    "Colour": "Green Metallic",
    "Interior Design": "Full leather, Black",
    "Weight": "1,940 kg",
    "Cylinders": "6",
    "Tank capacity": "59 l"
  },
  "features": [
    "ABS",
    "Adaptive cornering lights",
    "Adaptive Cruise Control",
    "Alarm system",
    "Alloy wheels",
    "Ambient lighting",
    "Android Auto",
    "Apple CarPlay",
    "Arm rest",
    "Autom. dimming interior mirror",
    "Blind spot assist",
    "Bluetooth",
    "Central locking",
    "DAB radio",
    "Digital cockpit",
    "Distance warning system",
    "Dynamic chassis control",
    "Electric seat adjustment",
    "Electric side mirror",
    "Electric tailgate",
    "Electric windows",
    "Eletric seat adjustment with memory function",
    "Emergency brake assist",
    "Emergency call system",
    "ESP",
    "Fatigue warning system",
    "Four-wheel drive",
    "Full Service History",
    "Glare-free high beam headlights",
    "Hands-free kit",
    "Head-up display",
    "Heated seats",
    "Heated steering wheel",
    "High beam assist",
    "Hill-start assist",
    "Immobilizer",
    "Induction charging for smartphones",
    "Isofix",
    "Keyless central locking",
    "Lane change assist",
    "Laser headlights",
    "Leather steering wheel",
    "LED running lights",
    "Light sensor",
    "Lumbar support",
    "Multifunction steering wheel",
    "Navigation system",
    "Non-smoker vehicle",
    "On-board computer",
    "Particulate filter",
    "Power Steering",
    "Rain sensor",
    "Roof rack",
    "Sound system",
    "Speed limit control system",
    "Sport seats",
    "Sports package",
    "Sports suspension",
    "Start-stop system",
    "Summer tyres",
    "Tinted windows",
    "Touchscreen",
    "Traction control",
    "Traffic sign recognition",
    "Tuner/radio",
    "Tyre pressure monitoring",
    "USB port",
    "Voice control",
    "Warranty"
  ]
},
{
  "title": "BMW M3 Touring xDrive Competition/Breyton 20\"+ 21\"",
  "previewImage": "https://img.classistatic.de/api/v1/mo-prod/images/fa/fa054fa8-1628-4e61-9d16-96ac0edecb19?rule=mo-1600.jpg",
  "category": "EstateCar",
  "brand": "BMW",
  "model": "M3",
  "url": "https://suchen.mobile.de/fahrzeuge/details.html?id=434131591",
  "price.total.amount": 89900,
  "priceRating": {
    "rating": "Fair price",
    "priceRanges": {
      "Very good price": {
        "start": 59301,
        "end": 77100
      },
      "Good price": {
        "start": 77101,
        "end": 83000
      },
      "Fair price": {
        "start": 83001,
        "end": 92300
      },
      "Increased price": {
        "start": 92301,
        "end": 99100
      },
      "High price": {
        "start": 99101,
        "end": 110100
      }
    }
  },
  "description": "- Finanzierung und Inzahlungnahme möglich -\n\n- keine Haftung für Tipp- und Eingabefehler -\n\n- Breyton Radsatz 20\"/21\" , Schnitzer Frontlippe, K & W Gewindefedern -\n\nSonderausstattung:\nAktive Sitzbelüftung vorn, BMW Live Cockpit Professional, Bremsanlage: Compound - M Bremssystem (Bremssättel Schwarz), Fahrassistenz-System: Driving Assistant Professional, Fzg. ohne Modell-Schriftzug, Innenausstattung: Interieurleisten Carbon, Innovations-Paket, Lenkrad heizbar, LM-Felgen, M Driver´s Package, Metallic-Lackierung, Parkassistent-Paket Plus, Personalisierungssystem (Personal eSIM), Reifen-Reparaturset (Mobility-Pack), Scheinwerfer BMW Individual Shadow-Line, Sicherheitsgurte M, Sicherheitssystem Active Protection, Sitzbezug / Polsterung: Voll-Leder Merino, Sonnenschutzverglasung (hinten abgedunkelt), Sound-System Harman-Kardon, Verglasung Akustikglas\n\nWeitere Ausstattung:\nAblage-Paket, Adaptives Fahrwerk M-Technic, Airbag Beifahrerseite abschaltbar, Aktives M Differential, Ambiente-Beleuchtung, Ausstattungs-Paket: Connected Professional, Außenausstattung: Shadow-Line Hochglanz, Außenausstattung: Shadow-Line Hochglanz (erweiterter Umfang), Außenspiegel elektr. verstell- und heizbar, Bedienelemente galvanisiert, Bordcomputer, Competition, DAB-Tuner (Radioempfang digital), Dachhimmel Anthrazit (BMW Individual), Dachreling Hochglanz Shadow-Line, Diebstahlsicherung für Räder (Felgenschlösser), Durchladeeinrichtung (Mittelarmlehne hinten), Dynamische Stabilitäts-Control (DSC) mit erweiterter Umfang, Einstiegsleisten mit Einleger in Aluminium mit Schriftzug M3, Erste Hilfe-Kasten / Verbandkasten, Fahrassistenz-System: Active Guard (Bremsassistent), Fahrassistenz-System: Aufmerksamkeits-Assistent, Freisprecheinrichtung Bluetooth mit USB-/Audio-Schnittstelle, Fußmatten Velours, Gepäckraumbeleuchtung, Getriebe Automatik - mit Steptronic und Drivelogic (8-Stufen), Getränkehalter, Heckklappenbetätigung automatisch, Heckleuchten LED, Induktionsladeschale für Smartphone (Wireless Charging), Innenspiegel mit Abblendautomatik, Instrumentenkombination (erweiterter Umfang), Isofix-Aufnahmen für Kindersitz an Rücksitz, Karosserie: 5-türig, Kennzeichenbeleuchtung LED, Klimaautomatik 3-Zonen mit autom. Umluft-Control, Knieairbag Fahrerseite, Kopf-Airbag-System hinten, Kopf-Airbag-System vorn, Kopfstützen hinten klappbar, Lenksäule (Lenkrad) elektr. verstellbar, Leuchtweitenregelung, M Drive (Fahrprofilauswahl), M Drive Professional (Fahrprofilauswahl), Motor 3,0 Ltr. - 375 kW 24V TwinTurbo KAT (S58), Nebelschlussleuchte(n), Otto-Partikelfilter (OPF), Park-Distance-Control (PDC) vorn und hinten, Parkbremse elektrisch, Reifendruck-Kontrollsystem, Reifenpannen-Anzeige, Schadstoffarm nach Abgasnorm Euro 6d, Schaltpunktanzeige, Seitenairbag vorn, Service-System: ConnectedDrive Services, Service-System: Gesetzlicher Notruf, Service-System: Intelligenter Notruf inkl. TeleServices, Sitze vorn elektr. verstellbar (mit Memory), Spiegel-Paket, Sportdifferential, Sportsitze vorn (M-Technic), Start-Stop-Knopf, Start/Stop-Anlage (Funktion), Steckdose (12V-Anschluß) in Mittelkonsole vorn, Warndreieck, Widescreen Display, Wärme-/Sonnenschutzverglasung, Wärme-/Sonnenschutzverglasung kombiniert (hinten abgedunkelt)\n\n- keine Haftung für Tipp- und Eingabefehler -",
  "dealerDetails": {
    "id": 467448,
    "name": "Kfz-Service u. -Handel Müller GmbH",
    "sellerType": "Dealer",
    "phones": [
      "+49 (0)2664 252483834"
    ],
    "languages": [
      "Deutsch",
      "English"
    ],
    "country": "DE",
    "address": "Bundesstrasse 2d, DE-56477 Zehnhausen",
    "location": {
      "latitude": 50.6439814,
      "longitude": 8.064034399999999
    },
    "activeSince": "2001-12-27T00:00:00.000Z",
    "homepageUrl": "https://home.mobile.de/home/redirect.html?customerId=467448",
    "iconUrl": null,
    "reviewPageUrl": "https://www.mobile.de/bewertungen/MUELLER-ZEHNHAUSEN?lang=en",
    "score": {
      "total": 4.5,
      "responseTime": 4.5,
      "friendliness": 4.8,
      "advice": 4.3
    },
    "activeRatingCount": 4,
    "vehicleAsDescribedPercentage": 75,
    "recommendPercentage": 100,
    "soldVehicleCount": null,
    "reviews": []
  },
  "attributes": {
    "Vehicle condition": "Used vehicle, Accident-free",
    "Category": "Estate car",
    "Model range": ".",
    "Trim line": ".",
    "Origin": "German edition",
    "Mileage": "22,500 km",
    "Cubic Capacity": "2,993 ccm",
    "Power": "375 kW (510 hp)",
    "Drive type": "Internal combustion engine",
    "Fuel": "Petrol",
    "Number of Seats": "5",
    "Door Count": "4/5",
    "Transmission": "Automatic",
    "Emission Class": "Euro6d",
    "Emissions Sticker": "4 (Green)",
    "First Registration": "08/2023",
    "Number of Vehicle Owners": "1",
    "HU": "08/2026",
    "Climatisation": "Automatic climatisation, 3 zones",
    "Parking sensors": "360° camera, Rear, Front, Self-steering systems",
    "Airbags": "Front and Side and More Airbags",
    "Colour (Manufacturer)": "SKYSCRAPER GRAU METALLIC",
    "Colour": "Grey Metallic",
    "Interior Design": "Full leather, Black"
  },
  "features": [
    "ABS",
    "Adaptive cornering lights",
    "Alarm system",
    "Alloy wheels",
    "Android Auto",
    "Apple CarPlay",
    "Arm rest",
    "Autom. dimming interior mirror",
    "Blind spot assist",
    "Bluetooth",
    "Cargo barrier",
    "Central locking",
    "Cruise control",
    "DAB radio",
    "Digital cockpit",
    "Distance warning system",
    "Electric seat adjustment",
    "Electric side mirror",
    "Electric tailgate",
    "Electric windows",
    "Emergency brake assist",
    "Emergency call system",
    "ESP",
    "Fatigue warning system",
    "Four-wheel drive",
    "Full Service History",
    "Glare-free high beam headlights",
    "Hands-free kit",
    "Head-up display",
    "Heated rear seats",
    "Heated seats",
    "Heated steering wheel",
    "High beam assist",
    "Hill-start assist",
    "Immobilizer",
    "Induction charging for smartphones",
    "Isofix",
    "Keyless central locking",
    "Lane change assist",
    "Laser headlights",
    "Leather steering wheel",
    "LED running lights",
    "Light sensor",
    "Lumbar support",
    "Multifunction steering wheel",
    "Navigation system",
    "Non-smoker vehicle",
    "On-board computer",
    "Paddle shifters",
    "Power Steering",
    "Rain sensor",
    "Roof rack",
    "Seat ventilation",
    "Sound system",
    "Sport seats",
    "Sports package",
    "Sports suspension",
    "Start-stop system",
    "Summer tyres",
    "Touchscreen",
    "Traction control",
    "Traffic sign recognition",
    "Tuner/radio",
    "Tyre pressure monitoring",
    "USB port",
    "Voice control",
    "Warranty",
    "Winter package",
    "WLAN / Wi-Fi hotspot"
  ]
},
{
  "title": "BMW M3 Competition Touring DA-Prof,HUD,360°,H/K,20\"",
  "previewImage": "https://img.classistatic.de/api/v1/mo-prod/images/23/2309a1e5-6ba8-4144-ba48-53ffdd4b8d1b?rule=mo-1600.jpg",
  "category": "EstateCar",
  "brand": "BMW",
  "model": "M3",
  "url": "https://suchen.mobile.de/fahrzeuge/details.html?id=433852477",
  "price.total.amount": 89900,
  "priceRating": {
    "rating": "Good price",
    "priceRanges": {
      "Very good price": {
        "start": 68601,
        "end": 89200
      },
      "Good price": {
        "start": 89201,
        "end": 96000
      },
      "Fair price": {
        "start": 96001,
        "end": 106800
      },
      "Increased price": {
        "start": 106801,
        "end": 114700
      },
      "High price": {
        "start": 114701,
        "end": 127400
      }
    }
  },
  "description": "Verbrauch und Emission (WLTP)\nPrimärer Antrieb Verbrauch innerorts: 15,20 l/100 km\nPrimärer Antrieb Verbrauch Stadtrand: 9,90 l/100 km\nPrimärer Antrieb Verbrauch Landstraße: 8,30 l/100 km\nPrimärer Antrieb Verbrauch Autobahn: 9,10 l/100 km\nPrimärer Antrieb Verbrauch kombiniert: 9,80 l/100 km\nCO2 Emission kombiniert: 220 g/km\n\nGetriebe\nAutomatikgetriebe DriveLogic, 8 Gänge\n\nAusstattungslinie\nAusstattungslinie Exterieur: Competition\n\nAusstattungspakete\nAusstattungspaket: Connected Package Professional, Connected Professional (laufzeitgebundener Dienst)\nM Sportpaket\nOptikpaket: M Hochglanz Shadow Line mit erweiterten Umfängen\nAblagepaket: Gepaeckraumpaket\nSpiegelpaket\n\nAssistenzsysteme\nHead-up-Display HUD\nFernlichtassistent\nBMW ParkAssistent: Parking Assistant Plus\nRückfahrkamera\nSurround View\nFahrlichtautomatik\nAktive Geschwindigkeitsregelung mit Stop & Go\nSpracheingabesystem\nMüdigkeitserkennung\nSpurwechselassistent\nSpurhalteassistent\nBremsassistent\nFahrerassistenzpaket: Driving Assistant Professional, Heckaufprall-Vermeidung, Parkassistent-Paket Plus, Rückfahr-Assistent\nActive Guard Auffahrwarnung\nVerkehrszeichenerkennung\nGespannstabilisierung\n\nLicht und Sicht\nAdaptiver LED-Scheinwerfer\nAdaptives Kurvenlicht\nTagfahrlicht\nRegensensor\nAutomatisch abblendende Innen- und Außenspiegel\nSonnen- und Wärmeschutzverglasung: Akustikverglasung, Sonnenschutzrollo fuer hintere Türseitenscheiben\nDynamische Leuchtweitenregulierung\nAmbientebeleuchtung\nLichtsensor\n\nAudio & Kommunikation\nMultimedia-System\nBMW Live Cockpit Professional: Augmented Reality\nRadio\nMulti-Funktions-Display\nDigitaler Radioempfang DAB\niDrive\nHarman/Kardon Soundsystem\nAudio-Schnittstelle\nBMW ConnectedDrive: Connected Package Professional laufzeitgebundener Dienst, ConnectedDrive Services (laufzeitgebundener Dienst), Connected Package Professional (laufzeitgebundener Dienst)\nHandyvorbereitung Bluetooth\nAndroid Auto u. Apple CarPlay\nKabelloses Laden für Handys: Ablage für Wireless Charging\nWLAN Hotspot: Personal eSIM\n\nKomfort\nBMW Live Cockpit Professional: BMW Curved Display\nKlimaautomatik, 3 Zonen\nFahrer-/Beifahrersitz elektrisch\nMemoryfunktion Fahrersitz\nLordosenstütze Fahrer/Beifahrer elektrisch\nSitzheizung Fahrer/Beifahrer\nSportsitze: M Sportsitze\nArmauflage vorn und hinten\nServotronic\nLenksäule verstellbar\nKomfortzugang\nAuto Start Stop Funktion\nZentralver. mit Fernbedienung: mit Diebstahlsicherung und Crashsensor, BMW Digital Key\nFensterheber elektrisch 4-fach\nKopfstützen vorn und hinten: Fondkopfstützen, klappbar\nAutomatische Heckklappenbetätigung\nM Drive: M Drive Professional\nGetränkehalter\n\nInterieur\nSitze Leder Merino Schwarz\nMultifunktions-Sport-/Lederlenkrad: M, M Sicherheitsgurte, M Dachhimmel anthrazit\nLenkradheizung\nBordcomputer\nRücksitze klapp- und teilbar\nLaderaumabdeckung\nDurchladesystem\nDekoreinlagen: M Interieurleisten Aluminium Rhombicle Anthrazit, Galvanikapplikation für Bedienelemente\nLenkrad-Schaltwippen\n\nExterieur\nAdaptives Fahrwerk\nAntrieb: Allrad\nM Sportfahrwerk: Adaptives M Fahrwerk, M Leuchten Shadow Line\nTouchscreen Bedienung\nDifferentialsperre: Aktives M Differential\nM Sportbremse: Dach und Spiegelkappen schwarz\nM Leichtmetallräder 20 Zoll: M Schmiederäder Doppelspeiche 826 M Schwarz / MB\nAußenspiegel elekt. anklappbar\nDachreling: BMW Individual Dachreling Hochglanz Shadow Line\nReifenpannenset\nInnovationspaket: II\nNotrufsystem: Intelligenter Notruf inkl. TeleServices (laufzeitgebundener Dienst)\nGeschwindigkeitsbegrenzer\nFahrzeugpersonalisierung: BMW ID\n\nSicherheit\nISOFIX Kindersitzbefestigung\nFußgängerschutzsystem\nFahrer- /Beifahrerairbag\nKopfairbag vorn und hinten\nSeitenairbag vorn und hinten\nKnieairbag Fahrer\nDynamische Traktions Control DTC\nDynamische Stabilitäts Control DSC\nReifen Pannen Anzeige RPA\nDiebstahlwarnanlage\nWegfahrsperre\nAußentemperatur Anzeige\nAntiblockiersystem ABS\nProaktives Insassenschutzsystem: Active Protection\nNotbremsassistent\nAkustischer Umfeldschutz\nQuerverkehrswarnung\n\nWeitere Ausstattung\nBMW Individual Leuchten Shadow Line\nDach und Spiegelkappen in schwarz\nSonnenschutzrollo für Seitenscheiben\nM Sicherheitsgurte\nBMW Individual Dachhimmel anthrazit\nFalschfahrwarnung\nAusweich-Assistent\nAmpel-Erkennung\nGepäckraum-Paket\nRemote 3D View (laufzeitgebundener Dienst)\n\nDie im Inserat aufgeführten Ausstattungsmerkmale sind unverbindlich. Maßgeblich für den Kauf ist allein der schriftliche Kaufvertrag. Angaben im Inserat begründen keine Beschaffenheitsvereinbarung. Verbindliche Ausstattungsangaben werden ausschließlich im Kaufvertrag festgelegt.",
  "dealerDetails": {
    "id": 455733,
    "name": "WELLER Premium GmbH - BMW & MINI Vertragshändler",
    "sellerType": "Dealer",
    "phones": [
      "+49 (0)4171 546002057"
    ],
    "languages": [
      "Deutsch",
      "English",
      "Italiano"
    ],
    "country": "DE",
    "address": "Lüneburger Strasse 128-130, DE-21423 Winsen/Luhe",
    "location": {
      "latitude": 53.352141,
      "longitude": 10.2269953
    },
    "activeSince": "2000-10-18T00:00:00.000Z",
    "homepageUrl": "https://home.mobile.de/home/redirect.html?customerId=455733",
    "iconUrl": "https://img.classistatic.de/api/v1/mo-prod/images/f3/f369e058-47d6-48e0-b304-42745f9a7694?rule=mo-640.jpg",
    "reviewPageUrl": "https://www.mobile.de/bewertungen/B-K-WINSEN?lang=en",
    "score": {
      "total": 4.4,
      "responseTime": 4.5,
      "friendliness": 4.4,
      "advice": 4.2
    },
    "activeRatingCount": 46,
    "vehicleAsDescribedPercentage": 92,
    "recommendPercentage": 85,
    "soldVehicleCount": null,
    "reviews": []
  },
  "attributes": {
    "Vehicle condition": "Used vehicle, Accident-free",
    "Category": "Estate car, Employee's Car",
    "Trim line": "Competition",
    "Vehicle Number": "40149080",
    "Availability": "Now",
    "Origin": "German edition",
    "Mileage": "8,866 km",
    "Cubic Capacity": "3,000 ccm",
    "Power": "390 kW (530 hp)",
    "Drive type": "Internal combustion engine",
    "Fuel": "Petrol",
    "CO₂ class": "Based on CO₂ emissions (combined)",
    "Fuel consumption": [
      "9.8 l/100km (combined)",
      "15.2 l/100km (city)",
      "9.9 l/100km (suburban)",
      "8.3 l/100km (country road)",
      "9.1 l/100km (motorway)"
    ],
    "Energy costs for 15,000 km annual mileage": "€2,640/Year",
    "Fuel price": "€1.80/l (annual average 2024)",
    "Possible CO₂ costs over the next 10 years (15,000 km/year)": [
      "€3,795 (assuming an average CO₂ price of €115/t)",
      "€1,650 (assuming a low average CO₂ price of €50/t)",
      "€6,270 (assuming a high average CO₂ price of €190/t)"
    ],
    "Vehicle tax": "€420/Year",
    "Number of Seats": "5",
    "Door Count": "4/5",
    "Transmission": "Automatic",
    "Emission Class": "Euro6d",
    "Emissions Sticker": "4 (Green)",
    "First Registration": "12/2024",
    "Number of Vehicle Owners": "1",
    "HU": "New",
    "Climatisation": "Automatic climatisation, 3 zones",
    "Parking sensors": "Front, Self-steering systems, Rear, 360° camera",
    "Airbags": "Front and Side and More Airbags",
    "Colour (Manufacturer)": "Isle of Man Grün",
    "Colour": "Green Metallic",
    "Interior Design": "Full leather, Black",
    "Cylinders": "6",
    "Energy consumption (comb.)": "9.8 l/100km",
    "CO₂ emissions (comb.)": "220 g/km"
  },
  "features": [
    "ABS",
    "Adaptive cornering lights",
    "Adaptive Cruise Control",
    "Alarm system",
    "Alloy wheels",
    "Ambient lighting",
    "Android Auto",
    "Apple CarPlay",
    "Arm rest",
    "Autom. dimming interior mirror",
    "Blind spot assist",
    "Bluetooth",
    "Central locking",
    "DAB radio",
    "Daytime running lights",
    "Digital cockpit",
    "Distance warning system",
    "Dynamic chassis control",
    "Electric seat adjustment",
    "Electric side mirror",
    "Electric tailgate",
    "Electric windows",
    "Eletric seat adjustment with memory function",
    "Emergency brake assist",
    "Emergency call system",
    "Emergency tyre repair kit",
    "ESP",
    "Folding exterior mirrors",
    "Four-wheel drive",
    "Full Service History",
    "Hands-free kit",
    "Head-up display",
    "Heated seats",
    "Heated steering wheel",
    "High beam assist",
    "Immobilizer",
    "Induction charging for smartphones",
    "Isofix",
    "Keyless central locking",
    "Lane change assist",
    "Leather steering wheel",
    "LED headlights",
    "Light sensor",
    "Lumbar support",
    "Multifunction steering wheel",
    "Navigation system",
    "Non-smoker vehicle",
    "On-board computer",
    "Paddle shifters",
    "Particulate filter",
    "Power Steering",
    "Rain sensor",
    "Roof rack",
    "Sound system",
    "Speed limit control system",
    "Sport seats",
    "Sports package",
    "Sports suspension",
    "Start-stop system",
    "Touchscreen",
    "Traction control",
    "Traffic sign recognition",
    "Tuner/radio",
    "Tyre pressure monitoring",
    "Voice control",
    "Warranty",
    "WLAN / Wi-Fi hotspot"
  ]
},
{
  "title": "BMW M3 Touring xDrive Competition*Laser*Leder*Carbon",
  "previewImage": "https://img.classistatic.de/api/v1/mo-prod/images/53/53646f66-62bb-4daa-bcc8-8eee22fce1be?rule=mo-1600.jpg",
  "category": "EstateCar",
  "brand": "BMW",
  "model": "M3",
  "url": "https://suchen.mobile.de/fahrzeuge/details.html?id=432216656",
  "price.total.amount": 89900,
  "priceRating": {
    "rating": "Good price",
    "priceRanges": {
      "Very good price": {
        "start": 67301,
        "end": 87500
      },
      "Good price": {
        "start": 87501,
        "end": 94200
      },
      "Fair price": {
        "start": 94201,
        "end": 104700
      },
      "Increased price": {
        "start": 104701,
        "end": 112400
      },
      "High price": {
        "start": 112401,
        "end": 124900
      }
    }
  },
  "description": "Herstellergarantie bis 04.2027\nFahrzeug hat noch keinen Winter (Salz) gesehen und wurde nur an schönem Wetter bewegt.\nService Einfahrkontrolle wurde bereits bei BMW durchgeführt.\n\nSonderausstattung:\nBMW Drive Recorder (Dashcam), BMW Individuallackierung Dravit-Grau Metallic, BMW Live Cockpit Professional, Bremsanlage: Compound - M Bremssystem (Bremssättel Rot), Gepäckraum-Paket, Innenausstattung: Interieurleisten Carbon, Innovations-Paket, Instrumententafel Sensatec, Lenkrad heizbar, LM-Felgen, Parkassistent-Paket Plus, Scheinwerfer BMW Individual Shadow-Line, Sicherheitsgurte M, Sicherheitssystem Active Protection, Sonnenschutzrollo an Türscheiben hinten, Sonnenschutzverglasung (hinten abgedunkelt), Sound-System Harman-Kardon, Verglasung Akustikglas\n\nWeitere Ausstattung:\nAblage-Paket, Adaptives Fahrwerk M-Technic, Airbag Beifahrerseite abschaltbar, Aktives M Differential, Ambiente-Beleuchtung, Ausstattungs-Paket: Connected Professional, Außenausstattung: Shadow-Line Hochglanz, Außenausstattung: Shadow-Line Hochglanz (erweiterter Umfang), Außenspiegel elektr. verstell- und heizbar, Bedienelemente galvanisiert, Bordcomputer, Competition, DAB-Tuner (Radioempfang digital), Dachhimmel Anthrazit (BMW Individual), Dachreling Hochglanz Shadow-Line, Diebstahlsicherung für Räder (Felgenschlösser), Durchladeeinrichtung (Mittelarmlehne hinten), Dynamische Stabilitäts-Control (DSC) mit erweiterter Umfang, Einstiegsleisten mit Einleger in Aluminium mit Schriftzug M, Erste Hilfe-Kasten / Verbandkasten, Fahrassistenz-System: Active Guard (Bremsassistent), Fahrassistenz-System: Aufmerksamkeits-Assistent, Freisprecheinrichtung Bluetooth mit USB-/Audio-Schnittstelle, Fußmatten Velours, Gepäckraumbeleuchtung, Getriebe Automatik - mit Steptronic und Drivelogic (8-Stufen), Getränkehalter, Heckklappenbetätigung automatisch, Heckleuchten LED, Induktionsladeschale für Smartphone (Wireless Charging), Innenspiegel mit Abblendautomatik, Instrumentenkombination (erweiterter Umfang), Isofix-Aufnahmen für Kindersitz an Rücksitz, Karosserie: 5-türig, Kennzeichenbeleuchtung LED, Klimaautomatik 3-Zonen mit autom. Umluft-Control, Knieairbag Fahrerseite, Kopf-Airbag-System hinten, Kopf-Airbag-System vorn, Kopfstützen hinten klappbar, Lenksäule (Lenkrad) elektr. verstellbar, Leuchtweitenregelung, M Drive (Fahrprofilauswahl), M Drive Professional (Fahrprofilauswahl), Motor 3,0 Ltr. - 375 kW 24V TwinTurbo KAT (S58), Nebelschlussleuchte(n), Otto-Partikelfilter (OPF), Park-Distance-Control (PDC) vorn und hinten, Parkbremse elektrisch, Reifendruck-Kontrollsystem, Reifenpannen-Anzeige, Schadstoffarm nach Abgasnorm Euro 6d, Schaltpunktanzeige, Seitenairbag vorn, Service-System: ConnectedDrive Services, Service-System: Gesetzlicher Notruf, Service-System: Intelligenter Notruf inkl. TeleServices, Sitzbezug / Polsterung: Leder Merino (erweiterter Umfang), Sitze vorn elektr. verstellbar (mit Memory), Spiegel-Paket, Sportdifferential, Sportsitze vorn (M-Technic), Start-Stop-Knopf, Start/Stop-Anlage (Funktion), Steckdose (12V-Anschluß) in Mittelkonsole vorn, Warndreieck, Widescreen Display, Wärme-/Sonnenschutzverglasung, Wärme-/Sonnenschutzverglasung kombiniert (hinten abgedunkelt)\n\n\nDie gemachten Angaben in Anzeigen, Internet, Preisschildern und Bildern sind unverbindliche Beschreibungen und dienen nicht als zugesicherte Eigenschaften.\nDer Verkäufer übernimmt keine Haftung/Gewährleistung für Tipp- und Datenübermittlungsfehler. Aufgeführte Ausstattungen sind gegebenenfalls gesondert zu prüfen.\n\nIrrtum, Änderungen und Zwischenverkauf vorbehalten.\nBitte vereinbaren Sie vor der Besichtigung einen Termin.\n\nKontaktaufnahme auch gerne per WhatsApp oder Mobil:\n+49 151 54951199",
  "dealerDetails": {
    "id": 31137327,
    "name": "BO Automobile",
    "sellerType": "Dealer",
    "phones": [
      "+49 (0)8502 249959205"
    ],
    "messengers": {
      "WHATS_APP": "+49 (0)1515 4951199"
    },
    "languages": [
      "Deutsch"
    ],
    "country": "DE",
    "address": "Grund 10, DE-94099 Ruhstorf an der Rott",
    "location": {
      "latitude": 48.4769483,
      "longitude": 13.2981629
    },
    "activeSince": "2023-02-24T00:00:00.000Z",
    "homepageUrl": "https://home.mobile.de/home/redirect.html?customerId=31137327",
    "iconUrl": null,
    "reviewPageUrl": "https://www.mobile.de/bewertungen/BOAUTOMOBILEFUERSTENZELL?lang=en",
    "score": {
      "total": 4.9,
      "responseTime": 5,
      "friendliness": 4.9,
      "advice": 4.9
    },
    "activeRatingCount": 16,
    "vehicleAsDescribedPercentage": 100,
    "recommendPercentage": 100,
    "soldVehicleCount": null,
    "reviews": []
  },
  "attributes": {
    "Vehicle condition": "Used vehicle, Accident-free",
    "Category": "Estate car",
    "Model range": "Baureihe M3 Touring (G81)(2022->)",
    "Trim line": "xDrive Competition",
    "Origin": "German edition",
    "Mileage": "2,300 km",
    "Cubic Capacity": "2,993 ccm",
    "Power": "375 kW (510 hp)",
    "Drive type": "Internal combustion engine",
    "Fuel": "Petrol",
    "Number of Seats": "5",
    "Door Count": "4/5",
    "Transmission": "Automatic",
    "Emission Class": "Euro6d",
    "Emissions Sticker": "4 (Green)",
    "First Registration": "04/2024",
    "Number of Vehicle Owners": "1",
    "HU": "04/2027",
    "Climatisation": "Automatic climatisation, 3 zones",
    "Parking sensors": "Self-steering systems, Rear, 360° camera, Front",
    "Airbags": "Front and Side and More Airbags",
    "Colour (Manufacturer)": "DRAVITGRAU",
    "Colour": "Grey Metallic",
    "Interior Design": "Full leather, Black",
    "Weight": "1,940 kg",
    "Cylinders": "6",
    "Tank capacity": "59 l"
  },
  "features": [
    "ABS",
    "Adaptive cornering lights",
    "Alarm system",
    "Alloy wheels",
    "Ambient lighting",
    "Android Auto",
    "Apple CarPlay",
    "Arm rest",
    "Autom. dimming interior mirror",
    "Blind spot assist",
    "Bluetooth",
    "Cargo barrier",
    "Central locking",
    "Cruise control",
    "DAB radio",
    "Digital cockpit",
    "Distance warning system",
    "Dynamic chassis control",
    "Electric seat adjustment",
    "Electric side mirror",
    "Electric tailgate",
    "Electric windows",
    "Eletric seat adjustment with memory function",
    "Emergency brake assist",
    "Emergency call system",
    "Emergency tyre repair kit",
    "ESP",
    "Fatigue warning system",
    "Folding exterior mirrors",
    "Four-wheel drive",
    "Full Service History",
    "Glare-free high beam headlights",
    "Hands-free kit",
    "Head-up display",
    "Heated rear seats",
    "Heated seats",
    "Heated steering wheel",
    "High beam assist",
    "Hill-start assist",
    "Immobilizer",
    "Induction charging for smartphones",
    "Integrated music streaming",
    "Isofix",
    "Keyless central locking",
    "Lane change assist",
    "Laser headlights",
    "Leather steering wheel",
    "LED running lights",
    "Light sensor",
    "Lumbar support",
    "Multifunction steering wheel",
    "Navigation system",
    "Non-smoker vehicle",
    "On-board computer",
    "Paddle shifters",
    "Particulate filter",
    "Power Steering",
    "Rain sensor",
    "Rear traffic alert",
    "Roof rack",
    "Sound system",
    "Speed limit control system",
    "Sport seats",
    "Sports package",
    "Sports suspension",
    "Start-stop system",
    "Summer tyres",
    "Tinted windows",
    "Touchscreen",
    "Traction control",
    "Traffic sign recognition",
    "Tuner/radio",
    "Tyre pressure monitoring",
    "USB port",
    "Voice control",
    "Warranty",
    "WLAN / Wi-Fi hotspot"
  ]
},
{
  "title": "BMW M3 Competition M xDrive DAProf PA+ ACC HUD LCP",
  "previewImage": "https://img.classistatic.de/api/v1/mo-prod/images/2f/2fddb900-e6bb-4074-ae12-14735c733e2d?rule=mo-1600.jpg",
  "category": "EstateCar",
  "brand": "BMW",
  "model": "M3",
  "url": "https://suchen.mobile.de/fahrzeuge/details.html?id=428034042",
  "price.total.amount": 89990,
  "priceRating": {
    "rating": "Good price",
    "priceRanges": {
      "Very good price": {
        "start": 66501,
        "end": 86500
      },
      "Good price": {
        "start": 86501,
        "end": 93100
      },
      "Fair price": {
        "start": 93101,
        "end": 103600
      },
      "Increased price": {
        "start": 103601,
        "end": 111200
      },
      "High price": {
        "start": 111201,
        "end": 123500
      }
    }
  },
  "description": "Bereifung\nAktuelle Bereifung: Sommerreifen\n\nModelljahr\nModelljahr: 2024\n\nGetriebe\nAutomatikgetriebe DriveLogic, 8 Gänge\n\nAusstattungslinie\nAusstattungslinie Exterieur: Competition\n\nAusstattungspakete\nM Sportpaket\nOptikpaket: M Hochglanz Shadow Line\nAblagepaket\nSpiegelpaket: Innen- und Außenspiegelpaket\n\nAssistenzsysteme\nHead-up-Display HUD\nBlendfreier Fernlichtassistent: BMW Selective Beam\nBMW ParkAssistent mit PDC vorne u. hinten: + automatisches Einparken\nRückfahrkamera: + Frontkamera\nSurround View: Top View, Panorama View, Remote 3D View\nFahrlichtautomatik\nAktive Geschwindigkeitsregelung mit Stop & Go: Abstandstempomat\nBerganfahrhilfe\nHill Descent Control HDC\nSpracheingabesystem\nMüdigkeitserkennung\nSpurwechselassistent\nSpurhalteassistent\nCornering Brake Control CBC\nFahrerassistenzpaket: Driving Assistant Professional, Parking Assistant Plus\nActive Guard Auffahrwarnung: mit Bremseingriff\nVerkehrszeichenerkennung\nGespannstabilisierung\n\nLicht und Sicht\nAdaptiver LED-Scheinwerfer\nAdaptives Kurvenlicht\nAbbiegelicht\nLED-Tagfahrlicht\nRegensensor\nAutomatisch abblendende Innen- und Außenspiegel\nSonnenschutzverglasung\nDynamische Leuchtweitenregulierung\nAmbientebeleuchtung mehrfarbig\nLichtsensor\n\nAudio & Kommunikation\nMultimedia-System\nBMW Navigationssystem Professional: inkl. RTTI\nBMW Professional Radio\nMulti-Funktions-Display: Widescreen Display\nDigitaler Radioempfang DAB\niDrive\nHarman/Kardon Soundsystem: Surround Sound\nUSB Anschluss, Bluetooth Audiostreaming\nBMW ConnectedDrive Services: Connected Package Professional\nHandyvorbereitung Bluetooth: inkl. Freisprecheinrichtung\nKabelloses Laden für Handys: Ablage für Wireless Charging\nWLAN Hotspot\n\nKomfort\nBMW Live Cockpit Professional\nKlimaautomatik, 3 Zonen\nFahrer-/Beifahrersitz elektrisch\nMemoryfunktion Fahrersitz\nLordosenstütze Fahrer/Beifahrer\nSitzheizung Fahrer/Beifahrer\nSportsitze\nArmauflage Fahrer/Beifahrer\nServotronic\nLenksäule verstellbar\nKomfortzugang\nAuto Start Stop Funktion\nZentralver. mit Fernbedienung\nFensterheber elektrisch 4-fach\nKopfstützen vorn und hinten\nAutomatische Heckklappenbetätigung\nM Drive\nGetränkehalter\n\nInterieur\nSitze Leder Merino\nMultifunktions-Lederlenkrad\nBordcomputer\nRücksitze klapp- und teilbar\nLaderaumabdeckung\nDurchladesystem\nDekoreinlagen Aluminium: Rhombicle anthrazit\nBodenbelag Teppich: Fußmatten in Velours\n\nExterieur\nAntrieb: Allrad\nAdaptives Fahrwerk\nM Sportfahrwerk\nTouchscreen Bedienung\nDifferentialsperre: Aktives M Differential\nCompound-Bremse\nM Leichtmetallräder 20 Zoll: Doppelspeiche 826 M\nAußenspiegel beheizt mit Bodenbeleuchtung\nDachreling: BMW Individual Hochglanz Shadow Line\nAntenne elekt.\nReifenpannenset\nSportabgasanlage\nInnovationspaket\nNotrufsystem: Intelligenter Notruf\nGeschwindigkeitsbegrenzer\nFahrzeugpersonalisierung\n\nSicherheit\nISOFIX Kindersitzbefestigung\nFußgängerschutzsystem\nFahrer- /Beifahrerairbag\nKopfairbag vorn\nSeitenairbag vorn und hinten\nFondairbags\nKnieairbag Fahrer\nDynamische Traktions Control DTC\nDynamische Stabilitäts Control DSC\nReifen Pannen Anzeige RPA\nDiebstahlwarnanlage\nAußentemperatur Anzeige\nVerzurrösen\nAntiblockiersystem ABS\nBremsverschleißanzeige\nProaktives Insassenschutzsystem: Active Protection\nCity-Anbremsfunktion\nQuerverkehrswarnung\n\nWeitere Ausstattung\nM Shadow Line mit erweiterten Umfängen\nDachhimmel anthrazit\nGalvanikapplikation für Bedienelemente\nÖlwartungsintervall 24 Monate/30.000 km\nGebrauchtwagensiegel: BMW Premium Selection\nehemalige unverbindliche Preisempfehlung des Herstellers: 112999 EUR\n\nFahrdaten\nvMax: 280 km/h\nBeschleunigung: 4 Sek. 0-100 km/h\n\nSonstige Maße und Gewichte\nNutzlast: 430 kg\nzulässiges Gesamtgewicht: 2.370 kg\n\nDie im Inserat aufgeführten Ausstattungsmerkmale sind unverbindlich. Maßgeblich für den Kauf ist allein der schriftliche Kaufvertrag. Angaben im Inserat begründen keine Beschaffenheitsvereinbarung. Verbindliche Ausstattungsangaben werden ausschließlich im Kaufvertrag festgelegt.",
  "dealerDetails": {
    "id": 454145,
    "name": "WELLER Premium GmbH - BMW & MINI Vertragshändler",
    "sellerType": "Dealer",
    "phones": [
      "+49 (0)5141 593412463"
    ],
    "languages": [
      "Deutsch"
    ],
    "country": "DE",
    "address": "An der Koppel 1, DE-29227 Celle",
    "location": {
      "latitude": 52.5906725,
      "longitude": 10.0667152
    },
    "activeSince": "1999-07-01T00:00:00.000Z",
    "homepageUrl": "https://home.mobile.de/home/redirect.html?customerId=454145",
    "iconUrl": "https://img.classistatic.de/api/v1/mo-prod/images/d2/d28dbb1d-a972-4546-8688-6638510f5163?rule=mo-640.jpg",
    "reviewPageUrl": "https://www.mobile.de/bewertungen/B-K-CELLE?lang=en",
    "score": {
      "total": 4.1,
      "responseTime": 4.3,
      "friendliness": 4.2,
      "advice": 3.9
    },
    "activeRatingCount": 40,
    "vehicleAsDescribedPercentage": 82,
    "recommendPercentage": 75,
    "soldVehicleCount": null,
    "reviews": []
  },
  "attributes": {
    "Vehicle condition": "Used vehicle",
    "Category": "Estate car, Employee's Car",
    "Trim line": "Competition",
    "Vehicle Number": "1614056",
    "Availability": "Now",
    "Mileage": "12,310 km",
    "Cubic Capacity": "2,993 ccm",
    "Power": "392 kW (533 hp)",
    "Drive type": "Internal combustion engine",
    "Fuel": "Petrol, E10-enabled",
    "Number of Seats": "5",
    "Door Count": "4/5",
    "Transmission": "Automatic",
    "Emission Class": "Euro6d",
    "Emissions Sticker": "4 (Green)",
    "First Registration": "09/2024",
    "Number of Vehicle Owners": "1",
    "HU": "New",
    "Climatisation": "Automatic climatisation, 3 zones",
    "Parking sensors": "Front, Rear, Self-steering systems, 360° camera",
    "Airbags": "Front and Side and More Airbags",
    "Colour (Manufacturer)": "Saphirschwarz",
    "Colour": "Black Metallic",
    "Interior Design": "Full leather, Black",
    "Cylinders": "6"
  },
  "features": [
    "ABS",
    "Adaptive cornering lights",
    "Adaptive Cruise Control",
    "Alarm system",
    "Alloy wheels",
    "Ambient lighting",
    "Arm rest",
    "Autom. dimming interior mirror",
    "Blind spot assist",
    "Bluetooth",
    "Central locking",
    "DAB radio",
    "Digital cockpit",
    "Distance warning system",
    "Dynamic chassis control",
    "Electric seat adjustment",
    "Electric tailgate",
    "Electric windows",
    "Eletric seat adjustment with memory function",
    "Emergency brake assist",
    "Emergency call system",
    "Emergency tyre repair kit",
    "ESP",
    "Four-wheel drive",
    "Full Service History",
    "Glare-free high beam headlights",
    "Hands-free kit",
    "Head-up display",
    "Heated seats",
    "High beam assist",
    "Hill-start assist",
    "Induction charging for smartphones",
    "Integrated music streaming",
    "Isofix",
    "Keyless central locking",
    "Lane change assist",
    "Leather steering wheel",
    "LED headlights",
    "LED running lights",
    "Light sensor",
    "Lumbar support",
    "Multifunction steering wheel",
    "Navigation system",
    "On-board computer",
    "Particulate filter",
    "Power Steering",
    "Rain sensor",
    "Roof rack",
    "Sound system",
    "Speed limit control system",
    "Sport seats",
    "Sports package",
    "Sports suspension",
    "Start-stop system",
    "Summer tyres",
    "Touchscreen",
    "Traction control",
    "Traffic sign recognition",
    "Tuner/radio",
    "Tyre pressure monitoring",
    "USB port",
    "Voice control",
    "Warranty",
    "WLAN / Wi-Fi hotspot"
  ]
},
{
  "title": "BMW M3 Competition Touring M-xDrive M-Drivers P. Dri",
  "previewImage": "https://img.classistatic.de/api/v1/mo-prod/images/7a/7a92294e-2965-4de1-98ee-c6d12921f5d6?rule=mo-1600.jpg",
  "category": "EstateCar",
  "brand": "BMW",
  "model": "M3",
  "url": "https://suchen.mobile.de/fahrzeuge/details.html?id=410184355",
  "price.total.amount": 89990,
  "priceRating": {
    "rating": "Very good price",
    "priceRanges": {
      "Very good price": {
        "start": 72701,
        "end": 94500
      },
      "Good price": {
        "start": 94501,
        "end": 101800
      },
      "Fair price": {
        "start": 101801,
        "end": 113300
      },
      "Increased price": {
        "start": 113301,
        "end": 121600
      },
      "High price": {
        "start": 121601,
        "end": 135100
      }
    }
  },
  "description": "Antrieb, Fahrwerk\nAdaptives M Fahrwerk\nAllrad\nM Compound-Bremse, rot hochglänzend\nM Drive Professional\nM Sportdifferential\nSportfahrwerk\n\nAußenausstattung\nDachreling Hochglanz Shadow-Line\nLM-Felgen\nSonnenschutzverglasung (hinten abgedunkelt)\n\nEditionen und Pakete\nAblagenpaket\nConnectedDrive Services (laufzeitgebundener Dienst)\nConnectedPackage Professional (laufzeitgebundener Dienst)\nInnovationspaket II\nM Driver's Package \n\nExterieur\nDach und Spiegelkappen schwarz\nDachreling\n\nFahrerassistenz\nDriving Assistant Professional\nGesetzlicher Notruf\nHead-Up Display\nParking Assistant Plus\nRückfahrkamera\nSpurverlassenswarnung\nSpurwechselwarnung\nTeleServices\n\nIndividualumfänge\nBMW Individual Dachreling Hochglanz Shadow Line\nBMW Individual Hochglanz Shadow Line\nBMW Individual Hochglanz Shadow Line mit erweiterten Umfängen\nBMW Individual Leuchten Shadow Line\nDachhimmel Individual anthrazit\n\nKomfort, Innenausstattung\nAbstandsregeltempomat\nAktive Sitzbelüftung vorn\nAkustikkomfort-Verglasung\nAmbiente-Beleuchtung\nAußenspiegel elektr. anklappbar\nBMW Live Cockpit Professional\nDurchladeeinrichtung (Mittelarmlehne hinten)\nDurchladesystem\nEinparkhilfe selbstlenkendes System\nFensterheber elektrisch vorn + hinten\nFensterheber, elektrisch\nFondkopfstützen klappbar\nFreisprecheinrichtung Bluetooth mit USB-/Audio-Schnittstelle\nGalvanikapplikation für Bedienelemente\nGeschwindigkeits-Regelanlage mit Bremsfunktion\nHead-up-Display Full Color\nInduktionsladeschale für Smartphone (Wireless Charging)\nInnen- und Aussenspiegel automatisch abblendend\nInnenspiegel mit Abblendautomatik\nIsofix-Aufnahmen für Kindersitz\nKeyless Entry\nKlimaautomatic\nKlimaautomatik 3-Zonen mit autom. Umluft-Control\nKomfortzugang\nLeder\nLederlenkrad\nLendenwirbelstütze Sitz vorn links und rechts, elektr. verstellbar\nLenkrad (Leder) mit Multifunktion M-Technic\nLicht- und Regensensor\nLordose\nLordosenstuetze fuer Fahrer und Beifahrer\nM Sicherheitsgurte\nM Sportsitze\nMultifunktion für Lenkrad\nMultifunktionslenkrad\nRadioempfang digital (DAB+)\nScheibenwischer mit Regensensor\nService-System: Augmented Reality für Navigation\nSitze vorn elektr. verstellbar (mit Memory)\nSitzheizung fuer Fahrer und Beifahrer\nSitzheizung vorn\nSitzverstellung, elektrisch mit Memory\nSonnenschutzverglasung\nSound-System Harman-Kardon\nSportsitze\nSpurhalteassistent\nStart/Stop-Anlage (Funktion)\nTempomat\nZentralverriegelung\nZentralverriegelung mit Diebstahlsicherung und Crashsensor\n\nMultimedia\nBluetooth\nBMW Live Cockpit Professional (laufzeitgebundener Dienst)\nDAB Tuner\nFreisprecheinrichtung\nHarman Kardon Surround Sound System\nNavigationssystem\nRadio\nTelefon\nUSB Schnittstelle\n\nRäder\n19\"/20\" M Schmiederäder Doppelspeiche 826 M Schwarz / MB\nRadschraubensicherung\nReifenreparatur-Set\n\nSicherheit/Umwelt\nAdaptives Fahrwerk M-Technic\nAirbag Beifahrerseite abschaltbar\nAirbag Fahrer-/Beifahrerseite\nAlarmanlage\nAnti-Blockier-System (ABS)\nAntriebsart: Allradantrieb\nAntriebsart: xDrive (Allrad)\nDiebstahl-Warnanlage\nDynamische Stabilitäts-Control (DSC)\nDynamische Stabilitäts-Control (DSC) mit erweiterter Umfang\nFahrassistenz-System: Active Guard (Bremsassistent)\nGeschwindigkeits-Begrenzeranlage (Speed Limit Device)\nKnieairbag Fahrerseite\nKopf-Airbag-System hinten\nKopf-Airbag-System vorn\nLichtassistent (Follow me home)\nOtto-Partikelfilter (OPF)\nReifendruck-Kontrollsystem\nReifenpannen-Anzeige\nScheinwerfer LED\nSeitenairbag vorn\nService-System: Gesetzlicher Notruf\n\nSitzbezug\nLeder Merino Silverstone/Schwarz\n\nSonstiges\nAblage für Wireless Charging \nActive Guard\nAktive Sitzbelüftung vorn\nBlow by-Heizer\nBremsanlage: Compound - M Bremssystem (Bremssättel Rot)\nCO2-Umfang\nDekodierung Zusatzfunktionen\nDeutsch / Bordliteratur\nDeutschland-Ausfuehrung\nElektrisch verstellbare Spiegel\nEU-spezifische Zusatzumfaenge\nFahrassistenz-System: Driving Assistant Professional\nFahrassistenz-System: Fernlichtassistent\nFzg. ohne Modell-Schriftzug\nInduktionsladen für Smartphones\nInnovations-Paket (2)\nInterieurleisten Aluminium Rhombicle Anthrazit \nKältemittel\nKilometertacho\nM Driver´s Package\nMetallic-Lackierung\nModellschriftzug, Entfall\nÖlwartungsintervall 24 Monate/30.000 km\nParkassistent-Paket Plus\nPersonal eSIM \nReifendruckkontrollsystem\nScheinwerfer BMW Individual Shadow-Line\nSicherheitssystem Active Protection\nSitzbezug / Polsterung: Leder Merino Silverstone / Schwarz\nSteuerung Infotainment\nSteuerung Karosserie\nVerglasung Akustikglas\n\nUmwelt, Sicherheit\nAbgasnorm EU6 RDE II\nABS\nActive Protection\nAdaptiver LED-Scheinwerfer\nAktiver Fussgängerschutz\nAlarmanlage\nAuto Start/Stop Funktion \nBeifahrerairbag\nBeifahrerairbag-Deaktivierung\nESP\nFahrerairbag\nFernlichtassistent\nInnenspiegel, automatisch abblendend\nKindersitzbefestigung ISOFIX\nKopfairbag\nLED-Scheinwerfer\nLichtsensor\nNotbremsassistent\nPASM\nRegensensor\nReifen Druck Control\nSeitenairbag\nTraction Control\nWarndreieck\nIrrtümer und Zwischenverkauf vorbehalten.",
  "dealerDetails": {
    "id": 457453,
    "name": "Autohaus Unterberger GmbH",
    "sellerType": "Dealer",
    "phones": [
      "+49 (0)8031 350606650"
    ],
    "languages": [
      "Deutsch",
      "English"
    ],
    "country": "DE",
    "address": "Sepp-Heindl-Strasse 2, DE-83026 Rosenheim",
    "location": {
      "latitude": 47.8432107,
      "longitude": 12.0839006
    },
    "activeSince": "2003-01-09T00:00:00.000Z",
    "homepageUrl": "https://home.mobile.de/home/redirect.html?customerId=457453",
    "iconUrl": "https://img.classistatic.de/api/v1/mo-prod/images/4a/4a312e72-83bf-4c8e-ad5e-2e21475792dd?rule=mo-640.jpg",
    "reviewPageUrl": "https://www.mobile.de/bewertungen/UNTERBERGER-GMBH?lang=en",
    "score": {
      "total": 4.6,
      "responseTime": 4.7,
      "friendliness": 4.6,
      "advice": 4.4
    },
    "activeRatingCount": 26,
    "vehicleAsDescribedPercentage": 95,
    "recommendPercentage": 87,
    "soldVehicleCount": null,
    "reviews": []
  },
  "attributes": {
    "Vehicle condition": "Used vehicle, Accident-free",
    "Category": "Estate car, Demonstration Vehicle",
    "Model range": "G81",
    "Trim line": "Touring M-xDrive  M-Drivers P. Driving Assist. Prof. L…",
    "Vehicle Number": "192681",
    "Availability": "Now",
    "Origin": "German edition",
    "Mileage": "8,000 km",
    "Cubic Capacity": "2,993 ccm",
    "Power": "390 kW (530 hp)",
    "Drive type": "Internal combustion engine",
    "Fuel": "Petrol, E10-enabled",
    "CO₂ class": "Based on CO₂ emissions (combined)",
    "Fuel consumption": [
      "10.4 l/100km (combined)",
      "15.8 l/100km (city)",
      "10.3 l/100km (suburban)",
      "8.8 l/100km (country road)",
      "9.8 l/100km (motorway)"
    ],
    "Energy costs for 15,000 km annual mileage": "€2,802/Year",
    "Fuel price": "€1.80/l (annual average 2024)",
    "Possible CO₂ costs over the next 10 years (15,000 km/year)": [
      "€4,477 (assuming an average CO₂ price of €127/t)",
      "€2,115 (assuming a low average CO₂ price of €60/t)",
      "€7,050 (assuming a high average CO₂ price of €200/t)"
    ],
    "Number of Seats": "5",
    "Door Count": "4/5",
    "Transmission": "Automatic",
    "Emission Class": "Euro6",
    "First Registration": "04/2025",
    "Construction Year": "2024",
    "Number of Vehicle Owners": "1",
    "HU": "New",
    "Climatisation": "Automatic climatisation, 3 zones",
    "Parking sensors": "Front, Self-steering systems, Rear, Camera",
    "Airbags": "Front and Side and More Airbags",
    "Colour (Manufacturer)": "BLACK SAPPHIRE",
    "Colour": "Black Metallic",
    "Interior Design": "Full leather, Black",
    "Weight": "1,940 kg",
    "Tank capacity": "59 l",
    "Energy consumption (comb.)": "10.4 l/100km",
    "CO₂ emissions (comb.)": "235 g/km"
  },
  "features": [
    "ABS",
    "Adaptive Cruise Control",
    "Adaptive lighting",
    "Alarm system",
    "Alloy wheels",
    "Ambient lighting",
    "Arm rest",
    "Autom. dimming interior mirror",
    "Blind spot assist",
    "Bluetooth",
    "Central locking",
    "DAB radio",
    "Digital cockpit",
    "Distance warning system",
    "Dynamic chassis control",
    "Electric seat adjustment",
    "Electric side mirror",
    "Electric windows",
    "Emergency brake assist",
    "Emergency call system",
    "ESP",
    "Four-wheel drive",
    "Full Service History",
    "Glare-free high beam headlights",
    "Hands-free kit",
    "Head-up display",
    "Heated seats",
    "High beam assist",
    "Hill-start assist",
    "Immobilizer",
    "Induction charging for smartphones",
    "Isofix",
    "Keyless central locking",
    "Lane change assist",
    "Leather steering wheel",
    "LED headlights",
    "LED running lights",
    "Light sensor",
    "Lumbar support",
    "Multifunction steering wheel",
    "Navigation system",
    "On-board computer",
    "Particulate filter",
    "Power Steering",
    "Rain sensor",
    "Roof rack",
    "Seat ventilation",
    "Sound system",
    "Speed limit control system",
    "Sport seats",
    "Sports package",
    "Sports suspension",
    "Start-stop system",
    "Tinted windows",
    "Touchscreen",
    "Traction control",
    "Tuner/radio",
    "Tyre pressure monitoring",
    "USB port",
    "Voice control"
  ]
},
{
  "title": "BMW M3 Competition xDrive Limousine - UPE 114.270,- ",
  "previewImage": "https://img.classistatic.de/api/v1/mo-prod/images/cd/cd359327-1ee5-4bf7-8e8d-0a717014ed9b?rule=mo-1600.jpg",
  "category": "Limousine",
  "brand": "BMW",
  "model": "M3",
  "url": "https://suchen.mobile.de/fahrzeuge/details.html?id=411209986",
  "price.total.amount": 89990,
  "priceRating": {
    "rating": "Good price",
    "priceRanges": {
      "Very good price": {
        "start": 68701,
        "end": 89400
      },
      "Good price": {
        "start": 89401,
        "end": 96200
      },
      "Fair price": {
        "start": 96201,
        "end": 107000
      },
      "Increased price": {
        "start": 107001,
        "end": 114900
      },
      "High price": {
        "start": 114901,
        "end": 127700
      }
    }
  },
  "description": "Antrieb, Fahrwerk\nAdaptives M Fahrwerk\nAllrad\nM Sportdifferential\n\nAußenausstattung\nLM-Felgen\nSonnenschutzverglasung (hinten abgedunkelt)\n\nEditionen und Pakete\nAblagenpaket\nConnectedDrive Services\nConnectedPackage Professional\nExterieur-Paket M Carbon\n\nFahrerassistenz\nFahrassistenz-System: Driving Assistant\nGeschwindigkeitsregelung mit Bremsfunktion\nGesetzlicher Notruf\nHead-Up Display\nParkassistent-Paket Plus\nTeleServices\n\nIndividualumfänge\nBMW Individual Hochglanz Shadow Line mit erweiterten Umfängen\nDachhimmel Individual anthrazit\nHochglanz Shadow Line\n\nKomfort, Innenausstattung\nAmbiente-Beleuchtung\nAußenspiegel elektr. anklappbar\nBMW Live Cockpit Professional\nDurchladeeinrichtung (Mittelarmlehne hinten)\nDurchladesystem\nEinparkhilfe selbstlenkendes System\nFahrassistenz-System: Einparkhilfe Seite\nFahrassistenz-System: Park-Assistent\nFensterheber elektrisch vorn + hinten\nFensterheber, elektrisch\nFondkopfstützen klappbar\nFreisprecheinrichtung Bluetooth mit USB-/Audio-Schnittstelle\nGalvanikapplikation für Bedienelemente\nGeschwindigkeits-Begrenzeranlage (Speed Limit Device)\nGeschwindigkeits-Regelanlage mit Bremsfunktion\nHead-up-Display Full Color\nHeckklappenbetätigung automatisch\nInduktionsladeschale für Smartphone (Wireless Charging)\nInnen- und Aussenspiegel automatisch abblendend\nInnenspiegel mit Abblendautomatik\nIsofix-Aufnahmen für Kindersitz\nKlimaautomatic\nKlimaautomatik 3-Zonen mit autom. Umluft-Control\nKomfortzugang (Öffnungs- und Schließsystem)\nLendenwirbelstütze Sitz vorn links und rechts, elektr. verstellbar\nLenkrad (Leder) mit Multifunktion M-Technic\nLenkrad heizbar\nLicht- und Regensensor\nLordosenstuetze fuer Fahrer und Beifahrer\nM Sicherheitsgurte\nM Sportsitze\nMultifunktion für Lenkrad\nParkassistent-Paket\nRadioempfang digital (DAB+)\nRückfahrkamera\nScheibenwischer mit Regensensor\nService-System: Augmented Reality für Navigation\nService-System: WiFi-Direct\nSitze vorn elektr. verstellbar (mit Memory)\nSitzheizung fuer Fahrer und Beifahrer\nSitzheizung vorn\nSitzverstellung, elektrisch mit Memory\nSonnenschutzverglasung\nSound-System Harman-Kardon\nStart/Stop-Anlage (Funktion)\nZentralverriegelung mit Diebstahlsicherung und Crashsensor\n\nMultimedia\nBMW Live Cockpit Professional\nDAB Tuner\nFreisprecheinrichtung\nHarman Kardon Surround Sound System\nNavigationssystem\n\nRäder\n19\"/20\" M Schmiederäder Doppelspeiche 826 M Schwarz / MB\nRadschraubensicherung\n\nSicherheit/Umwelt\nAdaptives Fahrwerk M-Technic\nAirbag Beifahrerseite abschaltbar\nAirbag Fahrer-/Beifahrerseite\nAlarmanlage\nAnti-Blockier-System (ABS)\nAntriebsart: Allradantrieb\nAntriebsart: xDrive (Allrad)\nDiebstahl-Warnanlage\nDynamische Stabilitäts-Control (DSC)\nDynamische Stabilitäts-Control (DSC) mit erweiterter Umfang\nFahrassistenz-System: Active Guard (Bremsassistent)\nFahrassistenz-System: Rückfahrhilfe Notbremsfunktion (Active PDC)\nKnieairbag Fahrerseite\nKopf-Airbag-System hinten\nKopf-Airbag-System vorn\nLichtassistent (Follow me home)\nOtto-Partikelfilter (OPF)\nReifendruck-Kontrollsystem\nReifenpannen-Anzeige\nScheinwerfer LED\nSeitenairbag vorn\nService-System: Gesetzlicher Notruf\nService-System: Intelligenter Notruf inkl. TeleServices\n\nSitzbezug\nLEDER MERINO\n\nSonstiges\nAblage für Wireless Charging \nAblage-Paket\nABS\nActive Guard\nAktives M Differential\nAnhänger-Stabilisierungs-Programm (ASL)\nAußenausstattung: Shadow-Line Hochglanz\nAußenausstattung: Shadow-Line Hochglanz (erweiterter Umfang)\nBremsanlage: Compound - M Bremssystem (Bremssättel Schwarz)\nDeutsch / Bordliteratur\nElektrisch verstellbare Spiegel\nInterieurleisten Aluminium Rhombicle Anthrazit \nLeder\nM Drive Professional\nMultifunktionslenkrad\nÖlwartungsintervall 24 Monate/30.000 km\nPersonal eSIM \nReifenreparatur-Set\nScheinwerfer BMW Individual Shadow-Line\nSeitenairbag\nSitzbezug / Polsterung: Leder Merino Schwarz\nSportfahrwerk\nSportsitze\nUltimate-Paket\nZentralverriegelung\n\nUmwelt, Sicherheit\nAbgasnorm EU6 RDE II\nAktiver Fussgängerschutz\nAlarmanlage\nBeifahrerairbag\nBeifahrerairbag-Deaktivierung\nESP\nFahrassistenz-System: Fernlichtassistent\nInnenspiegel, automatisch abblendend\nKindersitzbefestigung ISOFIX\nLED-Scheinwerfer\nRegensensor\nReifen Druck Control\nScheinwerfer LED mit adaptiver Lichtverteilung\nTraction Control\nWarndreieck\n\nListenpreis: 114.270,00€ \n\nZzgl. 1.090,00€ für Zulassung, Transport und Überführung. Alle Preise inkl. MwSt. gebunden für die gesamte Vertragslaufzeit\n\nIhr Ansprechpartner: Tim Ahrend\nTel: 05031-9400-44\nEmail: tim.ahrend@becker-tiemann.de Irrtümer und Zwischenverkauf vorbehalten.",
  "dealerDetails": {
    "id": 22772491,
    "name": "Autohaus Becker-Tiemann Schaumburg GmbH & Co. KG",
    "sellerType": "Dealer",
    "phones": [
      "+49 (0)5031 519487809"
    ],
    "languages": [
      "Deutsch"
    ],
    "country": "DE",
    "address": "Hagenburgertraße 46, DE-31515 Wunstorf",
    "location": {
      "latitude": 52.42814139999999,
      "longitude": 9.412084799999999
    },
    "activeSince": "2020-01-14T00:00:00.000Z",
    "homepageUrl": "https://home.mobile.de/home/redirect.html?customerId=22772491",
    "iconUrl": null,
    "reviewPageUrl": "https://www.mobile.de/bewertungen/AutohausBeckerTiemannSchaumburgGmbHCoKG?lang=en",
    "score": {
      "total": 4.8,
      "responseTime": 4.7,
      "friendliness": 4.9,
      "advice": 4.8
    },
    "activeRatingCount": 24,
    "vehicleAsDescribedPercentage": 100,
    "recommendPercentage": 95,
    "soldVehicleCount": null,
    "reviews": []
  },
  "attributes": {
    "Vehicle condition": "Used vehicle, Accident-free",
    "Category": "Saloon, Demonstration Vehicle",
    "Model range": "G80",
    "Trim line": " xDrive Limousine - UPE 114.270,- € #exclusive",
    "Vehicle Number": "FU39891",
    "Availability": "Now",
    "Mileage": "7,500 km",
    "Cubic Capacity": "2,993 ccm",
    "Power": "390 kW (530 hp)",
    "Drive type": "Internal combustion engine",
    "Fuel": "Petrol, E10-enabled",
    "CO₂ class": "Based on CO₂ emissions (combined)",
    "Fuel consumption": [
      "10.1 l/100km (combined)",
      "15.4 l/100km (city)",
      "10.1 l/100km (suburban)",
      "8.7 l/100km (country road)",
      "9.5 l/100km (motorway)"
    ],
    "Energy costs for 15,000 km annual mileage": "€2,721/Year",
    "Fuel price": "€1.80/l (annual average 2024)",
    "Possible CO₂ costs over the next 10 years (15,000 km/year)": [
      "€4,362 (assuming an average CO₂ price of €127/t)",
      "€2,061 (assuming a low average CO₂ price of €60/t)",
      "€6,870 (assuming a high average CO₂ price of €200/t)"
    ],
    "Vehicle tax": "€456/Year",
    "Number of Seats": "5",
    "Door Count": "4/5",
    "Transmission": "Automatic",
    "Emission Class": "Euro6",
    "First Registration": "04/2025",
    "Construction Year": "2024",
    "Number of Vehicle Owners": "1",
    "HU": "04/2028",
    "Climatisation": "Automatic climatisation, 3 zones",
    "Parking sensors": "Self-steering systems, Rear, 360° camera, Front",
    "Airbags": "Front and Side and More Airbags",
    "Colour (Manufacturer)": "ALPINWEISS III",
    "Colour": "White",
    "Interior Design": "Full leather, Black",
    "Weight": "1,855 kg",
    "Tank capacity": "59 l",
    "Energy consumption (comb.)": "10.1 l/100km",
    "CO₂ emissions (comb.)": "229 g/km"
  },
  "features": [
    "ABS",
    "Adaptive cornering lights",
    "Alarm system",
    "Alloy wheels",
    "Ambient lighting",
    "Android Auto",
    "Apple CarPlay",
    "Arm rest",
    "Autom. dimming interior mirror",
    "Blind spot assist",
    "Bluetooth",
    "Central locking",
    "Cruise control",
    "DAB radio",
    "Digital cockpit",
    "Distance warning system",
    "Dynamic chassis control",
    "Electric seat adjustment",
    "Electric side mirror",
    "Electric tailgate",
    "Electric windows",
    "Eletric seat adjustment with memory function",
    "Emergency brake assist",
    "Emergency call system",
    "ESP",
    "Four-wheel drive",
    "Glare-free high beam headlights",
    "Hands-free kit",
    "Head-up display",
    "Heated seats",
    "Heated steering wheel",
    "High beam assist",
    "Hill-start assist",
    "Immobilizer",
    "Induction charging for smartphones",
    "Isofix",
    "Keyless central locking",
    "Leather steering wheel",
    "LED headlights",
    "LED running lights",
    "Light sensor",
    "Lumbar support",
    "Multifunction steering wheel",
    "Navigation system",
    "On-board computer",
    "Paddle shifters",
    "Particulate filter",
    "Power Steering",
    "Rain sensor",
    "Rear traffic alert",
    "Sound system",
    "Speed limit control system",
    "Sport seats",
    "Sports suspension",
    "Start-stop system",
    "Summer tyres",
    "Tinted windows",
    "Touchscreen",
    "Traction control",
    "Traffic sign recognition",
    "Tuner/radio",
    "Tyre pressure monitoring",
    "USB port",
    "Voice control",
    "WLAN / Wi-Fi hotspot"
  ]
},
{
  "title": "BMW M3 Baureihe M3 Touring xDrive Competition",
  "previewImage": "https://img.classistatic.de/api/v1/mo-prod/images/f8/f8d53fd6-54c1-4650-9103-101aa2bdbbc8?rule=mo-1600.jpg",
  "category": "EstateCar",
  "brand": "BMW",
  "model": "M3",
  "url": "https://suchen.mobile.de/fahrzeuge/details.html?id=434259523",
  "price.total.amount": 89990,
  "priceRating": {
    "rating": "Fair price",
    "priceRanges": {
      "Very good price": {
        "start": 63801,
        "end": 83000
      },
      "Good price": {
        "start": 83001,
        "end": 89400
      },
      "Fair price": {
        "start": 89401,
        "end": 99400
      },
      "Increased price": {
        "start": 99401,
        "end": 106700
      },
      "High price": {
        "start": 106701,
        "end": 118600
      }
    }
  },
  "description": "Herzlich Willkommen bei Vorderpfalz Automobile >>> DER VERKAUF UND DAS FAHRZEUG BEFINDET SICH IN : Im Lettenhorst 19, 67105 Schifferstadt <<<Falls Sie noch Fragen haben, oder weitere Informationen zu Ihrem neuen Fahrzeug wünschen, zögern Sie bitte nicht uns zu kontaktieren. Sie erreichen uns: Montags bis Freitags 10:00 - 17:00 Uhr und Samstags 10:00 - 13:00 Uhr.\nSonderausstattung:\nBMW Individuallackierung Tansanit-Blau II Metallic, BMW Live Cockpit Professional, Bremsanlage: Compound - M Bremssystem (Bremssättel Schwarz), Fahrassistenz-System: Driving Assistant Professional, Innenausstattung: Interieurleisten Carbon, Innovations-Paket, Instrumententafel Sensatec, Lenkrad heizbar, LM-Felgen vorn/hinten: 9,5x19 / 10,5x20 (Doppelspeichen 825 M, Bicolor, Schwarz), Metallic-Lackierung, Parkassistent-Paket Plus, Scheinwerfer BMW Individual Shadow-Line, Sicherheitsgurte M, Sonnenschutzverglasung (hinten abgedunkelt), Sound-System Harman-Kardon\n\nWeitere Ausstattung:\nAblage-Paket, Adaptives Fahrwerk M-Technic, Airbag Beifahrerseite abschaltbar, Aktives M Differential, Ambiente-Beleuchtung, Ausstattungs-Paket: Connected Professional, Außenausstattung: Shadow-Line Hochglanz, Außenausstattung: Shadow-Line Hochglanz (erweiterter Umfang), Außenspiegel elektr. verstell- und heizbar, Bedienelemente galvanisiert, Bordcomputer, Competition, DAB-Tuner (Radioempfang digital), Dachhimmel Anthrazit (BMW Individual), Dachreling Hochglanz Shadow-Line, Diebstahlsicherung für Räder (Felgenschlösser), Durchladeeinrichtung (Mittelarmlehne hinten), Dynamische Stabilitäts-Control (DSC) mit erweiterter Umfang, Einstiegsleisten mit Einleger in Aluminium mit Schriftzug M, Erste Hilfe-Kasten / Verbandkasten, Fahrassistenz-System: Active Guard (Bremsassistent), Fahrassistenz-System: Aufmerksamkeits-Assistent, Freisprecheinrichtung Bluetooth mit USB-/Audio-Schnittstelle, Fußmatten Velours, Gepäckraumbeleuchtung, Getriebe Automatik - mit Steptronic und Drivelogic (8-Stufen), Getränkehalter, Heckklappenbetätigung automatisch, Heckleuchten LED, Induktionsladeschale für Smartphone (Wireless Charging), Innenspiegel mit Abblendautomatik, Instrumentenkombination (erweiterter Umfang), Isofix-Aufnahmen für Kindersitz an Rücksitz, Karosserie: 5-türig, Kennzeichenbeleuchtung LED, Klimaautomatik 3-Zonen mit autom. Umluft-Control, Knieairbag Fahrerseite, Kopf-Airbag-System hinten, Kopf-Airbag-System vorn, Kopfstützen hinten klappbar, Lenksäule (Lenkrad) elektr. verstellbar, Leuchtweitenregelung, M Drive (Fahrprofilauswahl), M Drive Professional (Fahrprofilauswahl), Motor 3,0 Ltr. - 375 kW 24V TwinTurbo KAT (S58), Nebelschlussleuchte(n), Otto-Partikelfilter (OPF), Park-Distance-Control (PDC) vorn und hinten, Parkbremse elektrisch, Reifendruck-Kontrollsystem, Reifenpannen-Anzeige, Schadstoffarm nach Abgasnorm Euro 6d, Schaltpunktanzeige, Seitenairbag vorn, Service-System: ConnectedDrive Services, Service-System: Gesetzlicher Notruf, Service-System: Intelligenter Notruf inkl. TeleServices, Sitzbezug / Polsterung: Leder Merino (erweiterter Umfang), Sitze vorn elektr. verstellbar (mit Memory), Spiegel-Paket, Sportdifferential, Sportsitze vorn (M-Technic), Start-Stop-Knopf, Start/Stop-Anlage (Funktion), Steckdose (12V-Anschluß) in Mittelkonsole vorn, Warndreieck, Widescreen Display, Wärme-/Sonnenschutzverglasung, Wärme-/Sonnenschutzverglasung kombiniert (hinten abgedunkelt)Die gemachten Angaben in Anzeigen, Internet, Preisschildern und Bildern sind unverbindliche Beschreibungen und dienen nicht als zugesicherte Eigenschaften. Der Verkäufer übernimmt keine Haftung/ Gewährleistung für Tipp- und Datenübermittlungsfehler. Aufgeführte Ausstattungen sind ggfs. gesondert zu prüfen. Irrtum und Zwischenverkauf vorbehalten.\nAusschlaggebend sind einzig und alleine die Vereinbarungen in der Auftragsbestätigung oder im Kaufvertrag.",
  "dealerDetails": {
    "id": 38372162,
    "name": "Vorderpfalz Automobile GmbH",
    "sellerType": "Dealer",
    "phones": [
      "+49 (0)6231 837962041"
    ],
    "languages": [
      "Deutsch"
    ],
    "country": "DE",
    "address": "Am Schlaggraben 8, DE-67127 Rödersheim-Gronau",
    "location": {
      "latitude": 49.4301094,
      "longitude": 8.277175699999999
    },
    "activeSince": "2025-02-14T00:00:00.000Z",
    "homepageUrl": "https://home.mobile.de/home/redirect.html?customerId=38372162",
    "iconUrl": null,
    "reviewPageUrl": "https://www.mobile.de/bewertungen/VorderpfalzAutomobileGmbH?lang=en",
    "score": {
      "total": 5,
      "responseTime": 5,
      "friendliness": 5,
      "advice": 5
    },
    "activeRatingCount": 1,
    "vehicleAsDescribedPercentage": 100,
    "recommendPercentage": 100,
    "soldVehicleCount": null,
    "reviews": []
  },
  "attributes": {
    "Vehicle condition": "Used vehicle, Accident-free",
    "Category": "Estate car",
    "Model range": "Baureihe M3 Touring (G81)(2022->)",
    "Trim line": "xDrive Competition",
    "Mileage": "5,000 km",
    "Cubic Capacity": "2,993 ccm",
    "Power": "375 kW (510 hp)",
    "Drive type": "Internal combustion engine",
    "Fuel": "Petrol",
    "Number of Seats": "5",
    "Door Count": "4/5",
    "Transmission": "Automatic",
    "First Registration": "03/2024",
    "Number of Vehicle Owners": "1",
    "HU": "03/2027",
    "Climatisation": "Automatic climatisation, 4 zones",
    "Parking sensors": "360° camera, Front, Rear",
    "Airbags": "Front and Side and More Airbags",
    "Colour (Manufacturer)": "TANSANITBLAU II METALLIC",
    "Colour": "Blue Metallic",
    "Interior Design": "Full leather, Black",
    "Weight": "1,940 kg",
    "Cylinders": "6",
    "Tank capacity": "59 l"
  },
  "features": [
    "ABS",
    "Alarm system",
    "Alloy wheels",
    "Ambient lighting",
    "Android Auto",
    "Apple CarPlay",
    "Arm rest",
    "Autom. dimming interior mirror",
    "Blind spot assist",
    "Bluetooth",
    "Cargo barrier",
    "CD player",
    "Central locking",
    "Cruise control",
    "DAB radio",
    "Digital cockpit",
    "Distance warning system",
    "Dynamic chassis control",
    "Electric seat adjustment",
    "Electric side mirror",
    "Electric tailgate",
    "Electric windows",
    "Eletric seat adjustment with memory function",
    "Emergency brake assist",
    "Emergency call system",
    "ESP",
    "Fatigue warning system",
    "Folding exterior mirrors",
    "Four-wheel drive",
    "Full Service History",
    "Glare-free high beam headlights",
    "Hands-free kit",
    "Head-up display",
    "Heated rear seats",
    "Heated seats",
    "Heated steering wheel",
    "High beam assist",
    "Hill-start assist",
    "Immobilizer",
    "Induction charging for smartphones",
    "Integrated music streaming",
    "Isofix",
    "Keyless central locking",
    "Lane change assist",
    "Leather steering wheel",
    "LED headlights",
    "LED running lights",
    "Light sensor",
    "Multifunction steering wheel",
    "Navigation system",
    "Non-smoker vehicle",
    "On-board computer",
    "Paddle shifters",
    "Power Steering",
    "Rain sensor",
    "Roof rack",
    "Sound system",
    "Sport seats",
    "Sports package",
    "Sports suspension",
    "Start-stop system",
    "Summer tyres",
    "Tinted windows",
    "Touchscreen",
    "Traction control",
    "Traffic sign recognition",
    "TV",
    "Tyre pressure monitoring",
    "USB port",
    "Voice control",
    "Warranty",
    "WLAN / Wi-Fi hotspot"
  ]
},
{
  "title": "BMW M3 xDrive Competition 1. Hand - 730 PS Akrapovič",
  "previewImage": "https://img.classistatic.de/api/v1/mo-prod/images/12/122d3fe0-238d-4172-bbd3-6f64ccfd6a08?rule=mo-1600.jpg",
  "category": "EstateCar",
  "brand": "BMW",
  "model": "M3",
  "url": "https://suchen.mobile.de/fahrzeuge/details.html?id=434194749",
  "price.total.amount": 89990,
  "priceRating": {
    "rating": "Fair price",
    "priceRanges": {
      "Very good price": {
        "start": 60601,
        "end": 78700
      },
      "Good price": {
        "start": 78701,
        "end": 84800
      },
      "Fair price": {
        "start": 84801,
        "end": 94300
      },
      "Increased price": {
        "start": 94301,
        "end": 101200
      },
      "High price": {
        "start": 101201,
        "end": 112500
      }
    }
  },
  "description": "1 Hand\nTüv AU neu\nScheckheftgepflegt bei BMWEuregio Motorcars GmbH\nEschweilerstr 167\n52222 Stolberg\n\nMobil: 0049 (0) 15772567022\nTel: 0049 (0) 24021247840\nEmail: info@euregio-motorcars.deSonderausstattung:\nBMW Individual-Sonderlackierung Frozen Black Metallic, Bremsanlage: Compound - M Bremssystem (Bremssättel Schwarz), Innenausstattung: Interieurleisten Alu Rhombicle mit Akzentleiste, LM-Felgen, M Driver´s Package, Parkassistent-Paket, Scheinwerfer BMW Individual Shadow-Line, Sonnenschutzrollo an Türscheiben hinten, Sonnenschutzverglasung (hinten abgedunkelt), Sound-System Harman-Kardon, Verglasung Akustikglas\n\nWeitere Ausstattung:\nAblage-Paket, Adaptives Fahrwerk M-Technic, Airbag Beifahrerseite abschaltbar, Aktives M Differential, Ambiente-Beleuchtung, Ausstattungs-Paket: Connected Professional, Außenausstattung: Shadow-Line Hochglanz, Außenausstattung: Shadow-Line Hochglanz (erweiterter Umfang), Außenspiegel elektr. verstell- und heizbar, Bedienelemente galvanisiert, BMW Live Cockpit Plus, Bordcomputer, Competition, DAB-Tuner (Radioempfang digital), Dachhimmel Anthrazit (BMW Individual), Dachreling Hochglanz Shadow-Line, Diebstahlsicherung für Räder (Felgenschlösser), Durchladeeinrichtung (Mittelarmlehne hinten), Dynamische Stabilitäts-Control (DSC) mit erweiterter Umfang, Einstiegsleisten mit Einleger in Aluminium mit Schriftzug M, Erste Hilfe-Kasten / Verbandkasten, Fahrassistenz-System: Active Guard (Bremsassistent), Fahrassistenz-System: Aufmerksamkeits-Assistent, Freisprecheinrichtung Bluetooth mit USB-/Audio-Schnittstelle, Fußmatten Velours, Gepäckraumbeleuchtung, Getriebe Automatik - mit Steptronic und Drivelogic (8-Stufen), Getränkehalter, Heckklappenbetätigung automatisch, Heckleuchten LED, Induktionsladeschale für Smartphone (Wireless Charging), Innenausstattung: Interieurleisten, schwarz hochglänzend, Innenspiegel mit Abblendautomatik, Instrumentenkombination (erweiterter Umfang), Isofix-Aufnahmen für Kindersitz an Rücksitz, Karosserie: 5-türig, Kennzeichenbeleuchtung LED, Klimaautomatik 3-Zonen mit autom. Umluft-Control, Knieairbag Fahrerseite, Kopf-Airbag-System hinten, Kopf-Airbag-System vorn, Kopfstützen hinten klappbar, Lenksäule (Lenkrad) elektr. verstellbar, Leuchtweitenregelung, M Drive (Fahrprofilauswahl), M Drive Professional (Fahrprofilauswahl), Motor 3,0 Ltr. - 375 kW 24V TwinTurbo KAT (S58), Nebelschlussleuchte(n), Otto-Partikelfilter (OPF), Park-Distance-Control (PDC) vorn und hinten, Parkbremse elektrisch, Reifendruck-Kontrollsystem, Reifenpannen-Anzeige, Schadstoffarm nach Abgasnorm Euro 6d, Schaltpunktanzeige, Seitenairbag vorn, Service-System: ConnectedDrive Services, Service-System: Gesetzlicher Notruf, Service-System: Intelligenter Notruf inkl. TeleServices, Sitzbezug / Polsterung: Leder Merino (erweiterter Umfang), Sitze vorn elektr. verstellbar (mit Memory), Spiegel-Paket, Sportdifferential, Sportsitze vorn (M-Technic), Start-Stop-Knopf, Start/Stop-Anlage (Funktion), Steckdose (12V-Anschluß) in Mittelkonsole vorn, Warndreieck, Widescreen Display, Wärme-/Sonnenschutzverglasung, Wärme-/Sonnenschutzverglasung kombiniert (hinten abgedunkelt)\nZwischenverkauf und Irrtümer für dieses Angebot sind ausdrücklich vorbehalten.Die Fahrzeugbeschreibung dient lediglich der allgemeinen Identifizierung des Fahrzeuges und stellt kein Gewährleistung im kaufrechtlichen Sinne dar.Ausschlaggebend sind einzig und allein die Vereinbarungen in der Auftragsbestätigung oder im Kaufvertrag/Rechnung.Die genauen Ausstattungsumfang erhalten Sie von unserem Verkaufpersonal.",
  "dealerDetails": {
    "id": 5147416,
    "name": "Euregio-Motorcars GmbH",
    "sellerType": "Dealer",
    "phones": [
      "+49 (0)2402 906594833"
    ],
    "messengers": {
      "WHATS_APP": "+49 (0)1577 2567022"
    },
    "languages": [
      "Deutsch",
      "English"
    ],
    "country": "DE",
    "address": "Eschweiler str 167, DE-52222 Stolberg",
    "location": {
      "latitude": 50.7892428,
      "longitude": 6.222505399999999
    },
    "activeSince": "2011-01-04T00:00:00.000Z",
    "homepageUrl": "https://home.mobile.de/home/redirect.html?customerId=5147416",
    "iconUrl": "https://img.classistatic.de/api/v1/mo-prod/images/6c/6cd01e49-741c-47f2-adb6-53005bdfc9d5?rule=mo-640.jpg",
    "reviewPageUrl": "https://www.mobile.de/bewertungen/EUREGIOMOTORCARSGMBH?lang=en",
    "score": {
      "total": 4.8,
      "responseTime": 4.8,
      "friendliness": 4.9,
      "advice": 4.7
    },
    "activeRatingCount": 35,
    "vehicleAsDescribedPercentage": 100,
    "recommendPercentage": 96,
    "soldVehicleCount": null,
    "reviews": []
  },
  "attributes": {
    "Vehicle condition": "Used vehicle, Accident-free",
    "Category": "Estate car",
    "Model range": "Baureihe M3 Touring (G81)(2022->)",
    "Trim line": "M3 Touring xDrive Competition",
    "Mileage": "14,590 km",
    "Cubic Capacity": "2,993 ccm",
    "Power": "375 kW (510 hp)",
    "Drive type": "Internal combustion engine",
    "Fuel": "Petrol",
    "Number of Seats": "5",
    "Door Count": "4/5",
    "Transmission": "Automatic",
    "Emission Class": "Euro6",
    "Emissions Sticker": "4 (Green)",
    "First Registration": "12/2023",
    "Number of Vehicle Owners": "1",
    "HU": "New",
    "Climatisation": "Automatic climatisation, 4 zones",
    "Parking sensors": "Rear, Front, Camera, Self-steering systems",
    "Airbags": "Front and Side and More Airbags",
    "Colour (Manufacturer)": "Frozen Black Metallic",
    "Colour": "Black Metallic Matte",
    "Interior Design": "Full leather, Black",
    "Weight": "1,940 kg",
    "Cylinders": "6",
    "Tank capacity": "59 l"
  },
  "features": [
    "ABS",
    "Adaptive cornering lights",
    "Alarm system",
    "Alloy wheels",
    "Ambient lighting",
    "Android Auto",
    "Apple CarPlay",
    "Arm rest",
    "Autom. dimming interior mirror",
    "Blind spot assist",
    "Bluetooth",
    "Central locking",
    "Cruise control",
    "DAB radio",
    "Digital cockpit",
    "Distance warning system",
    "Dynamic chassis control",
    "Electric seat adjustment",
    "Electric side mirror",
    "Electric tailgate",
    "Electric windows",
    "Eletric seat adjustment with memory function",
    "Emergency brake assist",
    "Emergency call system",
    "Emergency tyre repair kit",
    "ESP",
    "Fatigue warning system",
    "Fog lamp",
    "Folding exterior mirrors",
    "Four-wheel drive",
    "Full Service History",
    "Glare-free high beam headlights",
    "Hands-free kit",
    "Heated rear seats",
    "Heated seats",
    "High beam assist",
    "Hill-start assist",
    "Immobilizer",
    "Induction charging for smartphones",
    "Integrated music streaming",
    "Isofix",
    "Keyless central locking",
    "Lane change assist",
    "Leather steering wheel",
    "LED headlights",
    "LED running lights",
    "Light sensor",
    "Lumbar support",
    "Multifunction steering wheel",
    "Navigation preparation",
    "Navigation system",
    "Non-smoker vehicle",
    "On-board computer",
    "Paddle shifters",
    "Passenger seat Isofix point",
    "Power Steering",
    "Rain sensor",
    "Rear traffic alert",
    "Roof rack",
    "Sound system",
    "Speed limit control system",
    "Sport seats",
    "Sports package",
    "Sports suspension",
    "Start-stop system",
    "Summer tyres",
    "Tinted windows",
    "Touchscreen",
    "Traction control",
    "Traffic sign recognition",
    "Tyre pressure monitoring",
    "Voice control",
    "WLAN / Wi-Fi hotspot"
  ]
},
{
  "title": "BMW M3 Competition xDrive FACELIFT HUD H&K RFK KEYLE",
  "previewImage": "https://img.classistatic.de/api/v1/mo-prod/images/8e/8ed8176a-1589-4f45-99c7-fd4af80e308c?rule=mo-1600.jpg",
  "category": "EstateCar",
  "brand": "BMW",
  "model": "M3",
  "url": "https://suchen.mobile.de/fahrzeuge/details.html?id=427549361",
  "price.total.amount": 90999,
  "priceRating": {
    "rating": "Good price",
    "priceRanges": {
      "Very good price": {
        "start": 68501,
        "end": 89100
      },
      "Good price": {
        "start": 89101,
        "end": 95900
      },
      "Fair price": {
        "start": 95901,
        "end": 106700
      },
      "Increased price": {
        "start": 106701,
        "end": 114500
      },
      "High price": {
        "start": 114501,
        "end": 127300
      }
    }
  },
  "description": "Antrieb, Fahrwerk\nAdaptives M Fahrwerk\nAllrad\nBremsanlage: Compound - M Bremssystem (Bremssättel Rot)\nM Drive Professional\nM Sportdifferential\nSportfahrwerk\n\nAußenausstattung\nDachreling Hochglanz Shadow-Line\nHeckklappenbetätigung automatisch\nLM-Felgen\nSonnenschutzverglasung (hinten abgedunkelt)\n\nEditionen und Pakete\nAblagenpaket\nConnectedDrive Services (laufzeitgebundener Dienst)\nConnectedPackage Professional (laufzeitgebundener Dienst)\nInnovations-Paket (2)\n\nExterieur\nDach und Spiegelkappen schwarz\nDachreling\nElektrische Gepäckraumklappe\n\nFahrerassistenz\nGeschwindigkeitsregelung mit Bremsfunktion\nGesetzlicher Notruf\nHead-Up Display\nParking Assistant\nRückfahrkamera\nSpurwechselwarnung\nTeleServices\n\nIndividualumfänge\nBMW Individual Dachreling Hochglanz Shadow Line\nBMW Individual Hochglanz Shadow Line\nBMW Individual Hochglanz Shadow Line mit erweiterten Umfängen\nDachhimmel Individual anthrazit\n\nKomfort, Innenausstattung\nAmbiente-Beleuchtung\nAußenspiegel elektr. anklappbar\nBMW Live Cockpit Professional\nDurchladeeinrichtung (Mittelarmlehne hinten)\nDurchladesystem\nEinparkhilfe selbstlenkendes System\nFahrassistenz-System: Einparkhilfe Seite\nFahrassistenz-System: Park-Assistent\nFensterheber elektrisch vorn + hinten\nFensterheber, elektrisch\nFondkopfstützen klappbar\nFreisprecheinrichtung Bluetooth mit USB-/Audio-Schnittstelle\nGalvanikapplikation für Bedienelemente\nGepäckraum-Abtrennung (Netz)\nGeschwindigkeits-Regelanlage mit Bremsfunktion\nHead-up-Display Full Color\nInduktionsladeschale für Smartphone (Wireless Charging)\nInnen- und Aussenspiegel automatisch abblendend\nInnenspiegel mit Abblendautomatik\nIsofix-Aufnahmen für Kindersitz\nKeyless Entry\nKlimaautomatic\nKlimaautomatik 3-Zonen mit autom. Umluft-Control\nKomfortzugang (Öffnungs- und Schließsystem)\nLeder\nLederlenkrad\nLordose\nLordosenstuetze fuer Fahrer und Beifahrer\nM Sicherheitsgurte\nM Sportsitze\nMultifunktionslenkrad\nSitzheizung fuer Fahrer und Beifahrer\nSitzverstellung, elektrisch mit Memory\nSonnenschutzverglasung\nSportsitze\nZentralverriegelung\n\nMultimedia\nBluetooth\nBMW Live Cockpit Professional (laufzeitgebundener Dienst)\nDAB Tuner\nFreisprecheinrichtung\nHarman Kardon Surround Sound System\nNavigationssystem\nRadio\nTelefon\nUSB Schnittstelle\n\nRäder\nAlufelgen\nLM-Felgen vorn/hinten: 9,5x19 / 10,5x20 (Doppelspeichen 826 M, Bicolor, Schwarz)\nRadschraubensicherung\nReifenreparatur-Set\n\nSitzbezug\nLeder Merini schwarz/schwarz\n\nSonstiges\nAblage für Wireless Charging \nActive Guard\nBlow by-Heizer\nBMW Digital Key\nCO2-Umfang\nDeutsch / Bordliteratur\nDeutschland-Ausfuehrung\nElektrisch verstellbare Spiegel\nEU-spezifische Zusatzumfaenge\nFahrassistenz-System: Frontkollisionswarnung\nFahrassistenz-System: Heckaufprall-Vermeidung (Prävention Heckkollision)\nFahrassistenz-System: Querverkehrs-Assistent\nFahrassistenz-System: Spurwechselassistent\nFahrassistenz-System: Spurwechsel-Warnsystem\nInduktionsladen für Smartphones\nInterieurleisten Aluminium Rhombicle Anthrazit \nKältemittel\nKilometertacho\nMetallic-Lackierung\nÖlwartungsintervall 24 Monate/30.000 km\nPersonal eSIM \nReifendruckkontrollsystem\nSitzbezug / Polsterung: Leder Merino Schwarz\nSteuerung Infotainment\nSteuerung Karosserie\n\nUmwelt, Sicherheit\nAbgasnorm EU6 RDE II\nABS\nAktiver Fussgängerschutz\nAlarmanlage\nAuto Start/Stop Funktion \nBeifahrerairbag\nBeifahrerairbag-Deaktivierung\nESP\nFahrassistenz-System: Driving Assistant\nFahrassistenz-System: Fernlichtassistent\nFahrerairbag\nInnenspiegel, automatisch abblendend\nKindersitzbefestigung ISOFIX\nKopfairbag\nLED-Scheinwerfer\nLichtsensor\nNotbremsassistent\nPASM\nRegensensor\nReifen Druck Control\nScheinwerfer LED mit adaptiver Lichtverteilung\nSeitenairbag\nSicherheitssystem Active Protection\nTraction Control\nWarndreieck\n\nLeasingbeispiel\n\nMtl. Leasingrate: 1.267,37 EUR inkl. MwSt.\nAnschaffungspreis 81.899,10 EUR\nSonderzahlung: 9.099,90 EUR\nLaufleistung p.a. 10.000km\nLaufzeit 36 Monate\nSollzinssatz p.a.: 5,80% (gebunden für die gesamte Vertragslaufzeit)\nEffektiver Jahreszins 5,96%\nGesamtbetrag 54.724,93 EUR\nEin unverbindliches Leasingbeispiel der BMW Bank GmbH - Lilienthalallee 26 - 80939 München.\n\n\n\nWichtiger Hinweis\n\nWir legen größten Wert auf die sorgfältige und präzise Eingabe unserer Fahrzeugdaten. Dennoch können Fehler in der Datenübermittlung oder Eingabe nie vollständig ausgeschlossen werden. Daher sind alle Angaben in unseren Inseraten als unverbindliche Beschreibungen zu verstehen und stellen keine zugesicherten Eigenschaften im rechtlichen Sinne dar. Irrtümer, Übertragungsfehler sowie ein möglicher Zwischenverkauf bleiben vorbehalten. Um sicherzustellen, dass Ihr Wunschfahrzeug verfügbar ist, bitten wir Sie, vor einer Besichtigung einen Termin mit uns zu vereinbaren.\n\n\n\nFinanzierung oder Leasing? Wir beraten Sie gern!\n\n\n\nBesuchen Sie auch unsere Website www.ehrl-gruppe.de und entdecken Sie viele weitere topaktuelle Angebote, exklusive Aktionen und detaillierte Informationen rund um unsere Fahrzeuge. Es lohnt sich!",
  "dealerDetails": {
    "id": 461289,
    "name": "Autohaus Ehrl GmbH Halle BMW & MINI Vertragshändler",
    "sellerType": "Dealer",
    "phones": [
      "+49 (0)345 9639478732"
    ],
    "languages": [
      "Deutsch",
      "English"
    ],
    "country": "DE",
    "address": "Am Bruchfeld 1, DE-06179 Halle/ Zscherben",
    "location": {
      "latitude": 51.47169239999999,
      "longitude": 11.8833842
    },
    "activeSince": "1999-09-14T00:00:00.000Z",
    "homepageUrl": "https://home.mobile.de/home/redirect.html?customerId=461289",
    "iconUrl": null,
    "reviewPageUrl": "https://www.mobile.de/bewertungen/AUTOHAUS-EHRL?lang=en",
    "score": {
      "total": 4.3,
      "responseTime": 4.3,
      "friendliness": 4.5,
      "advice": 4.1
    },
    "activeRatingCount": 16,
    "vehicleAsDescribedPercentage": 86,
    "recommendPercentage": 80,
    "soldVehicleCount": null,
    "reviews": []
  },
  "attributes": {
    "Vehicle condition": "Used vehicle, Accident-free",
    "Category": "Estate car, Employee's Car",
    "Model range": "G81",
    "Trim line": "xDrive FACELIFT HUD H&K RFK KEYLESS",
    "Vehicle Number": "B07830089272",
    "Availability": "Now",
    "Origin": "German edition",
    "Mileage": "7,312 km",
    "Cubic Capacity": "2,993 ccm",
    "Power": "390 kW (530 hp)",
    "Drive type": "Internal combustion engine",
    "Fuel": "Petrol, E10-enabled",
    "CO₂ class": "Based on CO₂ emissions (combined)",
    "Fuel consumption": [
      "10.4 l/100km (combined)",
      "15.8 l/100km (city)",
      "10.3 l/100km (suburban)",
      "8.8 l/100km (country road)",
      "9.8 l/100km (motorway)"
    ],
    "Energy costs for 15,000 km annual mileage": "€2,802/Year",
    "Fuel price": "€1.80/l (annual average 2024)",
    "Possible CO₂ costs over the next 10 years (15,000 km/year)": [
      "€4,477 (assuming an average CO₂ price of €127/t)",
      "€2,115 (assuming a low average CO₂ price of €60/t)",
      "€7,050 (assuming a high average CO₂ price of €200/t)"
    ],
    "Vehicle tax": "€480/Year",
    "Number of Seats": "5",
    "Door Count": "4/5",
    "Transmission": "Automatic",
    "Emission Class": "Euro6",
    "Emissions Sticker": "4 (Green)",
    "First Registration": "10/2024",
    "Construction Year": "2024",
    "Number of Vehicle Owners": "1",
    "HU": "New",
    "Climatisation": "Automatic climatisation, 3 zones",
    "Parking sensors": "Camera, Self-steering systems, Rear, Front",
    "Airbags": "Front and Side and More Airbags",
    "Colour (Manufacturer)": "Saphirschwarz",
    "Colour": "Black Metallic",
    "Interior Design": "Full leather, Black",
    "Weight": "1,940 kg",
    "Cylinders": "6",
    "Tank capacity": "59 l",
    "Energy consumption (comb.)": "10.4 l/100km",
    "CO₂ emissions (comb.)": "235 g/km"
  },
  "features": [
    "ABS",
    "Adaptive cornering lights",
    "Alarm system",
    "Alloy wheels",
    "Ambient lighting",
    "Android Auto",
    "Apple CarPlay",
    "Arm rest",
    "Autom. dimming interior mirror",
    "Blind spot assist",
    "Bluetooth",
    "Cargo barrier",
    "Central locking",
    "Cruise control",
    "DAB radio",
    "Digital cockpit",
    "Distance warning system",
    "Dynamic chassis control",
    "Electric seat adjustment",
    "Electric side mirror",
    "Electric tailgate",
    "Electric windows",
    "Eletric seat adjustment with memory function",
    "Emergency brake assist",
    "Emergency call system",
    "ESP",
    "Four-wheel drive",
    "Full Service History",
    "Glare-free high beam headlights",
    "Hands-free kit",
    "Head-up display",
    "Heated seats",
    "High beam assist",
    "Hill-start assist",
    "Immobilizer",
    "Induction charging for smartphones",
    "Integrated music streaming",
    "Isofix",
    "Keyless central locking",
    "Lane change assist",
    "Leather steering wheel",
    "LED headlights",
    "LED running lights",
    "Light sensor",
    "Lumbar support",
    "Multifunction steering wheel",
    "Navigation system",
    "Non-smoker vehicle",
    "On-board computer",
    "Paddle shifters",
    "Particulate filter",
    "Power Steering",
    "Rain sensor",
    "Rear traffic alert",
    "Roof rack",
    "Sound system",
    "Speed limit control system",
    "Sport seats",
    "Sports package",
    "Sports suspension",
    "Start-stop system",
    "Tinted windows",
    "Touchscreen",
    "Traction control",
    "Traffic sign recognition",
    "Tuner/radio",
    "Tyre pressure monitoring",
    "USB port",
    "Voice control",
    "Warranty",
    "WLAN / Wi-Fi hotspot"
  ]
},
{
  "title": "BMW M3 Limo xDrive Competition 1.Hand/H+K/Adapt.LED",
  "previewImage": "https://img.classistatic.de/api/v1/mo-prod/images/14/14458b9e-768e-4844-bf41-895abdb57b49?rule=mo-1600.jpg",
  "category": "Limousine",
  "brand": "BMW",
  "model": "M3",
  "url": "https://suchen.mobile.de/fahrzeuge/details.html?id=430675278",
  "price.total.amount": 89999,
  "priceRating": {
    "rating": "Very good price",
    "priceRanges": {
      "Very good price": {
        "start": 72201,
        "end": 93900
      },
      "Good price": {
        "start": 93901,
        "end": 101100
      },
      "Fair price": {
        "start": 101101,
        "end": 112500
      },
      "Increased price": {
        "start": 112501,
        "end": 120700
      },
      "High price": {
        "start": 120701,
        "end": 134200
      }
    }
  },
  "description": "Sonderausstattung:\nBremsanlage: Compound - M Bremssystem (Bremssättel Schwarz), Fahrassistenz-System: Driving Assistant Professional, Fahrassistenz-System: Fernlichtassistent, Innenausstattung: Interieurleisten Carbon, Innovations-Paket (2), Instrumententafel Luxury, Lenkrad heizbar, Parkassistent-Paket Plus, Scheinwerfer BMW Individual Shadow-Line, Sitzbezug / Polsterung: Leder Merino Schwarz, Verglasung Akustikglas\n\nWeitere Ausstattung:\nAblage-Paket, Adaptives Fahrwerk M-Technic, Airbag Beifahrerseite abschaltbar, Airbag Fahrer-/Beifahrerseite, Aktives M Differential, Ambiente-Beleuchtung, Anhänger-Stabilisierungs-Programm (ASL), Ausstattungs-Paket: Connected Professional, Automatische Stabilitäts-Control (ASC), Außenausstattung: Shadow-Line Hochglanz, Außenausstattung: Shadow-Line Hochglanz (erweiterter Umfang), Bedienelemente galvanisiert, Blinkleuchte in Außenspiegel integriert, BMW Live Cockpit Professional, Competition, Dachhimmel Anthrazit (BMW Individual), Diebstahlsicherung für Räder (Felgenschlösser), Durchladeeinrichtung (Mittelarmlehne hinten), Dynamische Stabilitäts-Control (DSC) mit erweiterter Umfang, Dynamische Tractions Control (DTC), Einstiegsleisten mit Einleger in Aluminium mit Schriftzug M, Erste Hilfe-Kasten / Verbandkasten, Fahrassistenz-System: Active Guard (Bremsassistent), Fensterheber elektrisch vorn + hinten, Freisprecheinrichtung Bluetooth mit USB-/Audio-Schnittstelle, Getriebe Automatik - mit Steptronic und Drivelogic (8-Stufen), Getränkehalter, Heckleuchten LED, Induktionsladeschale für Smartphone (Wireless Charging), Innenausstattung: Interieurleisten Alu Rhombicle mit Akzentleiste, Innenspiegel mit Abblendautomatik, Isofix-Aufnahmen für Kindersitz, Karosserie: 4-türig, Kennzeichenbeleuchtung LED, Klimaautomatik 3-Zonen mit autom. Umluft-Control, Knieairbag Fahrerseite, Kopf-Airbag-System hinten, Kopf-Airbag-System vorn, Kopfstützen hinten klappbar, Leichtbaudach (kohlefaserverstärkter Kunststoff, CFK), Lendenwirbelstütze Sitz vorn links und rechts, elektr. verstellbar, Lenksäule (Lenkrad) mechan. verstellbar, Leuchtweitenregelung, Lichtassistent (Follow me home), LM-Felgen, M Drive (Fahrprofilauswahl), M Drive Professional (Fahrprofilauswahl), Modellpflege, Motor 3,0 Ltr. - 390 kW 24V TwinPower Turbo (S58), Multifunktion für Lenkrad, Otto-Partikelfilter (OPF), Parkbremse elektrisch, Personalisierungssystem (BMW ID), Personalisierungssystem (Personal eSIM), Radioempfang digital (DAB+), Reifen-Reparaturset (Mobility-Pack), Reifendruck-Kontrollsystem, Reifenpannen-Anzeige, Schadstoffarm nach Abgasnorm Euro 6e, Schaltpunktanzeige, Scheinwerfer LED, Seitenairbag vorn, Service-System: ConnectedDrive Services, Service-System: Gesetzlicher Notruf, Service-System: Intelligenter Notruf inkl. TeleServices, Sicherheitsgurte M, Sitzbezug / Polsterung: Leder Merino, Sitze vorn elektr. verstellbar (mit Memory), Sitzheizung vorn, Sonnenschutzverglasung (hinten abgedunkelt), Sound-System Harman-Kardon, Spiegel-Paket, Sportdifferential, Sportsitze vorn (M-Technic), Start/Stop-Anlage (Funktion), Steckdose (12V-Anschluß) in Mittelkonsole vorn, Warndreieck, Wärme-/Sonnenschutzverglasung",
  "dealerDetails": {
    "id": 463315,
    "name": "Autohaus Hoffmann e.K",
    "sellerType": "Dealer",
    "phones": [
      "+49 (0)6332 500500282"
    ],
    "messengers": {
      "WHATS_APP": "+49 (0)172 6816777"
    },
    "languages": [
      "Deutsch",
      "English",
      "Français"
    ],
    "country": "DE",
    "address": "Saarpfalzstrasse 7, DE-66482 Zweibrücken",
    "location": {
      "latitude": 49.2600083,
      "longitude": 7.3383331
    },
    "activeSince": "2005-02-23T00:00:00.000Z",
    "homepageUrl": "https://home.mobile.de/home/redirect.html?customerId=463315",
    "iconUrl": "https://img.classistatic.de/api/v1/mo-prod/images/90/904fa0a9-b202-44bd-af4e-598f64ea6fb5?rule=mo-640.jpg",
    "reviewPageUrl": "https://www.mobile.de/bewertungen/AH-REINHARD-HOFFMANN?lang=en",
    "score": {
      "total": 4.5,
      "responseTime": 4.6,
      "friendliness": 4.5,
      "advice": 4.4
    },
    "activeRatingCount": 13,
    "vehicleAsDescribedPercentage": 90,
    "recommendPercentage": 83,
    "soldVehicleCount": null,
    "reviews": []
  },
  "attributes": {
    "Vehicle condition": "Used vehicle, Accident-free",
    "Category": "Saloon",
    "Model range": "Baureihe M3 Lim. (G80N)(07.2024->)",
    "Trim line": "xDrive Competition M",
    "Vehicle Number": "5851H",
    "Origin": "German edition",
    "Mileage": "2,000 km",
    "Cubic Capacity": "2,993 ccm",
    "Power": "390 kW (530 hp)",
    "Drive type": "Internal combustion engine",
    "Fuel": "Petrol",
    "Number of Seats": "5",
    "Door Count": "4/5",
    "Transmission": "Automatic",
    "Emission Class": "Euro 6e",
    "Emissions Sticker": "4 (Green)",
    "First Registration": "06/2025",
    "Number of Vehicle Owners": "1",
    "HU": "06/2028",
    "Climatisation": "Automatic climatisation, 2 zones",
    "Parking sensors": "Front, 360° camera, Rear, Self-steering systems",
    "Airbags": "Front and Side and More Airbags",
    "Colour (Manufacturer)": "ALPINWEISS III",
    "Colour": "White",
    "Interior Design": "Full leather, Black",
    "Weight": "1,855 kg",
    "Cylinders": "6",
    "Tank capacity": "59 l"
  },
  "features": [
    "ABS",
    "Adaptive cornering lights",
    "Adaptive Cruise Control",
    "Alarm system",
    "Alloy wheels",
    "Ambient lighting",
    "Android Auto",
    "Apple CarPlay",
    "Autom. dimming interior mirror",
    "Blind spot assist",
    "Bluetooth",
    "Central locking",
    "DAB radio",
    "Digital cockpit",
    "Distance warning system",
    "Dynamic chassis control",
    "Electric seat adjustment",
    "Electric side mirror",
    "Electric tailgate",
    "Electric windows",
    "Eletric seat adjustment with memory function",
    "Emergency brake assist",
    "Emergency call system",
    "Emergency tyre repair kit",
    "ESP",
    "Fatigue warning system",
    "Folding exterior mirrors",
    "Four-wheel drive",
    "Full Service History",
    "Glare-free high beam headlights",
    "Hands-free kit",
    "Head-up display",
    "Heated seats",
    "Heated steering wheel",
    "High beam assist",
    "Immobilizer",
    "Induction charging for smartphones",
    "Integrated music streaming",
    "Isofix",
    "Keyless central locking",
    "Lane change assist",
    "Leather steering wheel",
    "LED headlights",
    "LED running lights",
    "Light sensor",
    "Lumbar support",
    "Multifunction steering wheel",
    "Navigation system",
    "Non-smoker vehicle",
    "On-board computer",
    "Paddle shifters",
    "Passenger seat Isofix point",
    "Power Steering",
    "Rain sensor",
    "Rear traffic alert",
    "Sound system",
    "Speed limit control system",
    "Sport seats",
    "Sports package",
    "Sports suspension",
    "Start-stop system",
    "Summer tyres",
    "Tinted windows",
    "Touchscreen",
    "Traction control",
    "Traffic sign recognition",
    "Tuner/radio",
    "Tyre pressure monitoring",
    "USB port",
    "Voice control",
    "Warranty",
    "WLAN / Wi-Fi hotspot"
  ]
},
{
  "title": "BMW M3 Competition Touring MxDrive|DA-Prof.|H/K",
  "previewImage": "https://img.classistatic.de/api/v1/mo-prod/images/16/163fc41d-f541-47ff-a19f-b116aa0d9f72?rule=mo-1600.jpg",
  "category": "EstateCar",
  "brand": "BMW",
  "model": "M3",
  "url": "https://suchen.mobile.de/fahrzeuge/details.html?id=433264451",
  "price.total.amount": 90990,
  "priceRating": {
    "rating": "Good price",
    "priceRanges": {
      "Very good price": {
        "start": 67501,
        "end": 87700
      },
      "Good price": {
        "start": 87701,
        "end": 94500
      },
      "Fair price": {
        "start": 94501,
        "end": 105100
      },
      "Increased price": {
        "start": 105101,
        "end": 112800
      },
      "High price": {
        "start": 112801,
        "end": 125300
      }
    }
  },
  "description": "Außenausstattung\n19\"/20\" M Schmiederäder Doppel \nM Dachreling Hochglanz Shadow \nSonnenschutzverglasung \n\nKomfort/Innenausstattung\nAktive Sitzbelüftung vorn \nBMW Live Cockpit Professional \nDAB-Tuner \nHarman Kardon Surround Sound S \nInnenspiegel, automatisch abbl \nKlimaautomatik \nLenkradheizung \nLordosenstütze \nParking Assistant Plus \nSitzheizung für Fahrer und Bei \nWireless Charging Ablage \n\nSicherheit/Umwelt\nAdaptiver LED-Scheinwerfer \nAlarmanlage \nFernlichtassistent \nKomfortzugang \nReifendruck-Kontrolle \n\nSitzbezug\nLeder Merino silverstone/schwarz\n\nSonstiges\nAblagenpaket \nActive Guard \nActive Protection \nAktiver Fußgängerschutz \nAkustikverglasung \nBMW Drive Recorder \nConnectedDrive Services \nConnectedPackage Professional \nDach und Spiegelkappen schwarz \nDriving Assistant Professional \nFondkopfstützen, klappbar \nGalvanikapplikation für Bedien \nGepäckraumpaket \nInnen- und Außenspiegelpaket \nInnovationspaket II \nM Compound-Bremse, rot hochglä \nM Dachhimmel anthrazit \nM Drive Professional \nM Hochglanz Shadow Line \nM Hochglanz Shadow Line mit er \nM Interieurleisten 'Carbon Fib \nM Leuchten Shadow Line \nM Sicherheitsgurte \nM Sportdifferenzial \nÖlwartungsintervall - 24 Monat \nPersonal eSIM \nSitzverstellung, elektrisch, m \nSonnenschutzrollo, hintere Tür \n\nSport\nAdaptives M Fahrwerk \nM Sportsitze \n\nFinanzierungsbeispiel\n\nMtl. Finanzierungsrate: 1.648,04 EUR\nAnzahlung: 0,00 EUR\nLaufzeit: 36 Monate\nZielrate: 46.404,90 EUR\nNettodarlehensbetrag: 90.990,00 EUR\nSollzinssatz p.a.: 6,30% (gebunden für die gesamte Vertragslaufzeit)\nEffektiver Jahreszins: 6,49%\nGesamtbetrag: 104.086,30 EUR\nEin unverbindliches Finanzierungsbeispiel der BMW Bank GmbH - Lilienthalallee 26 - 80939 München.\n\n\nEhemalige unverbindliche Preisempfehlung 117.490,- Euro brutto.\n\nHINWEIS: Unsere Angebote werden unverzüglich nach Kauf eingestellt, es kann dadurch sein, dass sich das von Ihnen ausgesuchte Fahrzeug noch nicht in unserer Ausstellung befindet bitte informieren Sie sich vor Besuch bei einem unserer Verkaufsberater, ob das gewünschte Fahrzeug bereits eingetroffen und verkaufsfertig ist.\nVielen Dank, Ihr Verkaufsteam!\n\n\n\n* Lieferservice innerhalb Deutschlands gegen geringen Aufpreis möglich! Irrtümer und Zwischenverkauf vorbehalten.",
  "dealerDetails": {
    "id": 461958,
    "name": "Fett & Wirtz Automobile GmbH & Co KG",
    "sellerType": "Dealer",
    "phones": [
      "+49 (0)2841 949618714"
    ],
    "languages": [
      "Deutsch",
      "English",
      "Türkçe"
    ],
    "country": "DE",
    "address": "Dr.- Berns-Strasse 34, DE-47441 Moers",
    "location": {
      "latitude": 51.4616762,
      "longitude": 6.6148158
    },
    "activeSince": "2002-07-01T00:00:00.000Z",
    "homepageUrl": "https://home.mobile.de/home/redirect.html?customerId=461958",
    "iconUrl": "https://img.classistatic.de/api/v1/mo-prod/images/ea/ea7cf6c9-8f68-43ed-91f0-4481d7d77a9b?rule=mo-640.jpg",
    "reviewPageUrl": "https://www.mobile.de/bewertungen/FETT-WIRTZ?lang=en",
    "score": {
      "total": 4.4,
      "responseTime": 4.4,
      "friendliness": 4.5,
      "advice": 4.3
    },
    "activeRatingCount": 142,
    "vehicleAsDescribedPercentage": 91,
    "recommendPercentage": 89,
    "soldVehicleCount": null,
    "reviews": []
  },
  "attributes": {
    "Vehicle condition": "Used vehicle, Accident-free",
    "Category": "Estate car, Employee's Car",
    "Model range": "G81",
    "Trim line": "Touring MxDrive|DA-Prof.|H/K",
    "Vehicle Number": "G412443",
    "Availability": "Now",
    "Mileage": "13,350 km",
    "Cubic Capacity": "2,993 ccm",
    "Power": "390 kW (530 hp)",
    "Drive type": "Internal combustion engine",
    "Fuel": "Petrol",
    "CO₂ class": "Based on CO₂ emissions (combined)",
    "Fuel consumption": [
      "10.4 l/100km (combined)",
      "15.8 l/100km (city)",
      "10.3 l/100km (suburban)",
      "8.8 l/100km (country road)",
      "9.8 l/100km (motorway)"
    ],
    "Energy costs for 15,000 km annual mileage": "€2,802/Year",
    "Fuel price": "€1.80/l (annual average 2024)",
    "Possible CO₂ costs over the next 10 years (15,000 km/year)": [
      "€4,458 (assuming an average CO₂ price of €127/t)",
      "€2,106 (assuming a low average CO₂ price of €60/t)",
      "€7,020 (assuming a high average CO₂ price of €200/t)"
    ],
    "Vehicle tax": "€476/Year",
    "Number of Seats": "5",
    "Door Count": "4/5",
    "Transmission": "Automatic",
    "Emission Class": "Euro6",
    "Emissions Sticker": "4 (Green)",
    "First Registration": "01/2025",
    "Construction Year": "2024",
    "Number of Vehicle Owners": "1",
    "HU": "01/2028",
    "Climatisation": "Automatic climatisation, 3 zones",
    "Parking sensors": "Rear, 360° camera, Front, Self-steering systems",
    "Airbags": "Front and Side and More Airbags",
    "Colour (Manufacturer)": "Isle of Man Grün",
    "Colour": "Green Metallic",
    "Interior Design": "Full leather, Grey",
    "Weight": "1,940 kg",
    "Cylinders": "6",
    "Tank capacity": "59 l",
    "Energy consumption (comb.)": "10.4 l/100km",
    "CO₂ emissions (comb.)": "234 g/km"
  },
  "features": [
    "ABS",
    "Adaptive Cruise Control",
    "Adaptive lighting",
    "Alarm system",
    "Alloy wheels",
    "Ambient lighting",
    "Android Auto",
    "Apple CarPlay",
    "Arm rest",
    "Autom. dimming interior mirror",
    "Blind spot assist",
    "Bluetooth",
    "Cargo barrier",
    "Central locking",
    "DAB radio",
    "Digital cockpit",
    "Distance warning system",
    "Dynamic chassis control",
    "Electric seat adjustment",
    "Electric side mirror",
    "Electric tailgate",
    "Electric windows",
    "Eletric seat adjustment with memory function",
    "Emergency brake assist",
    "Emergency call system",
    "ESP",
    "Four-wheel drive",
    "Full Service History",
    "Glare-free high beam headlights",
    "Hands-free kit",
    "Head-up display",
    "Heated seats",
    "Heated steering wheel",
    "High beam assist",
    "Hill-start assist",
    "Immobilizer",
    "Induction charging for smartphones",
    "Integrated music streaming",
    "Isofix",
    "Keyless central locking",
    "Lane change assist",
    "Leather steering wheel",
    "LED headlights",
    "LED running lights",
    "Light sensor",
    "Lumbar support",
    "Multifunction steering wheel",
    "Navigation system",
    "Non-smoker vehicle",
    "On-board computer",
    "Particulate filter",
    "Power Steering",
    "Rain sensor",
    "Roof rack",
    "Seat ventilation",
    "Sound system",
    "Speed limit control system",
    "Sport seats",
    "Sports package",
    "Sports suspension",
    "Start-stop system",
    "Tinted windows",
    "Touchscreen",
    "Traction control",
    "Traffic sign recognition",
    "Tuner/radio",
    "Tyre pressure monitoring",
    "USB port",
    "Voice control",
    "Warranty"
  ]
},
{
  "title": "BMW M3 Competition M Sportsitze | M Carbon Exterieur",
  "previewImage": "https://img.classistatic.de/api/v1/mo-prod/images/ab/ab5dd5a9-e9c5-488c-8a95-57432817fd0c?rule=mo-1600.jpg",
  "category": "EstateCar",
  "brand": "BMW",
  "model": "M3",
  "url": "https://suchen.mobile.de/fahrzeuge/details.html?id=430514059",
  "price.total.amount": 91600,
  "priceRating": {
    "rating": "Fair price",
    "priceRanges": {
      "Very good price": {
        "start": 63101,
        "end": 82100
      },
      "Good price": {
        "start": 82101,
        "end": 88400
      },
      "Fair price": {
        "start": 88401,
        "end": 98300
      },
      "Increased price": {
        "start": 98301,
        "end": 105500
      },
      "High price": {
        "start": 105501,
        "end": 117300
      }
    }
  },
  "description": "Sonstiges\nAblage für Wireless Charging\nActive Guard\nBlow by-Heizer\nBMW Apps\nDekodierung Zusatzfunktionen\nKaeltemittel\nM Interieurleisten Aluminium Rhombicle Anthrazit\nMWSt ausweisbar\nPersonal eSIM\nSteuerung EfficientDynamics\nSteuerung Karosserie\nUnfallfrei\n\nAntrieb, Fahrwerk\nAdaptives M Fahrwerk\nAllrad\nM Drive Professional\nM Sportdifferenzial\nSportfahrwerk\n\nEditionen und Pakete\nAblagenpaket\nConnected Package Professional (laufzeitgebundener Dienst)\nConnectedDrive Services (laufzeitgebundener Dienst)\nGepäckraumpaket\nInnovationspaket\nM Carbon Exterieurpaket\n\nExterieur\nDach und Spiegelkappen schwarz\nDachreling\n\nFahrerassistenz\nDriving Assistant Professional\nGesetzlicher Notruf\nParking Assistant Plus\nTeleservices\n\nIndividualumfänge\nIndividual\nM Dachreling Hochglanz Shadow Line\nM Hochglanz Shadow Line\nM Hochglanz Shadow Line mit erweiterten Umfängen\n\nKomfort, Innenausstattung\nFondkopfstützen klappbar\nGalvanikapplikation für Bedienelemente\nInnen- und Außenspiegelpaket\nKlimaautomatik\nKomfortzugang\nLeder\nLordose\nLordosenstütze für Fahrer und Beifahrer\nM Sicherheitsgurte\nM Sportsitze\nSitzheizung für Fahrer und Beifahrer\nSitzverstellung elektrisch mit Memory für Fahrersitz\nSonnenschutzverglasung\n\nMultimedia\nBMW Live Cockpit Professional (laufzeitgebundener Dienst)\nDAB Tuner\nHarman Kardon Surround Sound System\n\nRäder\n19\"/20\" M Schmiederäder Doppelspeiche 826 M Schwarz / MB\nRadschraubensicherung\nReifenreparatur Set\n\nSitzbezug\nVollleder Merino Kyalami Orange/Schwarz\n\nUmwelt, Sicherheit\nAbgasnorm EU6 RDE II\nABS\nActive Protection\nAdaptiver LED-Scheinwerfer\nAktiver Fußgängerschutz\nAlarmanlage mit Fernbedienung\nBeifahrerairbag-Deaktivierung\nFernlichtassistent\nInnenspiegel automatisch abblendend\nReifendruck-Kontrolle\n\nunverbindliche Preisempfehlung des Herstellers am Tag der Erstzulassung: 118.750 EUR inkl. MwSt Irrtümer und Zwischenverkauf vorbehalten.",
  "dealerDetails": {
    "id": 461414,
    "name": "Autohaus Joas OHG",
    "sellerType": "Dealer",
    "phones": [
      "+49 (0)9071 582823563"
    ],
    "languages": [
      "Deutsch",
      "English"
    ],
    "country": "DE",
    "address": "Am Reitweg 10, DE-89407 Dillingen",
    "location": {
      "latitude": 48.5774351,
      "longitude": 10.5001204
    },
    "activeSince": "2002-09-11T00:00:00.000Z",
    "homepageUrl": "https://home.mobile.de/home/redirect.html?customerId=461414",
    "iconUrl": "https://img.classistatic.de/api/v1/mo-prod/images/6e/6e416c29-a61c-4674-9898-90607c116227?rule=mo-640.jpg",
    "reviewPageUrl": "https://www.mobile.de/bewertungen/AH-E-JOAS?lang=en",
    "score": {
      "total": 4.5,
      "responseTime": 4.5,
      "friendliness": 4.6,
      "advice": 4.4
    },
    "activeRatingCount": 37,
    "vehicleAsDescribedPercentage": 97,
    "recommendPercentage": 88,
    "soldVehicleCount": null,
    "reviews": []
  },
  "attributes": {
    "Vehicle condition": "Used vehicle, Accident-free",
    "Category": "Estate car, Employee's Car",
    "Model range": "M3 touring",
    "Trim line": "M Sportsitze | M Carbon Exterieurpaket ",
    "Vehicle Number": "029701",
    "Availability": "Now",
    "Mileage": "27,195 km",
    "Cubic Capacity": "2,993 ccm",
    "Power": "390 kW (530 hp)",
    "Drive type": "Internal combustion engine",
    "Fuel": "Petrol",
    "Number of Seats": "5",
    "Door Count": "4/5",
    "Transmission": "Automatic",
    "Emission Class": "Euro6",
    "Emissions Sticker": "4 (Green)",
    "First Registration": "09/2024",
    "Number of Vehicle Owners": "1",
    "HU": "New",
    "Climatisation": "Automatic air conditioning",
    "Parking sensors": "Self-steering systems, Front, Rear",
    "Airbags": "Front and Side Airbags",
    "Colour (Manufacturer)": "M Isle of Man Grün",
    "Colour": "Green Metallic",
    "Interior Design": "Full leather, Black",
    "Cylinders": "6"
  },
  "features": [
    "ABS",
    "Adaptive Cruise Control",
    "Adaptive lighting",
    "Alarm system",
    "Alloy wheels",
    "Apple CarPlay",
    "Autom. dimming interior mirror",
    "Blind spot assist",
    "Bluetooth",
    "Central locking",
    "DAB radio",
    "Digital cockpit",
    "Distance warning system",
    "Electric seat adjustment",
    "Electric side mirror",
    "Electric windows",
    "Eletric seat adjustment with memory function",
    "Emergency call system",
    "ESP",
    "Four-wheel drive",
    "Full Service History",
    "Glare-free high beam headlights",
    "Heated seats",
    "High beam assist",
    "Immobilizer",
    "Induction charging for smartphones",
    "Isofix",
    "Keyless central locking",
    "Lane change assist",
    "LED headlights",
    "LED running lights",
    "Light sensor",
    "Lumbar support",
    "Multifunction steering wheel",
    "Navigation system",
    "Non-smoker vehicle",
    "On-board computer",
    "Power Steering",
    "Roof rack",
    "Sound system",
    "Sport seats",
    "Sports suspension",
    "Start-stop system",
    "Summer tyres",
    "Tinted windows",
    "Touchscreen",
    "Traction control",
    "Tuner/radio",
    "Tyre pressure monitoring",
    "Voice control",
    "Warranty"
  ]
},
{
  "title": "BMW M3 Competition M xDrive DA-Pro,HUD,PA+,HK,GSD,20",
  "previewImage": "https://img.classistatic.de/api/v1/mo-prod/images/4a/4a04889f-1c57-44ca-9f52-d7b8ec0a34e7?rule=mo-1600.jpg",
  "category": "Limousine",
  "brand": "BMW",
  "model": "M3",
  "url": "https://suchen.mobile.de/fahrzeuge/details.html?id=433674133",
  "price.total.amount": 91530,
  "priceRating": {
    "rating": "Good price",
    "priceRanges": {
      "Very good price": {
        "start": 68701,
        "end": 89300
      },
      "Good price": {
        "start": 89301,
        "end": 96100
      },
      "Fair price": {
        "start": 96101,
        "end": 106900
      },
      "Increased price": {
        "start": 106901,
        "end": 114800
      },
      "High price": {
        "start": 114801,
        "end": 127500
      }
    }
  },
  "description": "Verbrauch und Emission (WLTP)\nPrimärer Antrieb Verbrauch kombiniert: 10,20 l/100 km\nCO2 Emission kombiniert: 229 g/km\n\nGetriebe\nAutomatikgetriebe DriveLogic, 8 Gänge\n\nAusstattungslinie\nAusstattungslinie Exterieur: Competition\n\nAusstattungspakete\nAusstattungspaket: Connected Package Professional, Connected Professional (laufzeitgebundener Dienst)\nM Sportpaket\nComfort Paket\nOptikpaket: M Hochglanz Shadow Line mit erweiterten Umfängen\nAblagepaket\nSpiegelpaket: Innen- und Außenspiegelpaket\n\nAssistenzsysteme\nHead-up-Display HUD\nFernlichtassistent\nBMW ParkAssistent: Parking Assistant Plus\nRückfahrkamera\nSurround View\nFahrlichtautomatik\nAktive Geschwindigkeitsregelung mit Stop & Go\nSpracheingabesystem\nMüdigkeitserkennung\nSpurwechselassistent\nSpurhalteassistent\nBremsassistent\nFahrerassistenzpaket: Driving Assistant Professional, Heckaufprall-Vermeidung, Parkassistent-Paket Plus, Rückfahr-Assistent\nActive Guard Auffahrwarnung\nVerkehrszeichenerkennung\nGespannstabilisierung\n\nLicht und Sicht\nAdaptiver LED-Scheinwerfer\nAdaptives Kurvenlicht\nTagfahrlicht\nRegensensor\nAutomatisch abblendende Innen- und Außenspiegel\nSonnen- und Wärmeschutzverglasung: Akustikverglasung\nDynamische Leuchtweitenregulierung\nAmbientebeleuchtung\nLichtsensor\n\nAudio & Kommunikation\nMultimedia-System\nBMW Live Cockpit Professional: Augmented Reality\nRadio\nMulti-Funktions-Display\nDigitaler Radioempfang DAB\niDrive\nHarman/Kardon Soundsystem\nAudio-Schnittstelle\nBMW ConnectedDrive Services: ConnectedDrive Services (laufzeitgebundener Dienst), Connected Package Professional (laufzeitgebundener Dienst)\nHandyvorbereitung Bluetooth\nAndroid Auto u. Apple CarPlay\nKabelloses Laden für Handys: Ablage für Wireless Charging\nWLAN Hotspot: Personal eSIM\n\nKomfort\nBMW Live Cockpit Professional: BMW Curved Display\nKlimaautomatik, 3 Zonen\nGlasschiebe-Hebedach elekt.\nFahrer-/Beifahrersitz elektrisch\nMemoryfunktion Fahrersitz\nLordosenstütze Fahrer/Beifahrer elektrisch\nSitzheizung Fahrer/Beifahrer\nSportsitze: M Sportsitze\nArmauflage vorn und hinten\nServolenkung\nLenksäule verstellbar\nKomfortzugang\nAuto Start Stop Funktion\nZentralver. mit Fernbedienung: mit Diebstahlsicherung und Crashsensor\nFensterheber elektrisch 4-fach\nKopfstützen vorn und hinten: Fondkopfstützen klappbar\nAutomatische Heckklappenbetätigung\nM Drive: M Drive Professional\nGetränkehalter\n\nInterieur\nSitze Leder Merino Fionarot/Schwarz\nInnenfarbe rot\nMultifunktions-Sport-/Lederlenkrad: M, M Sicherheitsgurte, M Dachhimmel anthrazit\nLenkradheizung\nBordcomputer: BMW Drive Recorder\nDurchladesystem\nDekoreinlagen: M Interieurleisten Aluminium Rhombicle Anthrazit, Galvanikapplikation für Bedienelemente\nLenkrad-Schaltwippen\n\nExterieur\nAdaptives Fahrwerk\nAntrieb: Allrad\nM Sportfahrwerk: Adaptives M Fahrwerk, M Leuchten Shadow Line\nTouchscreen Bedienung\nDifferentialsperre: Aktives M Differential\nM Sportbremse\nM Leichtmetallräder 20 Zoll: M Schmiederäder Doppelspeiche 826 M Schwarz / MB\nAußenspiegel elekt. anklappbar\nReifenpannenset\nInnovationspaket: II\nNotrufsystem: Intelligenter Notruf inkl. TeleServices (laufzeitgebundener Dienst)\nGeschwindigkeitsbegrenzer\nFahrzeugpersonalisierung: BMW ID\n\nSicherheit\nISOFIX Kindersitzbefestigung\nFußgängerschutzsystem: aktiv\nFahrer- /Beifahrerairbag\nKopfairbag vorn\nSeitenairbag vorn und hinten\nKnieairbag Fahrer\nDynamische Traktions Control DTC\nDynamische Stabilitäts Control DSC\nReifen Pannen Anzeige RPA\nDiebstahlwarnanlage\nWegfahrsperre\nAußentemperatur Anzeige\nAntiblockiersystem ABS\nProaktives Insassenschutzsystem: Active Protection\nNotbremsassistent\nAkustischer Umfeldschutz\nQuerverkehrswarnung\n\nWeitere Ausstattung\nBMW Individual erweiterte Lederausstattung 'Merino' Fionarot/Schwarz\nM Leuchten Shadow Line\nM Sicherheitsgurte\nGalvanikapplikation für Bedienelemente\nTeleServices (laufzeitgebundener Dienst)\nConnectedPackage Professional\nDeutschland-Ausführung\nM Dachhimmel Anthrazit\nM Hochglanz Shadow Line erweitert\nParkbremse elektrisch\nBMW Drive Recorder (Dashcam)\nFalschfahrwarnung\nAusweich-Assistent\nAmpel-Erkennung\nRemote 3D View (laufzeitgebundener Dienst)\nAkustikglas\nBeifahrerairbag-Deaktivierung\nGebrauchtwagensiegel: BMW Premium Selection\n\nFahrdaten\nvMax: 290 km/h\nBeschleunigung: 4 Sek. 0-100 km/h\n\nDie im Inserat aufgeführten Ausstattungsmerkmale sind unverbindlich. Maßgeblich für den Kauf ist allein der schriftliche Kaufvertrag. Angaben im Inserat begründen keine Beschaffenheitsvereinbarung. Verbindliche Ausstattungsangaben werden ausschließlich im Kaufvertrag festgelegt.",
  "dealerDetails": {
    "id": 454253,
    "name": "WELLER Premium GmbH - BMW & MINI Vertragshändler",
    "sellerType": "Dealer",
    "phones": [
      "+49 (0)581 2254995275"
    ],
    "languages": [
      "Deutsch",
      "English"
    ],
    "country": "DE",
    "address": "Nordallee 7, DE-29525 Uelzen",
    "location": {
      "latitude": 52.9870397,
      "longitude": 10.5466297
    },
    "activeSince": "2000-10-18T00:00:00.000Z",
    "homepageUrl": "https://home.mobile.de/home/redirect.html?customerId=454253",
    "iconUrl": "https://img.classistatic.de/api/v1/mo-prod/images/02/022e1ec4-d4da-4757-9085-444917c85f98?rule=mo-640.jpg",
    "reviewPageUrl": "https://www.mobile.de/bewertungen/B-K-UELZEN?lang=en",
    "score": {
      "total": 4.3,
      "responseTime": 4.2,
      "friendliness": 4.4,
      "advice": 4.2
    },
    "activeRatingCount": 43,
    "vehicleAsDescribedPercentage": 91,
    "recommendPercentage": 79,
    "soldVehicleCount": null,
    "reviews": []
  },
  "attributes": {
    "Vehicle condition": "Used vehicle, Accident-free",
    "Category": "Saloon, Employee's Car",
    "Trim line": "Competition",
    "Vehicle Number": "1642510",
    "Availability": "Now",
    "Origin": "German edition",
    "Mileage": "13,318 km",
    "Cubic Capacity": "3,000 ccm",
    "Power": "390 kW (530 hp)",
    "Drive type": "Internal combustion engine",
    "Fuel": "Petrol",
    "CO₂ class": "Based on CO₂ emissions (combined)",
    "Fuel consumption": [
      "10.2 l/100km (combined)"
    ],
    "Energy costs for 15,000 km annual mileage": "€2,748/Year",
    "Fuel price": "€1.80/l (annual average 2024)",
    "Possible CO₂ costs over the next 10 years (15,000 km/year)": [
      "€3,950 (assuming an average CO₂ price of €115/t)",
      "€1,718 (assuming a low average CO₂ price of €50/t)",
      "€6,526 (assuming a high average CO₂ price of €190/t)"
    ],
    "Vehicle tax": "€456/Year",
    "Number of Seats": "5",
    "Door Count": "4/5",
    "Transmission": "Automatic",
    "Emission Class": "Euro6d",
    "Emissions Sticker": "4 (Green)",
    "First Registration": "01/2025",
    "Number of Vehicle Owners": "1",
    "HU": "New",
    "Climatisation": "Automatic climatisation, 3 zones",
    "Parking sensors": "Front, Self-steering systems, Rear, 360° camera",
    "Airbags": "Front and Side and More Airbags",
    "Colour (Manufacturer)": "Isle of Man Grün",
    "Colour": "Green Metallic",
    "Interior Design": "Full leather, Other",
    "Cylinders": "6",
    "Energy consumption (comb.)": "10.2 l/100km",
    "CO₂ emissions (comb.)": "229 g/km"
  },
  "features": [
    "ABS",
    "Adaptive cornering lights",
    "Adaptive Cruise Control",
    "Alarm system",
    "Alloy wheels",
    "Ambient lighting",
    "Android Auto",
    "Apple CarPlay",
    "Arm rest",
    "Autom. dimming interior mirror",
    "Blind spot assist",
    "Bluetooth",
    "Central locking",
    "DAB radio",
    "Daytime running lights",
    "Digital cockpit",
    "Distance warning system",
    "Dynamic chassis control",
    "Electric seat adjustment",
    "Electric side mirror",
    "Electric tailgate",
    "Electric windows",
    "Eletric seat adjustment with memory function",
    "Emergency brake assist",
    "Emergency call system",
    "Emergency tyre repair kit",
    "ESP",
    "Folding exterior mirrors",
    "Four-wheel drive",
    "Full Service History",
    "Hands-free kit",
    "Head-up display",
    "Heated seats",
    "Heated steering wheel",
    "High beam assist",
    "Immobilizer",
    "Induction charging for smartphones",
    "Isofix",
    "Keyless central locking",
    "Lane change assist",
    "Leather steering wheel",
    "LED headlights",
    "Light sensor",
    "Lumbar support",
    "Multifunction steering wheel",
    "Navigation system",
    "Non-smoker vehicle",
    "On-board computer",
    "Paddle shifters",
    "Panoramic roof",
    "Power Steering",
    "Rain sensor",
    "Sound system",
    "Speed limit control system",
    "Sport seats",
    "Sports package",
    "Sports suspension",
    "Start-stop system",
    "Sunroof",
    "Touchscreen",
    "Traction control",
    "Traffic sign recognition",
    "Tuner/radio",
    "Tyre pressure monitoring",
    "Voice control",
    "Warranty",
    "WLAN / Wi-Fi hotspot"
  ]
},
{
  "title": "BMW M3 Competition xDrive Touring HUD LCP RFK M Sitz",
  "previewImage": "https://img.classistatic.de/api/v1/mo-prod/images/7c/7cdc3ad7-a5ab-4cb8-9519-8470b2226d6c?rule=mo-1600.jpg",
  "category": "EstateCar",
  "brand": "BMW",
  "model": "M3",
  "url": "https://suchen.mobile.de/fahrzeuge/details.html?id=428581859",
  "price.total.amount": 91450,
  "priceRating": {
    "rating": "Good price",
    "priceRanges": {
      "Very good price": {
        "start": 67501,
        "end": 87700
      },
      "Good price": {
        "start": 87701,
        "end": 94500
      },
      "Fair price": {
        "start": 94501,
        "end": 105100
      },
      "Increased price": {
        "start": 105101,
        "end": 112800
      },
      "High price": {
        "start": 112801,
        "end": 125300
      }
    }
  },
  "description": "Bereifung\nAktuelle Bereifung: Sommerreifen\n\nModelljahr\nModelljahr: 2024\n\nGetriebe\nAutomatikgetriebe DriveLogic, 8 Gänge\n\nAusstattungslinie\nAusstattungslinie Exterieur: Competition\n\nAusstattungspakete\nOptikpaket: M Hochglanz Shadow Line\nAblagepaket\nSpiegelpaket\n\nAssistenzsysteme\nHead-up-Display HUD\nBlendfreier Fernlichtassistent: BMW Selectiv Beam\nBMW ParkAssistent mit PDC vorne u. hinten: + automatisches Einparken\nRückfahrkamera: inkl. Active PDC\nFahrlichtautomatik\nGeschwindigkeitsregelung mit Bremsfunktion: Tempomat\nBerganfahrhilfe\nHill Descent Control HDC\nSpracheingabesystem\nMüdigkeitserkennung\nSpurwechselwarnung\nSpurverlassenswarnung\nCornering Brake Control CBC\nFahrerassistenzpaket: Driving Assistant\nActive Guard Auffahrwarnung: mit Bremseingriff\nGespannstabilisierung\n\nLicht und Sicht\nAdaptiver LED-Scheinwerfer\nAdaptives Kurvenlicht\nAbbiegelicht\nLED-Tagfahrlicht\nRegensensor\nAutomatisch abblendende Innen- und Außenspiegel\nSonnenschutzverglasung\nDynamische Leuchtweitenregulierung\nAmbientebeleuchtung mehrfarbig\nLichtsensor\n\nAudio & Kommunikation\nMultimedia-System\nBMW Navigationssystem Professional: inkl. RTTI\nBMW Professional Radio\nMulti-Funktions-Display\nDigitaler Radioempfang DAB\niDrive\nHarman/Kardon Soundsystem: Surround Sound\nUSB Anschluss, Bluetooth Audiostreaming\nBMW ConnectedDrive Services: Connected Package Professional\nHandyvorbereitung Bluetooth: inkl. Freispreceinrichtung\nKabelloses Laden für Handys: Ablage für Wireless Charging\nWLAN Hotspot\n\nKomfort\nBMW Live Cockpit Professional\nKlimaautomatik, 3 Zonen\nFahrer-/Beifahrersitz elektrisch\nMemoryfunktion Fahrersitz\nLordosenstütze Fahrer/Beifahrer\nSitzheizung Fahrer/Beifahrer\nSchalensitz: M Carbon Schalensitze\nArmauflage Fahrer/Beifahrer\nServotronic\nLenksäule verstellbar\nKomfortzugang\nAuto Start Stop Funktion\nZentralver. mit Fernbedienung\nFensterheber elektrisch 4-fach\nKopfstützen vorn und hinten\nAutomatische Heckklappenbetätigung\nM Drive: Professional\nGetränkehalter\n\nInterieur\nSitze Leder Merino\nMultifunktions-Lederlenkrad: M Lederlenkrad\nBordcomputer\nRücksitze klapp- und teilbar\nLaderaumabdeckung\nDurchladesystem\nDekoreinlagen Aluminium: Rhombicle anthrazit\nBodenbelag Teppich: Fußmatten in Velours\n\nExterieur\nAdaptives Fahrwerk\nAntrieb: Allrad\nM Sportfahrwerk\nTouchscreen Bedienung\nDifferentialsperre: Aktives M Differential\nM Leichtmetallräder 20 Zoll: Doppelspeiche 826 M\nAußenspiegel elekt. verstell- & anklappbar, beheizt\nDachreling: Hochglanz Shadow Line\nAntenne elekt.\nReifenpannenset\nInnovationspaket\nNotrufsystem: Intelligenter Notruf\nGeschwindigkeitsbegrenzer\nFahrzeugpersonalisierung\n\nSicherheit\nISOFIX Kindersitzbefestigung\nFußgängerschutzsystem\nFahrer- /Beifahrerairbag\nKopfairbag vorn\nSeitenairbag vorn und hinten\nFondairbags\nKnieairbag Fahrer\nDynamische Traktions Control DTC\nDynamische Stabilitäts Control DSC\nReifen Pannen Anzeige RPA\nDiebstahlwarnanlage\nAußentemperatur Anzeige\nAntiblockiersystem ABS\nBremsverschleißanzeige\nProaktives Insassenschutzsystem: Active Protection\nCity-Anbremsfunktion\nQuerverkehrswarnung\n\nWeitere Ausstattung\nM Sicherheitsgurte\nIndividual Dachhimmel anthrazit\nGalvanikapplikation für Bedienelemente\nÖlwartungsintervall 24 Monate/30.000 km\nGebrauchtwagensiegel: BMW Premium Selection\n\nFahrdaten\nvMax: 280 km/h\nBeschleunigung: 4 Sek. 0-100 km/h\n\nSonstige Maße und Gewichte\nNutzlast: 430 kg\nzulässiges Gesamtgewicht: 2.370 kg\n\nDie im Inserat aufgeführten Ausstattungsmerkmale sind unverbindlich. Maßgeblich für den Kauf ist allein der schriftliche Kaufvertrag. Angaben im Inserat begründen keine Beschaffenheitsvereinbarung. Verbindliche Ausstattungsangaben werden ausschließlich im Kaufvertrag festgelegt.",
  "dealerDetails": {
    "id": 454145,
    "name": "WELLER Premium GmbH - BMW & MINI Vertragshändler",
    "sellerType": "Dealer",
    "phones": [
      "+49 (0)5141 593421266"
    ],
    "languages": [
      "Deutsch"
    ],
    "country": "DE",
    "address": "An der Koppel 1, DE-29227 Celle",
    "location": {
      "latitude": 52.5906725,
      "longitude": 10.0667152
    },
    "activeSince": "1999-07-01T00:00:00.000Z",
    "homepageUrl": "https://home.mobile.de/home/redirect.html?customerId=454145",
    "iconUrl": "https://img.classistatic.de/api/v1/mo-prod/images/d2/d28dbb1d-a972-4546-8688-6638510f5163?rule=mo-640.jpg",
    "reviewPageUrl": "https://www.mobile.de/bewertungen/B-K-CELLE?lang=en",
    "score": {
      "total": 4.1,
      "responseTime": 4.3,
      "friendliness": 4.2,
      "advice": 3.9
    },
    "activeRatingCount": 40,
    "vehicleAsDescribedPercentage": 82,
    "recommendPercentage": 75,
    "soldVehicleCount": null,
    "reviews": []
  },
  "attributes": {
    "Vehicle condition": "Used vehicle",
    "Category": "Estate car, Employee's Car",
    "Trim line": "Competition",
    "Vehicle Number": "25063334",
    "Availability": "Now",
    "Mileage": "6,457 km",
    "Cubic Capacity": "2,993 ccm",
    "Power": "390 kW (530 hp)",
    "Drive type": "Internal combustion engine",
    "Fuel": "Petrol",
    "Number of Seats": "5",
    "Door Count": "4/5",
    "Transmission": "Automatic",
    "Emission Class": "Euro6d",
    "Emissions Sticker": "4 (Green)",
    "First Registration": "09/2024",
    "Number of Vehicle Owners": "1",
    "HU": "New",
    "Climatisation": "Automatic climatisation, 3 zones",
    "Parking sensors": "Rear, Front, Camera, Self-steering systems",
    "Airbags": "Front and Side and More Airbags",
    "Colour (Manufacturer)": "Alpinweiß",
    "Colour": "White",
    "Interior Design": "Full leather, Black",
    "Cylinders": "6"
  },
  "features": [
    "ABS",
    "Adaptive cornering lights",
    "Alarm system",
    "Alloy wheels",
    "Ambient lighting",
    "Arm rest",
    "Autom. dimming interior mirror",
    "Blind spot assist",
    "Bluetooth",
    "Central locking",
    "Cruise control",
    "DAB radio",
    "Digital cockpit",
    "Distance warning system",
    "Dynamic chassis control",
    "Electric seat adjustment",
    "Electric side mirror",
    "Electric tailgate",
    "Electric windows",
    "Eletric seat adjustment with memory function",
    "Emergency brake assist",
    "Emergency call system",
    "Emergency tyre repair kit",
    "ESP",
    "Folding exterior mirrors",
    "Four-wheel drive",
    "Full Service History",
    "Glare-free high beam headlights",
    "Hands-free kit",
    "Head-up display",
    "Heated seats",
    "High beam assist",
    "Hill-start assist",
    "Induction charging for smartphones",
    "Integrated music streaming",
    "Isofix",
    "Keyless central locking",
    "Lane change assist",
    "Leather steering wheel",
    "LED headlights",
    "LED running lights",
    "Light sensor",
    "Lumbar support",
    "Multifunction steering wheel",
    "Navigation system",
    "On-board computer",
    "Particulate filter",
    "Power Steering",
    "Rain sensor",
    "Roof rack",
    "Sound system",
    "Speed limit control system",
    "Sport seats",
    "Sports suspension",
    "Start-stop system",
    "Summer tyres",
    "Touchscreen",
    "Traction control",
    "Tuner/radio",
    "Tyre pressure monitoring",
    "USB port",
    "Voice control",
    "Warranty",
    "WLAN / Wi-Fi hotspot"
  ]
},
{
  "title": "BMW M3 Competition To M xDrive Schalensitz,CarbonEx",
  "previewImage": "https://img.classistatic.de/api/v1/mo-prod/images/36/363c1c3a-81dd-4053-8823-1c4bd198e278?rule=mo-1600.jpg",
  "category": "EstateCar",
  "brand": "BMW",
  "model": "M3",
  "url": "https://suchen.mobile.de/fahrzeuge/details.html?id=432692063",
  "price.total.amount": 91530,
  "priceRating": {
    "rating": "Fair price",
    "priceRanges": {
      "Very good price": {
        "start": 63501,
        "end": 82500
      },
      "Good price": {
        "start": 82501,
        "end": 88900
      },
      "Fair price": {
        "start": 88901,
        "end": 98900
      },
      "Increased price": {
        "start": 98901,
        "end": 106100
      },
      "High price": {
        "start": 106101,
        "end": 117900
      }
    }
  },
  "description": "Verbrauch und Emission (WLTP)\nPrimärer Antrieb Verbrauch innerorts: 15,70 l/100 km\nPrimärer Antrieb Verbrauch Stadtrand: 10,20 l/100 km\nPrimärer Antrieb Verbrauch Landstraße: 8,80 l/100 km\nPrimärer Antrieb Verbrauch Autobahn: 9,70 l/100 km\nPrimärer Antrieb Verbrauch kombiniert: 10,30 l/100 km\nCO2 Emission kombiniert: 234 g/km\n\nGetriebe\nAutomatikgetriebe DriveLogic, 8 Gänge\n\nAusstattungslinie\nM Sport\n\nAusstattungspakete\nAusstattungspaket: Connected Professional (laufzeitgebundener Dienst)\nM Sportpaket\nOptikpaket: M Hochglanz Shadow Line mit erweiterten Umfängen\nAblagepaket\nSpiegelpaket\n\nAssistenzsysteme\nHead-up-Display HUD\nFernlichtassistent\nBMW ParkAssistent: Parking Assistant Plus\nRückfahrkamera\nSurround View\nFahrlichtautomatik\nAktive Geschwindigkeitsregelung mit Stop & Go\nSpracheingabesystem\nMüdigkeitserkennung\nSpurwechselassistent\nSpurhalteassistent\nBremsassistent\nFahrerassistenzpaket: Driving Assistant Professional, Heckaufprall-Vermeidung, Parkassistent-Paket Plus, Rückfahr-Assistent\nActive Guard Auffahrwarnung\nVerkehrszeichenerkennung\nGespannstabilisierung\n\nLicht und Sicht\nAdaptiver LED-Scheinwerfer\nAdaptives Kurvenlicht\nTagfahrlicht\nRegensensor\nAutomatisch abblendende Innen- und Außenspiegel\nSonnen- und Wärmeschutzverglasung: Akustikverglasung, Sonnenschutzrollo fuer hintere Türseitenscheiben\nDynamische Leuchtweitenregulierung\nAmbientebeleuchtung\nLichtsensor\n\nAudio & Kommunikation\nMultimedia-System\nBMW Live Cockpit Professional: Augmented Reality\nRadio\nMulti-Funktions-Display\nDigitaler Radioempfang DAB\niDrive\nHarman/Kardon Soundsystem\nAudio-Schnittstelle\nBMW ConnectedDrive: ConnectedDrive Services (laufzeitgebundener Dienst), Connected Package Professional (laufzeitgebundener Dienst)\nHandyvorbereitung Bluetooth\nAndroid Auto u. Apple CarPlay\nKabelloses Laden für Handys: Ablage für Wireless Charging\nWLAN Hotspot: Personal eSIM\n\nKomfort\nBMW Live Cockpit Professional: BMW Curved Display\nKlimaautomatik, 3 Zonen\nFahrer-/Beifahrersitz elektrisch\nMemoryfunktion Fahrersitz\nLordosenstütze Fahrer/Beifahrer elektrisch\nSitzheizung Fahrer/Beifahrer\nSchalensitz: M Carbon Schalensitze\nArmauflage vorn und hinten\nServotronic\nLenksäule verstellbar\nKomfortzugang\nAuto Start Stop Funktion\nZentralver. mit Fernbedienung: mit Diebstahlsicherung und Crashsensor, BMW Digital Key\nFensterheber elektrisch 4-fach\nKopfstützen vorn und hinten: Fondkopfstützen klappbar\nAutomatische Heckklappenbetätigung\nM Drive: M Drive Professional\nGetränkehalter\n\nInterieur\nSitze Leder Merino Silverstone/Schwarz\nMultifunktions-Sport-/Lederlenkrad: M, M Sicherheitsgurte, M Dachhimmel anthrazit\nLenkradheizung\nBordcomputer: BMW Drive Recorder\nRücksitze klapp- und teilbar\nLaderaumabdeckung\nDurchladesystem\nDekoreinlagen Carbon: Interieurleisten Carbon Fibre, Galvanikapplikation für Bedienelemente\nLenkrad-Schaltwippen\n\nExterieur\nAntrieb: Allrad\nAdaptives Fahrwerk\nCarbon Paket Exterieur: M Carbon Exterieurpaket\nM Sportfahrwerk: Adaptives M Fahrwerk, Dach und Spiegelkappen schwarz\nTouchscreen Bedienung\nDifferentialsperre: Aktives M Differential\nM Sportbremse: M Leuchten Shadow Line\nM Leichtmetallräder 20 Zoll: M Schmiederäder Doppelspeiche 825 M mit Mischbereifung\nAußenspiegel elekt. anklappbar\nDachreling: BMW Individual Dachreling Hochglanz Shadow Line\nReifenpannenset\nInnovationspaket: II\nNotrufsystem: Intelligenter Notruf inkl. TeleServices (laufzeitgebundener Dienst)\nGeschwindigkeitsbegrenzer\nFahrzeugpersonalisierung: BMW ID\n\nSicherheit\nISOFIX Kindersitzbefestigung\nFußgängerschutzsystem\nFahrer- /Beifahrerairbag\nKopfairbag vorn und hinten\nSeitenairbag vorn und hinten\nKnieairbag Fahrer\nDynamische Traktions Control DTC\nDynamische Stabilitäts Control DSC\nReifen Pannen Anzeige RPA\nDiebstahlwarnanlage\nWegfahrsperre\nAußentemperatur Anzeige\nAntiblockiersystem ABS\nProaktives Insassenschutzsystem: Active Protection\nNotbremsassistent\nAkustischer Umfeldschutz\nQuerverkehrswarnung\n\nWeitere Ausstattung\nBMW Individual Leuchten Shadow Line\nSonnenschutzrollo für Seitenscheiben\nM Sicherheitsgurte\nDriving Assistent Professional\nBMW Individual Dachhimmel anthrazit\nBMW Drive Recorder (Dashcam)\nFalschfahrwarnung\nAusweich-Assistent\nAmpel-Erkennung\nRemote 3D View (laufzeitgebundener Dienst)\nAkustikglas\nM Carbon Exterieurpaket\n\nDie im Inserat aufgeführten Ausstattungsmerkmale sind unverbindlich. Maßgeblich für den Kauf ist allein der schriftliche Kaufvertrag. Angaben im Inserat begründen keine Beschaffenheitsvereinbarung. Verbindliche Ausstattungsangaben werden ausschließlich im Kaufvertrag festgelegt.",
  "dealerDetails": {
    "id": 455733,
    "name": "WELLER Premium GmbH - BMW & MINI Vertragshändler",
    "sellerType": "Dealer",
    "phones": [
      "+49 (0)4171 546999371"
    ],
    "languages": [
      "Deutsch",
      "English",
      "Italiano"
    ],
    "country": "DE",
    "address": "Lüneburger Strasse 128-130, DE-21423 Winsen/Luhe",
    "location": {
      "latitude": 53.352141,
      "longitude": 10.2269953
    },
    "activeSince": "2000-10-18T00:00:00.000Z",
    "homepageUrl": "https://home.mobile.de/home/redirect.html?customerId=455733",
    "iconUrl": "https://img.classistatic.de/api/v1/mo-prod/images/f3/f369e058-47d6-48e0-b304-42745f9a7694?rule=mo-640.jpg",
    "reviewPageUrl": "https://www.mobile.de/bewertungen/B-K-WINSEN?lang=en",
    "score": {
      "total": 4.4,
      "responseTime": 4.5,
      "friendliness": 4.4,
      "advice": 4.2
    },
    "activeRatingCount": 46,
    "vehicleAsDescribedPercentage": 92,
    "recommendPercentage": 85,
    "soldVehicleCount": null,
    "reviews": []
  },
  "attributes": {
    "Vehicle condition": "Used vehicle, Accident-free",
    "Category": "Estate car, Employee's Car",
    "Trim line": "M Sport",
    "Vehicle Number": "40147920",
    "Availability": "Now",
    "Origin": "German edition",
    "Mileage": "21,814 km",
    "Cubic Capacity": "2,993 ccm",
    "Power": "390 kW (530 hp)",
    "Drive type": "Internal combustion engine",
    "Fuel": "Petrol",
    "CO₂ class": "Based on CO₂ emissions (combined)",
    "Fuel consumption": [
      "10.3 l/100km (combined)",
      "15.7 l/100km (city)",
      "10.2 l/100km (suburban)",
      "8.8 l/100km (country road)",
      "9.7 l/100km (motorway)"
    ],
    "Energy costs for 15,000 km annual mileage": "€2,775/Year",
    "Fuel price": "€1.80/l (annual average 2024)",
    "Possible CO₂ costs over the next 10 years (15,000 km/year)": [
      "€4,036 (assuming an average CO₂ price of €115/t)",
      "€1,755 (assuming a low average CO₂ price of €50/t)",
      "€6,669 (assuming a high average CO₂ price of €190/t)"
    ],
    "Vehicle tax": "€476/Year",
    "Number of Seats": "5",
    "Door Count": "4/5",
    "Transmission": "Automatic",
    "Emission Class": "Euro6d",
    "Emissions Sticker": "4 (Green)",
    "First Registration": "11/2024",
    "Number of Vehicle Owners": "1",
    "HU": "New",
    "Climatisation": "Automatic climatisation, 3 zones",
    "Parking sensors": "Rear, 360° camera, Front, Self-steering systems",
    "Airbags": "Front and Side and More Airbags",
    "Colour (Manufacturer)": "Aventurinrot III",
    "Colour": "Red Metallic",
    "Interior Design": "Full leather, Black",
    "Cylinders": "6",
    "Energy consumption (comb.)": "10.3 l/100km",
    "CO₂ emissions (comb.)": "234 g/km"
  },
  "features": [
    "ABS",
    "Adaptive cornering lights",
    "Adaptive Cruise Control",
    "Alarm system",
    "Alloy wheels",
    "Ambient lighting",
    "Android Auto",
    "Apple CarPlay",
    "Arm rest",
    "Autom. dimming interior mirror",
    "Blind spot assist",
    "Bluetooth",
    "Central locking",
    "DAB radio",
    "Daytime running lights",
    "Digital cockpit",
    "Distance warning system",
    "Dynamic chassis control",
    "Electric seat adjustment",
    "Electric side mirror",
    "Electric tailgate",
    "Electric windows",
    "Eletric seat adjustment with memory function",
    "Emergency brake assist",
    "Emergency call system",
    "Emergency tyre repair kit",
    "ESP",
    "Folding exterior mirrors",
    "Four-wheel drive",
    "Full Service History",
    "Hands-free kit",
    "Head-up display",
    "Heated seats",
    "Heated steering wheel",
    "High beam assist",
    "Immobilizer",
    "Induction charging for smartphones",
    "Isofix",
    "Keyless central locking",
    "Lane change assist",
    "Leather steering wheel",
    "LED headlights",
    "Light sensor",
    "Lumbar support",
    "Multifunction steering wheel",
    "Navigation system",
    "Non-smoker vehicle",
    "On-board computer",
    "Paddle shifters",
    "Particulate filter",
    "Power Steering",
    "Rain sensor",
    "Roof rack",
    "Sound system",
    "Speed limit control system",
    "Sport seats",
    "Sports package",
    "Sports suspension",
    "Start-stop system",
    "Touchscreen",
    "Traction control",
    "Traffic sign recognition",
    "Tuner/radio",
    "Tyre pressure monitoring",
    "Voice control",
    "Warranty",
    "WLAN / Wi-Fi hotspot"
  ]
},
{
  "title": "BMW M3 Competition M xDrive Driv.Assist.Prof Kamera",
  "previewImage": "https://img.classistatic.de/api/v1/mo-prod/images/a6/a6633137-44d9-4b7b-bef2-86fcb8449bd5?rule=mo-1600.jpg",
  "category": "EstateCar",
  "brand": "BMW",
  "model": "M3",
  "url": "https://suchen.mobile.de/fahrzeuge/details.html?id=427387119",
  "price.total.amount": 90970,
  "priceRating": {
    "rating": "Fair price",
    "priceRanges": {
      "Very good price": {
        "start": 65001,
        "end": 84400
      },
      "Good price": {
        "start": 84401,
        "end": 90900
      },
      "Fair price": {
        "start": 90901,
        "end": 101200
      },
      "Increased price": {
        "start": 101201,
        "end": 108600
      },
      "High price": {
        "start": 108601,
        "end": 120600
      }
    }
  },
  "description": "Gerne informiert Sie einer unserer Verkaufsberater, vor Besuch unserer Niederlassung, über die Verfügbarkeit des gewünschten Fahrzeuges. In diesem Zuge vereinbaren Sie gerne auch Ihren persönlichen Beratungstermin.Vielen Dank, ihr Verkaufsteam!\n\nSonstiges\nAblage für Wireless Charging\nABS\nActive Guard\nBMW Apps\nIndividual\nKlimaanlage oder -automatik\nLeder\nLordose\nM Compound-Bremse, rot hochglänzend\nM Drive Professional\nM Interieurleisten Aluminium Rhombicle Anthrazit\nPersonal eSIM\nSitzheizung\nSportfahrwerk\nUnfallfrei\n\nAntrieb, Fahrwerk\nAdaptives M Fahrwerk\nAllrad\nM Sportdifferenzial\n\nEditionen und Pakete\nAblagenpaket\nConnected Package Professional (laufzeitgebundener Dienst)\nConnectedDrive Services (laufzeitgebundener Dienst)\nGepäckraumpaket\nInnovationspaket\n\nExterieur\nDach und Spiegelkappen schwarz\nDachreling\n\nFahrerassistenz\nDriving Assistant Professional\nGesetzlicher Notruf\nParking Assistant Plus\n\nIndividualumfänge\nM Dachreling Hochglanz Shadow Line\nM Hochglanz Shadow Line\nM Hochglanz Shadow Line mit erweiterten Umfängen\n\nKomfort, Innenausstattung\nFondkopfstützen klappbar\nGalvanikapplikation für Bedienelemente\nInnen- und Außenspiegelpaket\nKlimaautomatik\nKomfortzugang\nLordosenstütze für Fahrer und Beifahrer\nM Sicherheitsgurte\nM Sportsitze\nSitzheizung für Fahrer und Beifahrer\nSitzverstellung elektrisch\nSitzverstellung elektrisch mit Memory für Fahrersitz\nSonnenschutzverglasung\n\nMultimedia\nBMW Live Cockpit Professional (laufzeitgebundener Dienst)\nDAB Tuner\nHarman Kardon Surround Sound System\n\nRäder\n19\"/20\" M Schmiederäder Doppelspeiche 826 M Schwarz / MB\n\nSitzbezug\nLeder Merino Kyalami Orange/Schwarz\n\nUmwelt, Sicherheit\nAbgasnorm EU6 RDE II\nActive Protection\nAdaptiver LED-Scheinwerfer\nAktiver Fußgängerschutz\nAlarmanlage mit Fernbedienung\nBeifahrerairbag-Deaktivierung\nFernlichtassistent\nInnenspiegel automatisch abblendend\nReifendruck-Kontrolle\n\nehemal. Neupreis Euro 116.140 (brutto)\n\nBitte haben Sie Verständnis dafür, dass es sich bei den ausgewiesenen Angebotspreisen um Festpreise handelt.Vielen Dank, Ihr Verkaufsteam!Irrtümer und Zwischenverkauf vorbehalten.",
  "dealerDetails": {
    "id": 452744,
    "name": "BMW AG Niederlassung Dreieich",
    "sellerType": "Dealer",
    "phones": [
      "+49 (0)6103 374785374"
    ],
    "languages": [
      "Deutsch",
      "Slovenščina",
      "English",
      "Italiano",
      "Français",
      "Türkçe"
    ],
    "country": "DE",
    "address": "Gustav-Otto-Straße 1, DE-63303 Dreieich-Sprendlingen",
    "location": {
      "latitude": 50.0336698,
      "longitude": 8.7025703
    },
    "activeSince": "2003-05-27T00:00:00.000Z",
    "homepageUrl": "https://home.mobile.de/home/redirect.html?customerId=452744",
    "iconUrl": "https://img.classistatic.de/api/v1/mo-prod/images/01/0194d669-b138-435c-ac6b-bda3563b75fe?rule=mo-640.jpg",
    "reviewPageUrl": "https://www.mobile.de/bewertungen/BMW-GROUP-DREIEICH?lang=en",
    "score": {
      "total": 4.4,
      "responseTime": 4.5,
      "friendliness": 4.5,
      "advice": 4.2
    },
    "activeRatingCount": 116,
    "vehicleAsDescribedPercentage": 87,
    "recommendPercentage": 85,
    "soldVehicleCount": null,
    "reviews": []
  },
  "attributes": {
    "Vehicle condition": "Used vehicle",
    "Category": "Estate car, Employee's Car",
    "Model range": "M3 touring",
    "Trim line": "M xDrive Driv.Assist.Prof Kamera",
    "Vehicle Number": "XE338631",
    "Availability": "Now",
    "Mileage": "19,753 km",
    "Cubic Capacity": "2,993 ccm",
    "Power": "390 kW (530 hp)",
    "Drive type": "Internal combustion engine",
    "Fuel": "Petrol, E10-enabled",
    "Number of Seats": "5",
    "Door Count": "4/5",
    "Transmission": "Automatic",
    "Emission Class": "Euro6",
    "Emissions Sticker": "4 (Green)",
    "First Registration": "09/2024",
    "Construction Year": "2024",
    "Number of Vehicle Owners": "1",
    "HU": "09/2027",
    "Climatisation": "Automatic climatisation, 2 zones",
    "Parking sensors": "360° camera, Front, Self-steering systems, Rear",
    "Airbags": "Front and Side and More Airbags",
    "Colour (Manufacturer)": "M Isle of Man Grün",
    "Colour": "Green Metallic",
    "Interior Design": "Full leather, Black"
  },
  "features": [
    "ABS",
    "Adaptive cornering lights",
    "Alarm system",
    "Alloy wheels",
    "Arm rest",
    "Autom. dimming interior mirror",
    "Blind spot assist",
    "Bluetooth",
    "Central locking",
    "DAB radio",
    "Digital cockpit",
    "Distance warning system",
    "Dynamic chassis control",
    "Electric seat adjustment",
    "Electric side mirror",
    "Electric windows",
    "Eletric seat adjustment with memory function",
    "Emergency brake assist",
    "Emergency call system",
    "ESP",
    "Fatigue warning system",
    "Four-wheel drive",
    "Full Service History",
    "Glare-free high beam headlights",
    "Hands-free kit",
    "Heated seats",
    "High beam assist",
    "Hill-start assist",
    "Immobilizer",
    "Induction charging for smartphones",
    "Isofix",
    "Keyless central locking",
    "Lane change assist",
    "Leather steering wheel",
    "LED headlights",
    "LED running lights",
    "Light sensor",
    "Lumbar support",
    "Multifunction steering wheel",
    "Navigation system",
    "On-board computer",
    "Paddle shifters",
    "Power Steering",
    "Rain sensor",
    "Roof rack",
    "Sound system",
    "Speed limit control system",
    "Sport seats",
    "Sports package",
    "Sports suspension",
    "Start-stop system",
    "Summer tyres",
    "Tinted windows",
    "Touchscreen",
    "Traction control",
    "Traffic sign recognition",
    "Tuner/radio",
    "Tyre pressure monitoring",
    "USB port",
    "Voice control",
    "Warranty"
  ]
},
{
  "title": "BMW M3 xDrive Competition *NAVI*SITZHEIZUNG*HARMAN*T",
  "previewImage": "https://img.classistatic.de/api/v1/mo-prod/images/43/43c5bed5-b30a-4768-af62-91919abbc34f?rule=mo-1600.jpg",
  "category": "EstateCar",
  "brand": "BMW",
  "model": "M3",
  "url": "https://suchen.mobile.de/fahrzeuge/details.html?id=433424401",
  "price.total.amount": 89995,
  "priceRating": {
    "rating": "Fair price",
    "priceRanges": {
      "Very good price": {
        "start": 62101,
        "end": 80700
      },
      "Good price": {
        "start": 80701,
        "end": 86900
      },
      "Fair price": {
        "start": 86901,
        "end": 96700
      },
      "Increased price": {
        "start": 96701,
        "end": 103800
      },
      "High price": {
        "start": 103801,
        "end": 115300
      }
    }
  },
  "description": "!!! ERSTKONTAKT BITTE TELEFONISCH !!!\n\n(E-Mail Anfragen ohne Telefonnummer werden nicht beantwortet)\n\nBMW M3 xDrive Competition {{{*}}}NAVI{{{*}}}SITZHEIZUNG{{{*}}}HARMAN{{{*}}}TOP{{{*}}}SOFORT VERFÜGBAR{{{*}}}\n\nSonderausstattung:\nBMW Live Cockpit Professional\nBremsanlage: Compound - M Bremssystem (Bremssättel Rot)\nInnovations-Paket\nLenkrad heizbar\nLM-Felgen\nMetallic-Lackierung\nParkassistent-Paket\nReifen-Reparaturset (Mobility-Pack)\nScheinwerfer BMW Individual Shadow-Line\nSicherheitsgurte M\nSicherheitssystem Active Protection\nSonnenschutzverglasung (hinten abgedunkelt)\nSound-System Harman-Kardon\n\nSerienausstattung:\nAblage-Paket\nAdaptives Fahrwerk M-Technic\nAirbag Beifahrerseite abschaltbar\nAktives M Differential\nAlarmanlage\nAmbiente-Beleuchtung\nAnti-Blockier-System (ABS)\nAntriebsart: Allradantrieb\nAntriebsart: xDrive (Allrad)\nAusstattungs-Paket: Connected Professional\nAußenausstattung: Shadow-Line Hochglanz\nAußenausstattung: Shadow-Line Hochglanz (erweiterter Umfang)\nAußenspiegel elektr. verstell- und heizbar\nBedienelemente galvanisiert\nBordcomputer\nCompetition\nDAB-Tuner (Radioempfang digital)\nDachhimmel Anthrazit (BMW Individual)\nDachreling Hochglanz Shadow-Line\nDiebstahlsicherung für Räder (Felgenschlösser)\nDurchladeeinrichtung (Mittelarmlehne hinten)\nDynamische Stabilitäts-Control (DSC) mit erweiterter Umfang\nEinstiegsleisten mit Einleger in Aluminium mit Schriftzug M\nErste Hilfe-Kasten / Verbandkasten\nFahrassistenz-System: Active Guard (Bremsassistent)\nFahrassistenz-System: Aufmerksamkeits-Assistent\nFensterheber elektrisch\nFreisprecheinrichtung Bluetooth mit USB-/Audio-Schnittstelle\nFußmatten Velours\nGepäckraumbeleuchtung\nGeschwindigkeits-Begrenzeranlage (Speed Limit Device)\nGeschwindigkeits-Regelanlage mit Bremsfunktion\nGetriebe Automatik - mit Steptronic und Drivelogic (8-Stufen)\nGetränkehalter\nHeckklappenbetätigung automatisch\nHeckleuchten LED\nInduktionsladeschale für Smartphone (Wireless Charging)\nInnenausstattung: Interieurleisten, schwarz hochglänzend\nInnenspiegel mit Abblendautomatik\nInstrumentenkombination (erweiterter Umfang)\nIsofix-Aufnahmen für Kindersitz an Rücksitz\nKarosserie: 5-türig\nKennzeichenbeleuchtung LED\nKlimaautomatik 3-Zonen mit autom. Umluft-Control\nKnieairbag Fahrerseite\nKopf-Airbag-System hinten\nKopf-Airbag-System vorn\nKopfstützen hinten klappbar\nLenkrad (Leder) mit Multifunktion M-Technic\nLenksäule (Lenkrad) elektr. verstellbar\nLeuchtweitenregelung\nM Drive (Fahrprofilauswahl)\nM Drive Professional (Fahrprofilauswahl)\nMotor 3,0 Ltr. - 375 kW 24V TwinTurbo KAT (S58)\nNebelschlussleuchte(n)\nOtto-Partikelfilter (OPF)\nPark-Distance-Control (PDC) vorn und hinten\nParkbremse elektrisch\nReifendruck-Kontrollsystem\nReifenpannen-Anzeige\nSchadstoffarm nach Abgasnorm Euro 6d\nSchaltpunktanzeige\nScheibenwischer mit Regensensor\nSeitenairbag vorn\nService-System: ConnectedDrive Services\nService-System: Gesetzlicher Notruf\nService-System: Intelligenter Notruf inkl. TeleServices\nSitzbezug / Polsterung: Leder Merino (erweiterter Umfang)\nSitze vorn elektr. verstellbar (mit Memory)\nSitzheizung vorn + hinten\nSpiegel-Paket\nSportdifferential\nSportsitze vorn (M-Technic)\nStart-Stop-Knopf\nStart/Stop-Anlage (Funktion)\nSteckdose (12V-Anschluß) in Mittelkonsole vorn\nWarndreieck\nWegfahrsperre\nWidescreen Display\nWärme-/Sonnenschutzverglasung\nWärme-/Sonnenschutzverglasung kombiniert (hinten abgedunkelt)\nZentralverriegelung mit Fernbedienung\nFür Rückfragen stehen wir Ihnen gerne persönlich unter 09426/8524070 zur Verfügung\n\nOptional für alle Kunden:\n\nFinanzierung möglich!\nInzahlungnahme aller Marken und Baujahre möglich, auch Kreditablösungen und Inzahlungnahme mit Wertausgleich möglich!!!\nWir haben flexible Öffnungszeiten, auch abends\nBitte IMMER vorher anrufen, Besichtigung nur nach telefonischer Terminvereinbarung - Sie erreichen uns telefonisch Mo-Fr von 08.00 - 18.00Uhr\nExport und Kurzzeitkennzeichen Service\nZulassungsservice\nBei Nettoverkauf muss die Mehrwertsteuer als Kaution bezahlt werden\nIrrtümer und Zwischenverkauf vorbehalten!\nDie gemachten Angaben in den Anzeigen, inkl. Bildern sind unverbindliche Beschreibungen und dienen nicht als zugesicherte Eigenschaften. Eingabefehler, Irrtümer und Zwischenverkauf vorbehalten. Aufgeführte Ausstattungen sind ggfs.gesondert zu prüfen.",
  "dealerDetails": {
    "id": 26723759,
    "name": "Automobile Gögl",
    "sellerType": "Dealer",
    "phones": [
      "+49 (0)9426 373001219"
    ],
    "messengers": {
      "WHATS_APP": "+49 (0)160 90512041"
    },
    "languages": [
      "Deutsch"
    ],
    "country": "DE",
    "address": "Gewerbepark Siebenkofen 9, DE-94363 Oberschneiding",
    "location": {
      "latitude": 48.8077973,
      "longitude": 12.6385981
    },
    "activeSince": "2021-07-08T00:00:00.000Z",
    "homepageUrl": "https://home.mobile.de/home/redirect.html?customerId=26723759",
    "iconUrl": null,
    "reviewPageUrl": "https://www.mobile.de/bewertungen/KarosserieLackierfachbetriebGoeglGmbHCoKg?lang=en",
    "score": {
      "total": 4.7,
      "responseTime": 4.8,
      "friendliness": 4.8,
      "advice": 4.4
    },
    "activeRatingCount": 5,
    "vehicleAsDescribedPercentage": 100,
    "recommendPercentage": 100,
    "soldVehicleCount": null,
    "reviews": []
  },
  "attributes": {
    "Vehicle condition": "Used vehicle, Accident-free",
    "Category": "Estate car",
    "Vehicle Number": "81057b7e-5c7a-41d7-8ae6-235d612e440e",
    "Origin": "German edition",
    "Mileage": "8,500 km",
    "Cubic Capacity": "2,993 ccm",
    "Power": "375 kW (510 hp)",
    "Drive type": "Internal combustion engine",
    "Fuel": "Petrol",
    "CO₂ class": "Based on CO₂ emissions (combined)",
    "Number of Seats": "5",
    "Door Count": "4/5",
    "Transmission": "Automatic",
    "Emission Class": "Euro6d",
    "Emissions Sticker": "4 (Green)",
    "First Registration": "04/2024",
    "Number of Vehicle Owners": "1",
    "HU": "04/2027",
    "Climatisation": "Automatic air conditioning",
    "Parking sensors": "360° camera, Rear, Front",
    "Airbags": "Front and Side and More Airbags",
    "Colour (Manufacturer)": "SAPHIRSCHWARZ",
    "Colour": "Black",
    "Interior Design": "Full leather, Black",
    "Energy consumption (comb.)": "-- l/100km",
    "CO₂ emissions (comb.)": "-- g/km"
  },
  "features": [
    "ABS",
    "Adaptive Cruise Control",
    "Alarm system",
    "Alloy wheels",
    "Ambient lighting",
    "Autom. dimming interior mirror",
    "Blind spot assist",
    "Bluetooth",
    "Central locking",
    "DAB radio",
    "Digital cockpit",
    "Distance warning system",
    "Electric seat adjustment",
    "Electric side mirror",
    "Electric tailgate",
    "Electric windows",
    "Emergency call system",
    "ESP",
    "Four-wheel drive",
    "Full Service History",
    "Hands-free kit",
    "Heated rear seats",
    "Heated seats",
    "Heated steering wheel",
    "High beam assist",
    "Immobilizer",
    "Induction charging for smartphones",
    "Isofix",
    "Keyless central locking",
    "Lane change assist",
    "Leather steering wheel",
    "LED headlights",
    "LED running lights",
    "Multifunction steering wheel",
    "Night vision assist",
    "Non-smoker vehicle",
    "On-board computer",
    "Paddle shifters",
    "Rain sensor",
    "Roof rack",
    "Ski bag",
    "Sound system",
    "Speed limit control system",
    "Sport seats",
    "Sports package",
    "Sports suspension",
    "Start-stop system",
    "Summer tyres",
    "Traffic sign recognition",
    "Tyre pressure monitoring",
    "USB port",
    "Warranty"
  ]
},
{
  "title": "BMW M3 Competition Touring MxDrive|H/K|Sitzbelüft.",
  "previewImage": "https://img.classistatic.de/api/v1/mo-prod/images/6b/6b80f93b-ad3a-418e-9db6-523ffc568f7a?rule=mo-1600.jpg",
  "category": "EstateCar",
  "brand": "BMW",
  "model": "M3",
  "url": "https://suchen.mobile.de/fahrzeuge/details.html?id=433641883",
  "price.total.amount": 90800,
  "priceRating": {
    "rating": "Very good price",
    "priceRanges": {
      "Very good price": {
        "start": 74301,
        "end": 96600
      },
      "Good price": {
        "start": 96601,
        "end": 104100
      },
      "Fair price": {
        "start": 104101,
        "end": 115800
      },
      "Increased price": {
        "start": 115801,
        "end": 124300
      },
      "High price": {
        "start": 124301,
        "end": 138100
      }
    }
  },
  "description": "Außenausstattung\n19\"/20\" M Schmiederäder Doppelspeiche 825 M silber mit Mischbereifung\nM Dachreling Hochglanz Shadow Line \nSonnenschutzverglasung \n\nKomfort/Innenausstattung\nAblage für Wireless Charging \nAktive Sitzbelüftung vorn \nBMW Live Cockpit Professional \nDAB-Tuner \nGeschwindigkeitsregelung mit Bremsfunktion \nHarman Kardon Surround Sound System \nInnenspiegel automatisch abblendend \nKlimaautomatik \nLenkradheizung \nLordosenstütze für Fahrer und Beifahrer \nSitzheizung für Fahrer und Beifahrer \nSitzverstellung, elektrisch mit Memory für Fahrers itz\n\nSicherheit/Umwelt\nAdaptiver LED-Scheinwerfer \nAlarmanlage \nDeaktivierung Beifahrerairbag \nFernlichtassistent \nGesetzlicher Notruf \nKomfortzugang \nReifendruck-Kontrolle \n\nSitzbezug\nVollleder 'Merino' Yas Marina Blau/Schwarz\n\nSonstiges\nAbgasnorm EU6 RDE II \nAblagenpaket \nActive Guard \nActive Protection \nAktiver Fußgängerschutz \nAkustikverglasung \nBlow by-Heizer \nCOC Zusatzumfänge \nConnected Package Professional \nConnectedDrive Services \nDach und Spiegelkappen schwarz \nDriving Assistant \nEU spezifische Umfänge \nFondkopfstützen klappbar \nGalvanikapplikation für Bedienelemente \nInnen- und Außenspiegelpaket \nInnovationspaket \nInterne Steuerung \nKilometertacho \nM Alcantaralenkrad \nM Compound-Bremse, schwarz hochglänzend \nM Dachhimmel anthrazit \nM Drive Professional \nM Hochglanz Shadow Line \nM Hochglanz Shadow Line mit erweiterten Umfängen \nM Interieurleisten 'Carbon Fibre' \nM Leuchten Shadow Line \nM Sicherheitsgurte \nM Sportdifferenzial \nÖlwartungsintervall 30000 km / 24 Monate \nParking Assistant \nPersonal eSIM \nRadschraubensicherung \nReifenreparatur Set \nSteuerung EfficientDynamics \nTeleservices \nWarndreieck und Verbandkasten \n\nSport\nAdaptives M Fahrwerk \nM Sportsitze \n\nFinanzierungsbeispiel\n\nMtl. Finanzierungsrate: 1.644,59 EUR\nAnzahlung: 0,00 EUR\nLaufzeit: 36 Monate\nZielrate: 46.308,00 EUR\nNettodarlehensbetrag: 90.800,00 EUR\nSollzinssatz p.a.: 6,30% (gebunden für die gesamte Vertragslaufzeit)\nEffektiver Jahreszins: 6,49%\nGesamtbetrag: 103.868,65 EUR\nEin unverbindliches Finanzierungsbeispiel der BMW Bank GmbH - Lilienthalallee 26 - 80939 München.\n\n\nEhemalige unverbindliche Neupreisempfehlung: 117.240,- Euro.\nKFZ ist nicht unfallfrei, behobener Aufwand 7.136,- Euro inkl. 19% Mwst.!\n\nHINWEIS: Unsere Angebote werden unverzüglich nach Kauf eingestellt, es kann dadurch sein, dass sich das von Ihnen ausgesuchte Fahrzeug noch nicht in unserer Ausstellung befindet bitte informieren Sie sich vor Besuch bei einem unserer Verkaufsberater, ob das gewünschte Fahrzeug bereits eingetroffen und verkaufsfertig ist.\nVielen Dank, Ihr Verkaufsteam!\n\n\n\n* Lieferservice innerhalb Deutschlands gegen geringen Aufpreis möglich! Irrtümer und Zwischenverkauf vorbehalten.",
  "dealerDetails": {
    "id": 4403159,
    "name": "Fett & Wirtz Automobile GmbH & Co. KG",
    "sellerType": "Dealer",
    "phones": [
      "+49 (0)281 1479089655"
    ],
    "languages": [
      "Deutsch",
      "English",
      "Türkçe"
    ],
    "country": "DE",
    "address": "Emmericher Strasse 5 - 7, DE-46485 Wesel",
    "location": {
      "latitude": 51.6723471,
      "longitude": 6.633835299999999
    },
    "activeSince": "2010-07-28T00:00:00.000Z",
    "homepageUrl": "https://home.mobile.de/home/redirect.html?customerId=4403159",
    "iconUrl": "https://img.classistatic.de/api/v1/mo-prod/images/e7/e71935f6-dc15-40a1-ac1a-817acf45c553?rule=mo-640.jpg",
    "reviewPageUrl": "https://www.mobile.de/bewertungen/FETTWIRTZAUTOMOBILEGMBHCOKGWESEL?lang=en",
    "score": {
      "total": 4.5,
      "responseTime": 4.5,
      "friendliness": 4.6,
      "advice": 4.4
    },
    "activeRatingCount": 73,
    "vehicleAsDescribedPercentage": 91,
    "recommendPercentage": 91,
    "soldVehicleCount": null,
    "reviews": []
  },
  "attributes": {
    "Vehicle condition": "Used vehicle",
    "Category": "Estate car, Employee's Car",
    "Model range": "G81",
    "Trim line": "Touring MxDrive|H/K|Sitzbelüft.",
    "Vehicle Number": "G412524",
    "Availability": "Now",
    "Mileage": "3,100 km",
    "Cubic Capacity": "2,993 ccm",
    "Power": "390 kW (530 hp)",
    "Drive type": "Internal combustion engine",
    "Fuel": "Petrol, E10-enabled",
    "CO₂ class": "Based on CO₂ emissions (combined)",
    "Fuel consumption": [
      "10.4 l/100km (combined)",
      "15.8 l/100km (city)",
      "10.3 l/100km (suburban)",
      "8.8 l/100km (country road)",
      "9.8 l/100km (motorway)"
    ],
    "Energy costs for 15,000 km annual mileage": "€2,802/Year",
    "Fuel price": "€1.80/l (annual average 2024)",
    "Possible CO₂ costs over the next 10 years (15,000 km/year)": [
      "€4,477 (assuming an average CO₂ price of €127/t)",
      "€2,115 (assuming a low average CO₂ price of €60/t)",
      "€7,050 (assuming a high average CO₂ price of €200/t)"
    ],
    "Vehicle tax": "€480/Year",
    "Number of Seats": "5",
    "Door Count": "4/5",
    "Transmission": "Automatic",
    "Emission Class": "Euro6",
    "Emissions Sticker": "4 (Green)",
    "First Registration": "03/2025",
    "Construction Year": "2025",
    "Number of Vehicle Owners": "1",
    "HU": "03/2028",
    "Climatisation": "Automatic climatisation, 3 zones",
    "Parking sensors": "Camera, Self-steering systems, Front, Rear",
    "Airbags": "Front and Side and More Airbags",
    "Colour (Manufacturer)": "BMW Individual Dravitgrau ",
    "Colour": "Grey",
    "Interior Design": "Full leather, Blue",
    "Weight": "1,940 kg",
    "Cylinders": "6",
    "Tank capacity": "59 l",
    "Energy consumption (comb.)": "10.4 l/100km",
    "CO₂ emissions (comb.)": "235 g/km"
  },
  "features": [
    "ABS",
    "Alarm system",
    "Alloy wheels",
    "Ambient lighting",
    "Android Auto",
    "Apple CarPlay",
    "Arm rest",
    "Autom. dimming interior mirror",
    "Blind spot assist",
    "Bluetooth",
    "Cargo barrier",
    "Central locking",
    "Cruise control",
    "DAB radio",
    "Digital cockpit",
    "Distance warning system",
    "Dynamic chassis control",
    "Electric seat adjustment",
    "Electric side mirror",
    "Electric tailgate",
    "Electric windows",
    "Eletric seat adjustment with memory function",
    "Emergency brake assist",
    "Emergency call system",
    "ESP",
    "Fatigue warning system",
    "Folding exterior mirrors",
    "Four-wheel drive",
    "Full Service History",
    "Glare-free high beam headlights",
    "Hands-free kit",
    "Head-up display",
    "Heated seats",
    "Heated steering wheel",
    "High beam assist",
    "Hill-start assist",
    "Immobilizer",
    "Induction charging for smartphones",
    "Integrated music streaming",
    "Isofix",
    "Keyless central locking",
    "Lane change assist",
    "Leather steering wheel",
    "LED headlights",
    "LED running lights",
    "Light sensor",
    "Lumbar support",
    "Multifunction steering wheel",
    "Navigation system",
    "Non-smoker vehicle",
    "On-board computer",
    "Paddle shifters",
    "Particulate filter",
    "Power Steering",
    "Rain sensor",
    "Roof rack",
    "Seat ventilation",
    "Sound system",
    "Speed limit control system",
    "Sport seats",
    "Sports package",
    "Sports suspension",
    "Start-stop system",
    "Tinted windows",
    "Touchscreen",
    "Traction control",
    "Tuner/radio",
    "Tyre pressure monitoring",
    "USB port",
    "Voice control",
    "Warranty",
    "WLAN / Wi-Fi hotspot"
  ]
},
{
  "title": "BMW M3 Competition Touring xD *1.H *20 *Carbon *H&K",
  "previewImage": "https://img.classistatic.de/api/v1/mo-prod/images/38/38f7d582-9073-4a3f-86fa-b23298bd16bc?rule=mo-1600.jpg",
  "category": "EstateCar",
  "brand": "BMW",
  "model": "M3",
  "url": "https://suchen.mobile.de/fahrzeuge/details.html?id=432679350",
  "price.total.amount": 89900,
  "priceRating": {
    "rating": "Fair price",
    "priceRanges": {
      "Very good price": {
        "start": 61101,
        "end": 79400
      },
      "Good price": {
        "start": 79401,
        "end": 85600
      },
      "Fair price": {
        "start": 85601,
        "end": 95200
      },
      "Increased price": {
        "start": 95201,
        "end": 102100
      },
      "High price": {
        "start": 102101,
        "end": 113500
      }
    }
  },
  "description": "ASG Remscheid - dein Autohaus mit PS und Persönlichkeit.\nÜber 400 Fahrzeuge sofort verfügbar - vom Cityflitzer bis zum Supersportler!\n\nWas wir für dich tun:\nFinanzierung & Leasing - auch ohne Anzahlung\nWir kaufen dein Auto - auch ohne Neukauf\nAblöse laufender Finanzierungen möglich\nLieferung im gesamten DACH-Raum\nZulassung, Aufbereitung & Wunschfolierung auf Wunsch\nÜber 35 Jahre Erfahrung - mehrfach ausgezeichnet von AutoBild & auto motor und sport\nFahrzeug Nr.: 15008\nAusstattungspakete:\nSportpaket\nGarantie & Qualitätssiegel:\nGarantie\nAssistenzsysteme:\nFernlichtassistent\nVerkehrszeichenerkennung\nEinparkhilfe hinten\nRückfahrkamera\nautonomer Notbremsassistent\nMüdigkeitserkennung / Aufmerksamkeitsassistent\nGeschwindigkeitsbegrenzer\nTempomat\nBerganfahrassistent\nLichtsensor\nRegensensor\nEinparkhilfe vorne\nMultifunktionskamera\nLicht:\nLaserlicht\nLED Scheinwerfer\nKurvenlicht\nLED Tagfahrlicht\nNebelscheinwerfer-/Funktion\nMedia & Infotainment:\nNavigation / Online Navigation\nTouchscreen-Display\nSoundsystem\nRadio\nAudiosystem MP3-fähig\nDAB Tuner\niPod®/iPhone®/Android Schnittstelle\nUSB-Schnittstelle/Anschluss\nBluetooth Schnittstelle\nFreisprecheinrichtung\nSprachsteuerung-/Bedienung\nApple Car Play / Vorbereitung\nInduktionsladeschale für Smartphone / Wireless Charging\nSicherheit & Technik:\nSportfahrwerk\nelektronisches Stabilitäts Programm (ESP)\nBeifahrerairbag\nFahrerairbag\nSeitenairbags vorn\nAlarmanlage\nAntiblockiersystem (ABS)\nAntriebsschlupfregelung (ASR)\nWegfahrsperre\nKomfort & Klima:\nelektrische Sitzverstellung für Fahrer\nSitzbelüftung\nTelematik/Notrufsystem (Vorbereitung)\nBordcomputer\nInnenspiegel automatisch abblendend\nLordose / Lendenwirbelstütze\nelektr. Spiegel\nelektrische Fensterheber\nISOFIX Kindersitzbefestigung\nKlimaautomatik\nZentralverriegelung\n(3-Zonen Klimaautomatik)\n4xSitzheizung\nATA / Aussentemperaturanzeige\nautomatische Türverriegelung nach dem Anfahren und Entriegelung im Falle eines Unfalls\nBegrüßungslicht über Funkfernbedienung\nCenter Lock Schalter\nMittelarmlehne\nServolenkung\nSportsitz(e)\nReifen & Felgen:\nAlufelgen\nSommerreifen\nExterieur & Design:\nDachreling\nInterieur & Design:\nLenkradheizung\nLederlenkrad\nSchaltwippen am Lenkrad\nMultifunktionslenkrad\nAmbientes Licht\nBedienelemente am Lenkrad\nGepäck- / Ladehilfen:\nautomatische Heckklappe-/Deckel\nSkisack\nGepäckraumteiler-Paket\nUmwelt & Laden:\nE10 geeignet\nEURO 6d\nKatalysator\nStart/Stopp Automatic\nUmweltplakette 4\nGetriebe:\nAutomatik\nWeitere Informationen:\nErstbesitz\nNichtraucherfahrzeug\nScheckheft\nunfallfrei\nZwischenverkauf und Irrtümer vorbehalten. Die Fahrzeugbeschreibung dient ausschließlich der allgemeinen Identifikation des Fahrzeugs und stellt keine rechtsverbindliche Gewährleistung dar. Verbindlich sind nur die Vereinbarungen im Kaufvertrag und der Auftragsbestätigung. Bitte beachten Sie, dass bestimmte Sonderausstattungen zusätzliche Kosten verursachen können. Detaillierte Informationen zum Ausstattungsumfang erhalten Sie von unserem Verkaufspersonal.\n\n\nDu willst uns persönlich kennenlernen?\nAuf Instagram & YouTube nimmt dich unser Team mit in den Autohaus-Alltag. Schau rein - @asg.remscheid\nAlle Infos & Fahrzeuge: asg-rs.de\nBei Fragen: Einfach melden - wir sind für dich da.\nWhatsapp und Telefon: +49219179159250\n\nWir sprechen Deutsch, Englisch, Türkisch, Polnisch, Albanisch, Arabisch, Französisch, Serbisch und Spanisch - damit du dich bei uns von Anfang an verstanden fühlst.",
  "dealerDetails": {
    "id": 454942,
    "name": "ASG Remscheid Autohaus- seit über 30 Jahren...",
    "sellerType": "Dealer",
    "phones": [
      "+49 (0)2191 374607793"
    ],
    "languages": [
      "Deutsch",
      "العربية",
      "Norsk",
      "Pусский",
      "English",
      "Italiano",
      "Français",
      "Polski",
      "Español",
      "Türkçe"
    ],
    "country": "DE",
    "address": "Vor dem Anger. 3, DE-42855 Remscheid/NRW",
    "location": {
      "latitude": 51.1807361,
      "longitude": 7.2253286
    },
    "activeSince": "2004-12-28T00:00:00.000Z",
    "homepageUrl": "https://home.mobile.de/home/redirect.html?customerId=454942",
    "iconUrl": "https://img.classistatic.de/api/v1/mo-prod/images/7a/7ac7cc21-a173-412c-a77d-974eaf97e8f9?rule=mo-640.jpg",
    "reviewPageUrl": "https://www.mobile.de/bewertungen/AUTOSHOP-REMSCHEID?lang=en",
    "score": {
      "total": 4.8,
      "responseTime": 4.7,
      "friendliness": 4.9,
      "advice": 4.7
    },
    "activeRatingCount": 193,
    "vehicleAsDescribedPercentage": 98,
    "recommendPercentage": 97,
    "soldVehicleCount": null,
    "reviews": []
  },
  "attributes": {
    "Vehicle condition": "Used vehicle, Accident-free",
    "Category": "Estate car",
    "Trim line": "M3 Competition Touring xD *1.H *20 *Carbon *H&K",
    "Vehicle Number": "15008",
    "Availability": "Now",
    "Origin": "German edition",
    "Mileage": "15,000 km",
    "Cubic Capacity": "2,993 ccm",
    "Power": "375 kW (510 hp)",
    "Drive type": "Internal combustion engine",
    "Fuel": "Petrol, E10-enabled",
    "Number of Seats": "5",
    "Door Count": "4/5",
    "Transmission": "Automatic",
    "Emission Class": "Euro6d",
    "Emissions Sticker": "4 (Green)",
    "First Registration": "04/2024",
    "Number of Vehicle Owners": "1",
    "HU": "04/2027",
    "Climatisation": "Automatic climatisation, 3 zones",
    "Parking sensors": "Front, Rear, Camera",
    "Airbags": "Front and Side Airbags",
    "Colour (Manufacturer)": "schwarz II",
    "Colour": "Black",
    "Interior Design": "Full leather, Other"
  },
  "features": [
    "ABS",
    "Adaptive lighting",
    "Alarm system",
    "Alloy wheels",
    "Ambient lighting",
    "Apple CarPlay",
    "Arm rest",
    "Autom. dimming interior mirror",
    "Bluetooth",
    "Central locking",
    "Cruise control",
    "DAB radio",
    "Electric seat adjustment",
    "Electric side mirror",
    "Electric tailgate",
    "Electric windows",
    "Emergency brake assist",
    "Emergency call system",
    "ESP",
    "Fatigue warning system",
    "Fog lamp",
    "Four-wheel drive",
    "Full Service History",
    "Hands-free kit",
    "Heated rear seats",
    "Heated seats",
    "Heated steering wheel",
    "High beam assist",
    "Hill-start assist",
    "Immobilizer",
    "Induction charging for smartphones",
    "Isofix",
    "Laser headlights",
    "Leather steering wheel",
    "LED running lights",
    "Light sensor",
    "Lumbar support",
    "Multifunction steering wheel",
    "Navigation system",
    "Non-smoker vehicle",
    "On-board computer",
    "Paddle shifters",
    "Power Steering",
    "Rain sensor",
    "Roof rack",
    "Seat ventilation",
    "Ski bag",
    "Sound system",
    "Speed limit control system",
    "Sport seats",
    "Sports package",
    "Sports suspension",
    "Start-stop system",
    "Summer tyres",
    "Touchscreen",
    "Traction control",
    "Traffic sign recognition",
    "Tuner/radio",
    "USB port",
    "Voice control",
    "Warranty"
  ]
},
{
  "title": "BMW M3 Competition M xDrive Touring DAProf  ACC HUD",
  "previewImage": "https://img.classistatic.de/api/v1/mo-prod/images/a9/a9059d43-aeff-4266-9454-07df7337f9b0?rule=mo-1600.jpg",
  "category": "EstateCar",
  "brand": "BMW",
  "model": "M3",
  "url": "https://suchen.mobile.de/fahrzeuge/details.html?id=432543475",
  "price.total.amount": 91430,
  "priceRating": {
    "rating": "Good price",
    "priceRanges": {
      "Very good price": {
        "start": 66201,
        "end": 86000
      },
      "Good price": {
        "start": 86001,
        "end": 92600
      },
      "Fair price": {
        "start": 92601,
        "end": 103000
      },
      "Increased price": {
        "start": 103001,
        "end": 110600
      },
      "High price": {
        "start": 110601,
        "end": 122900
      }
    }
  },
  "description": "Verbrauch und Emission (WLTP)\nPrimärer Antrieb Verbrauch innerorts: 15,70 l/100 km\nPrimärer Antrieb Verbrauch Stadtrand: 10,20 l/100 km\nPrimärer Antrieb Verbrauch Landstraße: 8,80 l/100 km\nPrimärer Antrieb Verbrauch Autobahn: 9,70 l/100 km\nPrimärer Antrieb Verbrauch kombiniert: 10,30 l/100 km\nCO2 Emission kombiniert: 233 g/km\n\nBereifung\nAktuelle Bereifung: Sommerreifen\n\nModelljahr\nModelljahr: 2025\n\nGetriebe\nAutomatikgetriebe DriveLogic, 8 Gänge\n\nAusstattungslinie\nAusstattungslinie Exterieur: Competition Paket\n\nAusstattungspakete\nOptikpaket: M Hochglanz Shadow Line\nAblagepaket\nSpiegelpaket: Innen- und Außenspiegelpaket\n\nAssistenzsysteme\nHead-up-Display HUD\nBlendfreier Fernlichtassistent: BMW Selective Beam\nBMW ParkAssistent mit PDC vorne u. hinten: + automatisches Einparken\nRückfahrkamera: + Frontkamera\nSurround View: Top View, Panorama View, Remote 3d View\nFahrlichtautomatik\nAktive Geschwindigkeitsregelung mit Stop & Go: Abstandstempomat\nBerganfahrhilfe\nHill Descent Control HDC\nSpracheingabesystem\nMüdigkeitserkennung\nSpurwechselassistent\nSpurhalteassistent\nCornering Brake Control CBC\nFahrerassistenzpaket: Driving Assistant Professional, Parking Assistant Plus\nActive Guard Auffahrwarnung: mit Bremseingriff\nVerkehrszeichenerkennung\nGespannstabilisierung\n\nLicht und Sicht\nAdaptiver LED-Scheinwerfer\nAdaptives Kurvenlicht\nAbbiegelicht\nLED-Tagfahrlicht\nRegensensor\nAutomatisch abblendende Innen- und Außenspiegel\nSonnenschutzverglasung\nDynamische Leuchtweitenregulierung\nAmbientebeleuchtung mehrfarbig\nLichtsensor\n\nAudio & Kommunikation\nMultimedia-System\nBMW Live Cockpit Professional: inkl. Augmented View & RTTI\nBMW Professional Radio\nMulti-Funktions-Display: Widescreen Display\nDigitaler Radioempfang DAB\niDrive\nHarman/Kardon Soundsystem: Surround Sound\nUSB Anschluss, Bluetooth Audiostreaming\nBMW ConnectedDrive Services: Connected Package Professional\nHandyvorbereitung Bluetooth: inkl. Freisprecheinrichtung\nAndroid Auto u. Apple CarPlay\nKabelloses Laden für Handys: Ablage für Wireless Charging\nWLAN Hotspot: Personal eSIM\n\nKomfort\nBMW Live Cockpit Professional\nKlimaautomatik, 3 Zonen\nFahrer-/Beifahrersitz elektrisch\nMemoryfunktion Fahrersitz\nLordosenstütze Fahrer/Beifahrer\nSitzheizung Fahrer/Beifahrer\nLeichtbau Schalensitze: M Carbon Schalensitze\nArmauflage Fahrer/Beifahrer\nServotronic\nLenksäule verstellbar\nKomfortzugang\nAuto Start Stop Funktion\nZentralver. mit Fernbedienung\nFensterheber elektrisch 4-fach\nKopfstützen vorn und hinten\nAutomatische Heckklappenbetätigung\nM Drive: Professional\nGetränkehalter\n\nInterieur\nSitze Leder Merino\nMultifunktions-Sport-/Lederlenkrad: M Lederlenkrad\nLenkradheizung\nBordcomputer\nRücksitze klapp- und teilbar\nLaderaumabdeckung\nDurchladesystem\nDekoreinlagen Aluminium: Rhombicle anthrazit\nBodenbelag Teppich: Fußmatten in Velours\nLenkrad-Schaltwippen\n\nExterieur\nAntrieb: Allrad\nAdaptives Fahrwerk\nM Sportfahrwerk\nTouchscreen Bedienung\nDifferentialsperre: Aktives M Differential\nSportbremsanlage\nM Leichtmetallräder 20 Zoll: Doppelspeiche 826 M\nAußenspiegel elekt. verstell- & anklappbar, beheizt\nDachreling: BMW Individual Hochglanz Shadow Line\nAntenne elekt.\nReifenpannenset\nSportabgasanlage\nInnovationspaket\nNotrufsystem: Intelligenter Notruf\nGeschwindigkeitsbegrenzer\nFahrzeugpersonalisierung\n\nSicherheit\nISOFIX Kindersitzbefestigung\nFußgängerschutzsystem\nFahrer- /Beifahrerairbag\nKopfairbag vorn\nSeitenairbag vorn und hinten\nFondairbags\nKnieairbag Fahrer\nDynamische Traktions Control DTC\nDynamische Stabilitäts Control DSC\nReifen Pannen Anzeige RPA\nDiebstahlwarnanlage\nAußentemperatur Anzeige\nVerzurrösen\nAntiblockiersystem ABS\nBremsverschleißanzeige\nProaktives Insassenschutzsystem: Active Protection\nCity-Anbremsfunktion\nQuerverkehrswarnung\n\nWeitere Ausstattung\nModell M Sport\nM Sicherheitsgurte\nDachhimmel anthrazit\nGalvanikapplikation für Bedienelemente\nGepäckraumpaket\nActive Guard\nÖlwartungsintervall 24 Monate/30.000 km\nGebrauchtwagensiegel: BMW Premium Selection\nehemalige unverbindliche Preisempfehlung des Herstellers: 117890 EUR\n\nFahrdaten\nvMax: 280 km/h\nBeschleunigung: 4 Sek. 0-100 km/h\n\nSonstige Maße und Gewichte\nNutzlast: 430 kg\nzulässiges Gesamtgewicht: 2.370 kg\n\nDie im Inserat aufgeführten Ausstattungsmerkmale sind unverbindlich. Maßgeblich für den Kauf ist allein der schriftliche Kaufvertrag. Angaben im Inserat begründen keine Beschaffenheitsvereinbarung. Verbindliche Ausstattungsangaben werden ausschließlich im Kaufvertrag festgelegt.",
  "dealerDetails": {
    "id": 454145,
    "name": "WELLER Premium GmbH - BMW & MINI Vertragshändler",
    "sellerType": "Dealer",
    "phones": [
      "+49 (0)5141 593421115"
    ],
    "languages": [
      "Deutsch"
    ],
    "country": "DE",
    "address": "An der Koppel 1, DE-29227 Celle",
    "location": {
      "latitude": 52.5906725,
      "longitude": 10.0667152
    },
    "activeSince": "1999-07-01T00:00:00.000Z",
    "homepageUrl": "https://home.mobile.de/home/redirect.html?customerId=454145",
    "iconUrl": "https://img.classistatic.de/api/v1/mo-prod/images/d2/d28dbb1d-a972-4546-8688-6638510f5163?rule=mo-640.jpg",
    "reviewPageUrl": "https://www.mobile.de/bewertungen/B-K-CELLE?lang=en",
    "score": {
      "total": 4.1,
      "responseTime": 4.3,
      "friendliness": 4.2,
      "advice": 3.9
    },
    "activeRatingCount": 40,
    "vehicleAsDescribedPercentage": 82,
    "recommendPercentage": 75,
    "soldVehicleCount": null,
    "reviews": []
  },
  "attributes": {
    "Vehicle condition": "Used vehicle",
    "Category": "Estate car, Employee's Car",
    "Trim line": "Competition Paket",
    "Vehicle Number": "1642379",
    "Availability": "Now",
    "Mileage": "18,232 km",
    "Cubic Capacity": "2,993 ccm",
    "Power": "390 kW (530 hp)",
    "Drive type": "Internal combustion engine",
    "Fuel": "Petrol",
    "CO₂ class": "Based on CO₂ emissions (combined)",
    "Fuel consumption": [
      "10.3 l/100km (combined)",
      "15.7 l/100km (city)",
      "10.2 l/100km (suburban)",
      "8.8 l/100km (country road)",
      "9.7 l/100km (motorway)"
    ],
    "Energy costs for 15,000 km annual mileage": "€2,775/Year",
    "Fuel price": "€1.80/l (annual average 2024)",
    "Possible CO₂ costs over the next 10 years (15,000 km/year)": [
      "€4,019 (assuming an average CO₂ price of €115/t)",
      "€1,748 (assuming a low average CO₂ price of €50/t)",
      "€6,640 (assuming a high average CO₂ price of €190/t)"
    ],
    "Vehicle tax": "€472/Year",
    "Number of Seats": "5",
    "Door Count": "4/5",
    "Transmission": "Automatic",
    "Emission Class": "Euro6d",
    "Emissions Sticker": "4 (Green)",
    "First Registration": "02/2025",
    "Number of Vehicle Owners": "1",
    "HU": "New",
    "Climatisation": "Automatic climatisation, 3 zones",
    "Parking sensors": "Front, Self-steering systems, Rear, 360° camera",
    "Airbags": "Front and Side and More Airbags",
    "Colour (Manufacturer)": "Sao Paulo Gelb",
    "Colour": "Yellow",
    "Interior Design": "Full leather, Black",
    "Cylinders": "6",
    "Energy consumption (comb.)": "10.3 l/100km",
    "CO₂ emissions (comb.)": "233 g/km"
  },
  "features": [
    "ABS",
    "Adaptive cornering lights",
    "Adaptive Cruise Control",
    "Alarm system",
    "Alloy wheels",
    "Ambient lighting",
    "Android Auto",
    "Apple CarPlay",
    "Arm rest",
    "Autom. dimming interior mirror",
    "Blind spot assist",
    "Bluetooth",
    "Central locking",
    "DAB radio",
    "Digital cockpit",
    "Distance warning system",
    "Dynamic chassis control",
    "Electric seat adjustment",
    "Electric side mirror",
    "Electric tailgate",
    "Electric windows",
    "Eletric seat adjustment with memory function",
    "Emergency brake assist",
    "Emergency call system",
    "Emergency tyre repair kit",
    "ESP",
    "Folding exterior mirrors",
    "Four-wheel drive",
    "Full Service History",
    "Glare-free high beam headlights",
    "Hands-free kit",
    "Head-up display",
    "Heated seats",
    "Heated steering wheel",
    "High beam assist",
    "Hill-start assist",
    "Induction charging for smartphones",
    "Integrated music streaming",
    "Isofix",
    "Keyless central locking",
    "Lane change assist",
    "Leather steering wheel",
    "LED headlights",
    "LED running lights",
    "Light sensor",
    "Lumbar support",
    "Multifunction steering wheel",
    "Navigation system",
    "On-board computer",
    "Paddle shifters",
    "Particulate filter",
    "Power Steering",
    "Rain sensor",
    "Roof rack",
    "Sound system",
    "Speed limit control system",
    "Sport seats",
    "Sports suspension",
    "Start-stop system",
    "Summer tyres",
    "Touchscreen",
    "Traction control",
    "Traffic sign recognition",
    "Tuner/radio",
    "Tyre pressure monitoring",
    "USB port",
    "Voice control",
    "Warranty",
    "WLAN / Wi-Fi hotspot"
  ]
},
{
  "title": "BMW M3 Competition M xDrive Touring Facelift Carbon ",
  "previewImage": "https://img.classistatic.de/api/v1/mo-prod/images/30/300d0eed-360c-447d-9205-bbb2d65f2f3f?rule=mo-1600.jpg",
  "category": "EstateCar",
  "brand": "BMW",
  "model": "M3",
  "url": "https://suchen.mobile.de/fahrzeuge/details.html?id=431458751",
  "price.total.amount": 91320,
  "priceRating": {
    "rating": "Good price",
    "priceRanges": {
      "Very good price": {
        "start": 68401,
        "end": 88900
      },
      "Good price": {
        "start": 88901,
        "end": 95700
      },
      "Fair price": {
        "start": 95701,
        "end": 106500
      },
      "Increased price": {
        "start": 106501,
        "end": 114300
      },
      "High price": {
        "start": 114301,
        "end": 127000
      }
    }
  },
  "description": "Ablagen\nGetränkehalter\n\nAntrieb, Fahrwerk\nAdaptives M Fahrwerk\nAllrad\nBremsanlage: Compound - M Bremssystem (Bremssättel Rot)\nM Drive Professional\nM Sportdifferenzial\nSportfahrwerk\n\nAudio\n16 Lautsprecher Harman/Kardon\nAudio Fernbedienung am Lenkrad\nAudio-Anlage\nMedia-Anschlüsse: USB vorne\n\nBeleuchtung\nHauptscheinwerfer LED\nHauptscheinwerfer Regulierung:, Lichtsensor, Höhenverstellung automatisch\nLED Licht Blinker Abblendlicht Bremslicht Rückleuchten Tagfahrlicht Fernlicht\nTagfahrlicht\n\nBelüftung\nBelüftungssystem mit Pollenfilter und Aktivkohlefilter\nKlimaanlage\n\nBremsen\nABS\nBerganfahrassistent / Auto Hold\nElektronische Handbremse\nEnergie Rückgewinnung\nScheibenbremsen\n\nDach\nDachreling getönt\n\nEditionen und Pakete\nAblagenpaket\nConnected Package Professional (laufzeitgebundener Dienst)\nConnectedDrive Services (laufzeitgebundener Dienst)\nGepäckraum-Paket\nInnovations-Paket (2)\n\nExterieur\nDach und Spiegelkappen schwarz\nDachreling\nElektrische Gepäckraumklappe\n\nFahrerassistenz\nBMW Drive Recorder (Dashcam)\nFahrassistenz-System: Driving Assistant Professional\nGesetzlicher Notruf\nHead-Up Display\nParkassistent-Paket Plus\nRückfahrkamera\nSpurverlassenswarnung\nSpurwechselwarnung\nTeleservices\n\nIndividualumfänge\nM Dachreling Hochglanz Shadow Line\nM Hochglanz Shadow Line\nM Hochglanz Shadow Line mit erweiterten Umfängen\nScheinwerfer BMW Individual Shadow-Line\n\nKomfort, Innenausstattung\nAbstandsregeltempomat\nDurchladesystem\nEinparkhilfe selbstlenkendes System\nFensterheber, elektrisch\nFondkopfstützen klappbar\nGalvanikapplikation für Bedienelemente\nInnen- und Außenspiegelpaket\nInnenausstattung: Interieurleisten Carbon\nKeyless Entry\nKlimaautomatik\nKomfortzugang (Öffnungs- und Schließsystem)\nLeder\nLederlenkrad\nLenkrad heizbar\nLordose\nLordosenstütze für Fahrer und Beifahrer\nM Sicherheitsgurte\nM Sportsitze\nMultifunktionslenkrad\nSitzheizung für Fahrer und Beifahrer\nSitzverstellung elektrisch mit Memory für Fahrersitz\nSonnenschutzverglasung\nSportsitze\nSpurhalteassistent\nTempomat\nZentralverriegelung\n\nMultimedia\nBluetooth\nBMW Live Cockpit Professional (laufzeitgebundener Dienst)\nDAB Tuner\nFreisprecheinrichtung\nHarman Kardon Surround Sound System\nNavigationssystem\nRadio\nTelefon\nUSB Schnittstelle\n\nRäder\nAlufelgen\nLM-Felgen vorn/hinten: 9,5x19 / 10,5x20 (Doppelspeichen 825 M, Bicolor, Schwarz)\nRadschraubensicherung\nReifenreparatur Set\n\nSitzbezug\nVollleder Merino Kyalami Orange/Schwarz\n\nSonstiges\n19\"/20\" M Schmiederäder Doppelspeiche 825 M Bicolor Schwarz / MB\nAblage für Wireless Charging\nActive Guard\nActive Protection\nAdaptiver LED-Scheinwerfer\nBlow by-Heizer\nBMW Digital Key\nBMW Drive Recorder\nDekodierung Zusatzfunktionen\nDeutsch / Bordliteratur\nDeutschland-Ausfuehrung\nDriving Assistant Professional\nElektrisch verstellbare Spiegel\nEU-spezifische Zusatzumfaenge\nFahrassistenz-System: aktiver Spurhalteassistent\nFahrassistenz-System: Ampel-Erkennung\nFahrassistenz-System: Ausweich-Assistent\nFahrassistenz-System: Einparkhilfe Seite\nFahrassistenz-System: Falschfahrwarnung\nFahrassistenz-System: Frontkollisionswarnung\nFahrassistenz-System: Heckaufprall-Vermeidung (Prävention Heckkollision)\nFahrassistenz-System: Kreuzungs-Assistent\nFahrassistenz-System: Park-Assistent\nFahrassistenz-System: Querverkehrs-Assistent\nFahrassistenz-System: Rückfahr-Assistent\nFahrassistenz-System: Rückfahrhilfe Notbremsfunktion (Active PDC)\nFahrassistenz-System: Spurwechselassistent\nFahrassistenz-System: Spurwechsel-Warnsystem\nFernlichtassistent\nGepäckraumpaket\nGeschwindigkeits-Regelanlage, Aktiv mit Stop&Go-Funktion\nInduktionsladen für Smartphones\nInnovationspaket\nKaeltemittel\nKilometertacho\nKomfortzugang\nLenkradheizung\nM Compound-Bremse, rot hochglänzend\nM Interieurleisten 'Carbon Fibre'\nM Leuchten Shadow Line\nMetallic-Lackierung\nÖlwartungsintervall 24 Monate/30.000 km\nParking Assistant Plus\nPersonal eSIM\nReifendruckkontrollsystem\nRückfahrkamera\nRückfahrkamera (Top View)\nService-System: Remote 3D View\nSitzbezug / Polsterung: Voll-Leder Merino Kyalami Orange / Schwarz\nSteuerung EfficientDynamics\nSteuerung Infotainment\nSteuerung Karosserie\nSurround-Kamerasystem (Surround View)\n\nUmwelt, Sicherheit\nAbgasnorm EU6 RDE II\nABS\nAktiver Fußgängerschutz\nAlarmanlage mit Fernbedienung\nAuto Start/Stop Funktion \nBeifahrerairbag\nBeifahrerairbag-Deaktivierung\nESP\nFahrassistenz-System: Fernlichtassistent\nFahrerairbag\nInnenspiegel automatisch abblendend\nKindersitzbefestigung ISOFIX\nKopfairbag\nLED-Scheinwerfer\nLichtsensor\nNotbremsassistent\nPASM\nRegensensor\nReifendruck-Kontrolle\nScheinwerfer LED mit adaptiver Lichtverteilung\nSeitenairbag\nSicherheitssystem Active Protection\nTraction Control\nWarndreieck\n\nFacelift BMW M3 Touring 390 KW / 530 PS\nWerksdienstwagen BMW AG - Kein Mietwagen\n3,99% eff. Zins Finanzierung auch ohne Anzahlung über BMW Bank möglich\nincl. BMW Premium Selection Neuwagenanschlußgarantie bis 11/2029 Irrtümer und Zwischenverkauf vorbehalten.",
  "dealerDetails": {
    "id": 38121462,
    "name": "MOTORHEIMAT Wagner - Schwarz GmbH & Co. KG",
    "sellerType": "Dealer",
    "phones": [
      "+49 (0)8091 393907227"
    ],
    "languages": [
      "Deutsch"
    ],
    "country": "DE",
    "address": "Münchner Straße 80, DE-85614 Kirchseeon",
    "location": {
      "latitude": 48.0769786,
      "longitude": 11.8812823
    },
    "activeSince": "2003-01-29T00:00:00.000Z",
    "homepageUrl": "https://home.mobile.de/home/redirect.html?customerId=38121462",
    "iconUrl": null,
    "reviewPageUrl": "https://www.mobile.de/bewertungen/MOTORHEIMATWAGNERSCHWARZGMBHCOKGKIRCHSEEON?lang=en",
    "score": {
      "total": 4.3,
      "responseTime": 4.3,
      "friendliness": 4.6,
      "advice": 4.1
    },
    "activeRatingCount": 15,
    "vehicleAsDescribedPercentage": 84,
    "recommendPercentage": 72,
    "soldVehicleCount": null,
    "reviews": []
  },
  "attributes": {
    "Vehicle condition": "Used vehicle, Accident-free",
    "Category": "Estate car, Employee's Car",
    "Model range": "G81",
    "Trim line": "M xDrive Touring Facelift Carbon 360°",
    "Availability": "Now",
    "Origin": "German edition",
    "Mileage": "9,370 km",
    "Cubic Capacity": "2,993 ccm",
    "Power": "390 kW (530 hp)",
    "Drive type": "Internal combustion engine",
    "Fuel": "Petrol, E10-enabled",
    "Number of Seats": "5",
    "Door Count": "4/5",
    "Transmission": "Automatic",
    "Emission Class": "Euro6",
    "First Registration": "11/2024",
    "Construction Year": "2024",
    "Number of Vehicle Owners": "1",
    "HU": "11/2027",
    "Climatisation": "Automatic climatisation, 3 zones",
    "Parking sensors": "360° camera, Front, Self-steering systems, Rear",
    "Airbags": "Front and Side and More Airbags",
    "Colour (Manufacturer)": "saphirschwarz",
    "Colour": "Black Metallic",
    "Interior Design": "Full leather, Black",
    "Weight": "1,940 kg",
    "Cylinders": "6",
    "Tank capacity": "59 l"
  },
  "features": [
    "ABS",
    "Adaptive cornering lights",
    "Adaptive Cruise Control",
    "Alarm system",
    "Alloy wheels",
    "Ambient lighting",
    "Android Auto",
    "Apple CarPlay",
    "Arm rest",
    "Autom. dimming interior mirror",
    "Blind spot assist",
    "Bluetooth",
    "Cargo barrier",
    "Central locking",
    "DAB radio",
    "Digital cockpit",
    "Distance warning system",
    "Dynamic chassis control",
    "Electric seat adjustment",
    "Electric side mirror",
    "Electric tailgate",
    "Electric windows",
    "Eletric seat adjustment with memory function",
    "Emergency brake assist",
    "Emergency call system",
    "Emergency tyre repair kit",
    "ESP",
    "Folding exterior mirrors",
    "Four-wheel drive",
    "Full Service History",
    "Glare-free high beam headlights",
    "Hands-free kit",
    "Head-up display",
    "Heated seats",
    "Heated steering wheel",
    "High beam assist",
    "Hill-start assist",
    "Immobilizer",
    "Induction charging for smartphones",
    "Integrated music streaming",
    "Isofix",
    "Keyless central locking",
    "Lane change assist",
    "Leather steering wheel",
    "LED headlights",
    "LED running lights",
    "Light sensor",
    "Lumbar support",
    "Multifunction steering wheel",
    "Navigation system",
    "Non-smoker vehicle",
    "On-board computer",
    "Particulate filter",
    "Power Steering",
    "Rain sensor",
    "Rear traffic alert",
    "Roof rack",
    "Sound system",
    "Speed limit control system",
    "Sport seats",
    "Sports package",
    "Sports suspension",
    "Start-stop system",
    "Summer tyres",
    "Tinted windows",
    "Touchscreen",
    "Traction control",
    "Traffic sign recognition",
    "Tuner/radio",
    "Tyre pressure monitoring",
    "USB port",
    "Voice control",
    "Warranty"
  ]
},
{
  "title": "BMW M3 Comp. xDrive Touring 530PS InnoP, Sitzbelüft.",
  "previewImage": "https://img.classistatic.de/api/v1/mo-prod/images/75/75b9e425-cbf5-4a08-a977-771403805f9e?rule=mo-1600.jpg",
  "category": "EstateCar",
  "brand": "BMW",
  "model": "M3",
  "url": "https://suchen.mobile.de/fahrzeuge/details.html?id=432158301",
  "price.total.amount": 90989.99,
  "priceRating": {
    "rating": "Very good price",
    "priceRanges": {
      "Very good price": {
        "start": 76101,
        "end": 98900
      },
      "Good price": {
        "start": 98901,
        "end": 106500
      },
      "Fair price": {
        "start": 106501,
        "end": 118500
      },
      "Increased price": {
        "start": 118501,
        "end": 127200
      },
      "High price": {
        "start": 127201,
        "end": 141300
      }
    }
  },
  "description": "So gelangen Sie direkt zum Angebot: kopieren Sie einfach den folgenden Link in die Adresszeile: https://apmk.eu/sce/966150/1\n\nSonderausstattung:\n\n1T6 19\"/20\" M Schmiederäder Doppelspeiche 825 MBicolor Schwarz / MT\nLKSW Leder 'Merino' Schwarz\n1MB M Drive Professional\n2PA Radsicherungsschrauben\n2T4 M Sportdifferenzial\n2VB Reifendruckkontrollsystem\n2VC Reifenreparaturset\n2VF Adaptives M Fahrwerk\n302 Alarmanlage\n383 Dach- und Spiegelkappen Schwarz\n3MC M Dachreling Hochglanz Shadowline\n420 Sonnenschutzverglasung\n428 Warndreieck\n430 Innen- und Außenspiegelpaket\n431 Innenspiegel mit automatischer Abblendfunktion\n459 Sitzverstellung elektrisch mit Memory für Fahrersitz\n488 Lordosenstütze\n493 Ablagefachpaket\n494 Sitzheizung für Fahrer und Beifahrer\n4GQ M Sicherheitsgurte\n4LN M Interieurleisten Aluminium Rhombicle Anthrazit\n4U0 Galvanischer Veredler für Steuerungen\n534 Automatische Klimaanlage\n5DA Deaktivierung des Beifahrerairbags\n5DC Kopfstützen Rücksitz, klappbar\n654 DAB-Tuner\n688 Harman Kardon Surround-Soundsystem\n6AE Teleservices\n6AF Rechtlicher Notruf\n6AK ConnectedDrive Dienste\n6C3 Connected Package Professional\n6NX Kabellose Ladeschale\n6PA Persönliche eSIM\n6U3 BMW Live Cockpit Professional\n712 M Sportsitze\n760 M Hochglanz Shadowline\n775 M Dachhimmel anthrazit\n7M9 M Hochglanz Shadowline mit erweiterten Umfängen\n8WD Control DAS 18\n248 Lenkradheizung\n453 Aktive Sitzbelüftung vorn\n5DN Parkassistent Plus\n7A2 Innovationspaket\n322 Komfortzugangssystem\n552 Adaptive LED-Scheinwerfer\n5AC Fernlichtassistent\n5AU Driving Assistant Professional\n7CG Reparatur inklusive – 3 Jahre/200.000 km\n\n\nFalls Sie noch etwaige Fragen oder Anregungen haben, dann melden Sie sich einfach unter der Telefonnummer 08158 / 914 89 62 oder schreiben Sie uns eine E-Mail an info@auto-per-mausklick.de. Das Team von EU-Neuwagen Knott kümmert sich schnellstmöglich um Ihre Angelegenheiten.\n\nUnsere Preise beinhalten\nHerstellergarantie\nÜberführung, bis zu unserem Standort in 82407 Wielenbach\nÜbergabeinspektion durch unsere Vertragshändler\nZulassungsdokumente\nDeutsche Mehrwertsteuer\nAusführliche Fahrzeugübergabe mit Einweisung an unserem Standort\nAufbereitung Ihres Autos\n\nIhre Vorteile bei einem Kauf eines Neufahrzeugs über EU-Neuwagen Knott\nVolle Herstellergarantie\nOption der Garantieverlängerung\nUnschlagbare Einkaufspreise durch Großhandelskonditionen für alle Marken\nBezahlung erst bei Übergabe Ihres Fahrzeuges\nLieferung bis vor die Haustüre zum Selbstkostenpreis möglich innerhalb von Deutschland für maximal 650,- € auf Anfrage auch in weitere EU-Länder möglich\nMöglichkeit der Inzahlungnahme Ihres alten Autos durch unseren externen Partner\nVertrag nach Deutschem Recht, keine Vermittlung\nFinanzierungs- und Leasingmöglichkeit über unsere Hausbank oder einen externen Partner (bzw. einer Leasinggesellschaft oder Finanzierungsbank Ihrer Wahl)\nVerfügbarkeit von über 15 Fahrzeugmarken\nLagerfahrzeuge auf Nachfrage, verfügbar über verschiedene Partnerhändler\n* Langjährige Erfahrung (seit 2001) im EU-Neuwagenhandel und ausgezeichnet mit dem Fairnespreis 2024",
  "dealerDetails": {
    "id": 11813924,
    "name": "EU Neuwagen Knott GmbH",
    "sellerType": "Dealer",
    "phones": [
      "+49 (0)8158 925991035"
    ],
    "languages": [
      "Deutsch",
      "English",
      "Italiano",
      "Français",
      "Polski",
      "Română",
      "Magyar",
      "Español"
    ],
    "country": "DE",
    "address": "Ammerring 16, DE-82407 Wielenbach",
    "location": {
      "latitude": 47.8809958,
      "longitude": 11.1607451
    },
    "activeSince": "2014-06-25T00:00:00.000Z",
    "homepageUrl": "https://home.mobile.de/home/redirect.html?customerId=11813924",
    "iconUrl": "https://img.classistatic.de/api/v1/mo-prod/images/4e/4ef909b9-f45e-43e7-b119-214e4abf1862?rule=mo-640.jpg",
    "reviewPageUrl": "https://www.mobile.de/bewertungen/EUNEUWAGENKNOTT?lang=en",
    "score": {
      "total": 4.9,
      "responseTime": 4.9,
      "friendliness": 4.9,
      "advice": 4.9
    },
    "activeRatingCount": 138,
    "vehicleAsDescribedPercentage": 99,
    "recommendPercentage": 98,
    "soldVehicleCount": null,
    "reviews": []
  },
  "attributes": {
    "Vehicle condition": "New vehicle, Accident-free",
    "Category": "Estate car",
    "Model range": "G81",
    "Trim line": "M3 Competion",
    "Vehicle Number": "123293",
    "Availability": "From Aug 24, 2025",
    "Origin": "EU edition",
    "Cubic Capacity": "2,993 ccm",
    "Power": "390 kW (530 hp)",
    "Drive type": "Internal combustion engine",
    "Fuel": "Petrol, E10-enabled",
    "CO₂ class": "Based on CO₂ emissions (combined)",
    "Fuel consumption": [
      "10.4 l/100km (combined)",
      "12.7 l/100km (city)",
      "9.9 l/100km (suburban)",
      "9.0 l/100km (country road)",
      "11.0 l/100km (motorway)"
    ],
    "Door Count": "4/5",
    "Transmission": "Automatic",
    "Emissions Sticker": "4 (Green)",
    "Climatisation": "Automatic air conditioning",
    "Parking sensors": "Camera, Rear, Front, Self-steering systems",
    "Airbags": "Front and Side and More Airbags",
    "Colour (Manufacturer)": "C4W Skyscraper Grau metallic",
    "Colour": "Grey",
    "Interior Design": "Full leather, Black",
    "Energy consumption (comb.)": "10.4 l/100km",
    "CO₂ emissions (comb.)": "234 g/km"
  },
  "features": [
    "ABS",
    "Adaptive Cruise Control",
    "Adaptive lighting",
    "Alarm system",
    "Alloy wheels",
    "Ambient lighting",
    "Android Auto",
    "Apple CarPlay",
    "Arm rest",
    "Autom. dimming interior mirror",
    "Bluetooth",
    "Central locking",
    "DAB radio",
    "Daytime running lights",
    "Digital cockpit",
    "Distance warning system",
    "Dynamic chassis control",
    "Electric seat adjustment",
    "Electric side mirror",
    "Electric tailgate",
    "Electric windows",
    "Eletric seat adjustment with memory function",
    "Emergency brake assist",
    "Emergency call system",
    "Emergency tyre repair kit",
    "ESP",
    "Fatigue warning system",
    "Folding exterior mirrors",
    "Four-wheel drive",
    "Hands-free kit",
    "Headlight washer system",
    "Head-up display",
    "Heated seats",
    "Heated steering wheel",
    "High beam assist",
    "Hill-start assist",
    "Immobilizer",
    "Induction charging for smartphones",
    "Integrated music streaming",
    "Isofix",
    "Keyless central locking",
    "Lane change assist",
    "Leather steering wheel",
    "LED headlights",
    "Light sensor",
    "Multifunction steering wheel",
    "Navigation system",
    "Non-smoker vehicle",
    "On-board computer",
    "Paddle shifters",
    "Passenger seat Isofix point",
    "Power Steering",
    "Rain sensor",
    "Roof rack",
    "Sound system",
    "Speed limit control system",
    "Sport seats",
    "Sports package",
    "Sports suspension",
    "Start-stop system",
    "Summer tyres",
    "Tinted windows",
    "Touchscreen",
    "Traction control",
    "Traffic sign recognition",
    "Tuner/radio",
    "Tyre pressure monitoring",
    "USB port",
    "Voice control",
    "Warranty"
  ]
},
{
  "title": "BMW M3 Competion M xDrive Touring",
  "previewImage": "https://img.classistatic.de/api/v1/mo-prod/images/74/74429f25-cbae-47b0-b3b7-34cef865a412?rule=mo-1600.jpg",
  "category": "EstateCar",
  "brand": "BMW",
  "model": "M3",
  "url": "https://suchen.mobile.de/fahrzeuge/details.html?id=432353765",
  "price.total.amount": 91000,
  "priceRating": {
    "rating": "Fair price",
    "priceRanges": {
      "Very good price": {
        "start": 61501,
        "end": 80000
      },
      "Good price": {
        "start": 80001,
        "end": 86100
      },
      "Fair price": {
        "start": 86101,
        "end": 95800
      },
      "Increased price": {
        "start": 95801,
        "end": 102800
      },
      "High price": {
        "start": 102801,
        "end": 114300
      }
    }
  },
  "description": "BMW M3 Touring im Neuwagenzustand, Sofort Verfügbar, Garagenfahrzeug. Mit BMW Werksgarantie. Im Winter wurde das Fahrzeug nicht bewegt. Einfahrkontrolle im März 24 in der BMW Niederlassung erledigt.\n\nAusstattung:\nFrozen pure grey II (P0X1F)\n19\"/20\" M Schmierräder Doppelspeiche 826 M schwarz (S01U0)\nLeder Merino, schwarz (FLKSW)\nM Interieurleisten Carbon Fibre (S04MC)\nInnovationspaket (S07R7)\n- Fernlichassistent (S05AC)\n- Komfortzugang (S0322)\n- Driving Assistent (S05AS)\n- BMW Laserlicht (S05AZ)\nParking Assistent, Rückfahkamera (S05DM)\nGeschwindigkeitsregelung mit Bremsfunktion (S0544)\nConnected Package Professional (S06C4)\nBMW Live Cockpit Professional, Head up Display (S06U3)\nM Sport differenzial (S02T4)\nAdapatives M Fahrwerk (S02VF)\nKlimaautomatk (S0534)\nAkustikverglasung (S03KA)\nGepäckraumpaket (S0418)\nAblagenpaket (S0493)\nM Dachreling Hochglanz Shadow Line (S03MF)\nSonnenschutzverglasung (S0420)\nGalvanikapplikation für Bedienelemente (S04U0)\nM Hochglanz Shadow Line (S0760)\nM Dachhimmel anthrazit (S0775)\nM Hochglanz Shadow Line mit erweiterten Umfängen (S07M9)\nSitzverstellung elektrisch mit Memory für Fahrersitz (S0459)\nLordosenstütze für Fahrer und Beifahrer (S0488)\nSitzheizung für Fahrer und Beifahrer (S0494)\nM Sportsitze (S0712)\nDAB-Tuner (S0654)\nHarman Kardon Surround Sound System (S0688)\nAblage für Wireless Charging (S06NX)\nRadschraubensicherung (S02PA)\nReifendruckkontrolle (S02VB)\nTeleservices (S06AE)\nGesetzlicher Notruf (S06AF)\nConnected Drive Services (S06AK)\nAlarmanlage (S0302)\nWarndreieck und Verbandskasten (S0428)\nInnen und Außenspiegelpaket (S0430)\nInnenspiegel automatisch abblended (S0431)\nDeaktivierung Beifahrerairbag (S05DA)\nAktiver Fussgängerschutz (S08TF)\nM Drive Professional (S01MB)\nM Compound Bremse, rot hochglänzend (S03M5)\nVon meinem iPhone gesendet",
  "dealerDetails": {
    "id": 32829378,
    "sellerType": "Private Seller",
    "phones": [
      "+49 (0)1511 9430062"
    ],
    "country": "DE",
    "address": "DE-81373 München",
    "location": {
      "latitude": 48.1214727,
      "longitude": 11.5322563
    },
    "iconUrl": null,
    "reviewPageUrl": null,
    "score": null,
    "activeRatingCount": null,
    "vehicleAsDescribedPercentage": null,
    "recommendPercentage": null,
    "soldVehicleCount": null,
    "reviews": []
  },
  "attributes": {
    "Vehicle condition": "Used vehicle, Accident-free",
    "Category": "Estate car",
    "Mileage": "7,000 km",
    "Cubic Capacity": "2,993 ccm",
    "Power": "375 kW (510 hp)",
    "Drive type": "Internal combustion engine",
    "Fuel": "Petrol",
    "Number of Seats": "5",
    "Door Count": "4/5",
    "Transmission": "Automatic",
    "First Registration": "11/2023",
    "Number of Vehicle Owners": "1",
    "Climatisation": "Automatic climatisation, 3 zones",
    "Parking sensors": "Camera, Rear, Front"
  },
  "features": [
    "ABS",
    "Alarm system",
    "Alloy wheels",
    "Ambient lighting",
    "Android Auto",
    "Apple CarPlay",
    "Arm rest",
    "Autom. dimming interior mirror",
    "Blind spot assist",
    "Bluetooth",
    "Cargo barrier",
    "Central locking",
    "Digital cockpit",
    "Distance warning system",
    "Electric seat adjustment",
    "Electric side mirror",
    "Electric tailgate",
    "Electric windows",
    "Emergency brake assist",
    "Emergency call system",
    "ESP",
    "Fatigue warning system",
    "Fog lamp",
    "Full Service History",
    "Head-up display",
    "Heated seats",
    "High beam assist",
    "Hill-start assist",
    "Immobilizer",
    "Induction charging for smartphones",
    "Isofix",
    "Keyless central locking",
    "Lane change assist",
    "Leather steering wheel",
    "LED headlights",
    "LED running lights",
    "Light sensor",
    "Lumbar support",
    "Multifunction steering wheel",
    "Navigation system",
    "Non-smoker vehicle",
    "On-board computer",
    "Paddle shifters",
    "Particulate filter",
    "Power Steering",
    "Rain sensor",
    "Sound system",
    "Speed limit control system",
    "Sport seats",
    "Sports package",
    "Sports suspension",
    "Start-stop system",
    "Summer tyres",
    "Touchscreen",
    "Traction control",
    "Traffic sign recognition",
    "Tyre pressure monitoring",
    "USB port",
    "Voice control",
    "Warranty"
  ]
},
{
  "title": "BMW M3 Competition Touring M xDrive *280kmh*HUD*360°",
  "previewImage": "https://img.classistatic.de/api/v1/mo-prod/images/41/41063403-db7c-40d5-81ce-c9e0707a6d34?rule=mo-1600.jpg",
  "category": "EstateCar",
  "brand": "BMW",
  "model": "M3",
  "url": "https://suchen.mobile.de/fahrzeuge/details.html?id=434374987",
  "price.total.amount": 91280,
  "priceRating": {
    "rating": "Very good price",
    "priceRanges": {
      "Very good price": {
        "start": 70201,
        "end": 91300
      },
      "Good price": {
        "start": 91301,
        "end": 98300
      },
      "Fair price": {
        "start": 98301,
        "end": 109300
      },
      "Increased price": {
        "start": 109301,
        "end": 117400
      },
      "High price": {
        "start": 117401,
        "end": 130400
      }
    }
  },
  "description": "Weitere Ausstattungen:\nGetriebe: Automatik\nTechnik: Allrad, Bordcomputer, Sperrdifferential, Adaptives Daempfungssystem, Partikelfilter, Sportabgasanlage, Schaltwippen, Volldigitales Kombiinstrument\nAssistenten: Totwinkel-Assistent, Verkehrszeichenerkennung, Park-Lenk-Assistent, Regensensor, Fernlichtassistent, Lichtsensor, Notbremsassistent, Berganfahrassistent, Spurhalteassistent, Spurwechselassistent, Abstandsregeltempomat, Ausparkassistent, Abstands-/Kollisionswarner\nKomfort: Servolenkung, Zentralverriegelung, Elektrischer Fensterheber, Lederausstattung, Sitzheizung, Elektrische Aussenspiegel, Teilbare Ruecksitzlehne, Multifunktionslenkrad, Keyless Go Startfunktion, Elektrische Sitze, Innenspiegel autom. abblendbar, Mittelarmlehne, Innenraumfilter, Lenksaeule einstellbar, Sportsitze, ParkDistanceControl vorne und hinten, Elektrische Heckklappe, Keyless Entry, Memory Sitze, Ambientebeleuchtung, Lordosenstütze, Lederlenkrad, Geschwindigkeitsbegrenzungsanlage, Klimaautomatik-3-Zonen, Funkfernbedienung\nSicht: LED-Hauptscheinwerfer, adaptives Kurvenlicht, Dynamisches Kurvenlicht, LED-Tagfahrlicht, 360 Grad Kamera, HEAD-UP-Display, LED-Rueckleuchten, Scheinwerferregulierung, Colorverglasung, Aussenspiegel beheizbar, Privacyverglasung\nSicherheit: ABS, Airbag, Beifahrer-Airbag, Wegfahrsperre, Seitenairbags, Alarmanlage, ESP, Antriebsschlupfregelung, Reifendruckkontrolle, Traktionskontrolle, Kopfairbag, Knieairbag, Kindersitzbefestigung, Anhängerstabilisierung, Notrufsystem, Pannenkit, Airbag hinten\nEntertainment: Navigationssystem, Soundsystem, Radio, Telefonvorbereitung, USB-Anschluss, MP3, Harman-Kardon, Bluetooth, Freisprecheinrichtung, Apple CarPlay, Android Auto, Sprachsteuerung, DAB, WLAN, Touchscreen, Induktionsladen für Smartphones, Musikstreaming\nUmwelt: Abgasnorm Euro 6E\nQualität: Garantie, Scheckheftgepflegt, HUAU neu, Nichtraucherfahrzeug\nSonstiges: Katalysator, Metallic, Sportausstattung, Alufelgen, Dachreling, Gepaeckraumabdeckung, Sportpaket, Sportfahrwerk, Elektrische Parkbremse, Lenkradheizung, Fahrerprofilauswahl, Gepäckraumabtrennung, Spoiler\nWeiteres:\nInt.KnNr: 10667-25_64383, \nFür sämtliche Fahrzeuge bieten wir Ihnen folgenden Service an:\n\njedes unserer Fahrzeuge wird durch unsere Werkstatt geprüft! \nhttps://www.autoweller.de/videotelefonie-autohaus \nindividuelle Finanzierungs- und Leasingangebote \nInzahlungnahme Ihres Gebrauchten \nindividuelles Versicherungsangebot \n\nWir freuen uns schon jetzt auf Ihren Besuch!\n\nIrrtümer und Zwischenverkauf vorbehalten. Die Fahrzeugbeschreibung als auch -ausstattung sind vorläufig und unverbindlich und werden in dieser Form nicht automatisch zum Vertragsinhalt.\n\nDer Verkäufer weist darauf hin, dass die Verbrauchsangaben des Herstellers zum Fahrzeug als Neufahrzeug für das vertragsgegenständliche Gebrauchtfahrzeug keine zugesicherten Eigenschaften sind.\n\nquality by dotzilla",
  "dealerDetails": {
    "id": 17354219,
    "name": "WELLER Performance GmbH & Co. KG",
    "sellerType": "Dealer",
    "phones": [
      "+49 (0)2381 339202045"
    ],
    "languages": [
      "Deutsch",
      "English",
      "Polski",
      "Türkçe"
    ],
    "country": "DE",
    "address": "Schmiedestr. 2, DE-59067 Hamm",
    "location": {
      "latitude": 51.6650108,
      "longitude": 7.763167899999999
    },
    "activeSince": "2017-11-30T00:00:00.000Z",
    "homepageUrl": "https://home.mobile.de/home/redirect.html?customerId=17354219",
    "iconUrl": "https://img.classistatic.de/api/v1/mo-prod/images/3c/3ca79a77-484e-4f2f-b69f-b0ed902d5bcc?rule=mo-640.jpg",
    "reviewPageUrl": "https://www.mobile.de/bewertungen/AUTOWELLERGMBHCOKGHAMM?lang=en",
    "score": {
      "total": 4.5,
      "responseTime": 4.6,
      "friendliness": 4.6,
      "advice": 4.4
    },
    "activeRatingCount": 33,
    "vehicleAsDescribedPercentage": 92,
    "recommendPercentage": 88,
    "soldVehicleCount": null,
    "reviews": []
  },
  "attributes": {
    "Vehicle condition": "Used vehicle, Accident-free",
    "Category": "Estate car, Employee's Car",
    "Model range": "G80",
    "Trim line": "m3 competition",
    "Vehicle Number": "10667-25_64383",
    "Availability": "Now",
    "Mileage": "3,997 km",
    "Cubic Capacity": "2,993 ccm",
    "Power": "390 kW (530 hp)",
    "Drive type": "Internal combustion engine",
    "Fuel": "Petrol",
    "CO₂ class": "Based on CO₂ emissions (combined)",
    "Fuel consumption": [
      "10.4 l/100km (combined)",
      "15.8 l/100km (city)",
      "10.3 l/100km (suburban)",
      "8.8 l/100km (country road)",
      "9.8 l/100km (motorway)"
    ],
    "Energy costs for 15,000 km annual mileage": "€2,802/Year",
    "Fuel price": "€1.80/l (annual average 2024)",
    "Possible CO₂ costs over the next 10 years (15,000 km/year)": [
      "€4,477 (assuming an average CO₂ price of €127/t)",
      "€2,115 (assuming a low average CO₂ price of €60/t)",
      "€7,050 (assuming a high average CO₂ price of €200/t)"
    ],
    "Vehicle tax": "€480/Year",
    "Number of Seats": "5",
    "Door Count": "4/5",
    "Transmission": "Automatic",
    "Emission Class": "Euro 6e",
    "Emissions Sticker": "1 (None)",
    "First Registration": "09/2024",
    "Construction Year": "2024",
    "Number of Vehicle Owners": "1",
    "HU": "New",
    "Climatisation": "Automatic climatisation, 3 zones",
    "Parking sensors": "Self-steering systems, Rear, 360° camera, Front",
    "Airbags": "Front and Side and More Airbags",
    "Colour (Manufacturer)": "ISLE OF MAN GRUEN METALLIC",
    "Colour": "Green Metallic",
    "Interior Design": "Full leather, Black",
    "Cylinders": "6",
    "Energy consumption (comb.)": "10.4 l/100km",
    "CO₂ emissions (comb.)": "235 g/km"
  },
  "features": [
    "ABS",
    "Adaptive cornering lights",
    "Adaptive Cruise Control",
    "Alarm system",
    "Alloy wheels",
    "Ambient lighting",
    "Android Auto",
    "Apple CarPlay",
    "Arm rest",
    "Autom. dimming interior mirror",
    "Blind spot assist",
    "Bluetooth",
    "Cargo barrier",
    "Central locking",
    "DAB radio",
    "Digital cockpit",
    "Distance warning system",
    "Dynamic chassis control",
    "Electric seat adjustment",
    "Electric side mirror",
    "Electric tailgate",
    "Electric windows",
    "Eletric seat adjustment with memory function",
    "Emergency brake assist",
    "Emergency call system",
    "Emergency tyre repair kit",
    "ESP",
    "Folding exterior mirrors",
    "Four-wheel drive",
    "Full Service History",
    "Hands-free kit",
    "Head-up display",
    "Heated seats",
    "Heated steering wheel",
    "High beam assist",
    "Hill-start assist",
    "Immobilizer",
    "Induction charging for smartphones",
    "Integrated music streaming",
    "Isofix",
    "Keyless central locking",
    "Lane change assist",
    "Leather steering wheel",
    "LED headlights",
    "LED running lights",
    "Light sensor",
    "Lumbar support",
    "Multifunction steering wheel",
    "Navigation system",
    "Non-smoker vehicle",
    "On-board computer",
    "Paddle shifters",
    "Particulate filter",
    "Power Steering",
    "Rain sensor",
    "Rear traffic alert",
    "Roof rack",
    "Sound system",
    "Speed limit control system",
    "Sport seats",
    "Sports package",
    "Sports suspension",
    "Tinted windows",
    "Touchscreen",
    "Traction control",
    "Traffic sign recognition",
    "Tuner/radio",
    "Tyre pressure monitoring",
    "USB port",
    "Voice control",
    "Warranty",
    "WLAN / Wi-Fi hotspot"
  ]
},
{
  "title": "BMW M3 Competition - UPE 114.270,- € #exclusive",
  "previewImage": "https://img.classistatic.de/api/v1/mo-prod/images/d1/d15aaa21-8f63-4726-9624-5ebfca79c92c?rule=mo-1600.jpg",
  "category": "Limousine",
  "brand": "BMW",
  "model": "M3",
  "url": "https://suchen.mobile.de/fahrzeuge/details.html?id=413042756",
  "price.total.amount": 91490,
  "priceRating": {
    "rating": "Good price",
    "priceRanges": {
      "Very good price": {
        "start": 69701,
        "end": 90600
      },
      "Good price": {
        "start": 90601,
        "end": 97600
      },
      "Fair price": {
        "start": 97601,
        "end": 108600
      },
      "Increased price": {
        "start": 108601,
        "end": 116500
      },
      "High price": {
        "start": 116501,
        "end": 129500
      }
    }
  },
  "description": "Antrieb, Fahrwerk\nAdaptives M Fahrwerk\nAllrad\nM Sportdifferential\n\nAußenausstattung\nLM-Felgen\nSonnenschutzverglasung (hinten abgedunkelt)\n\nEditionen und Pakete\nAblagenpaket\nConnectedDrive Services\nConnectedPackage Professional\nExterieur-Paket M Carbon\n\nFahrerassistenz\nFahrassistenz-System: Driving Assistant\nGeschwindigkeitsregelung mit Bremsfunktion\nGesetzlicher Notruf\nHead-Up Display\nParkassistent-Paket Plus\nTeleServices\n\nIndividualumfänge\nBMW Individual Hochglanz Shadow Line mit erweiterten Umfängen\nDachhimmel Individual anthrazit\nHochglanz Shadow Line\n\nKomfort, Innenausstattung\nAmbiente-Beleuchtung\nAußenspiegel elektr. anklappbar\nBMW Live Cockpit Professional\nDurchladeeinrichtung (Mittelarmlehne hinten)\nDurchladesystem\nEinparkhilfe selbstlenkendes System\nFahrassistenz-System: Einparkhilfe Seite\nFahrassistenz-System: Park-Assistent\nFensterheber elektrisch vorn + hinten\nFensterheber, elektrisch\nFondkopfstützen klappbar\nFreisprecheinrichtung Bluetooth mit USB-/Audio-Schnittstelle\nGalvanikapplikation für Bedienelemente\nGeschwindigkeits-Begrenzeranlage (Speed Limit Device)\nGeschwindigkeits-Regelanlage mit Bremsfunktion\nHead-up-Display Full Color\nHeckklappenbetätigung automatisch\nInduktionsladeschale für Smartphone (Wireless Charging)\nInnen- und Aussenspiegel automatisch abblendend\nInnenspiegel mit Abblendautomatik\nIsofix-Aufnahmen für Kindersitz\nKlimaautomatic\nKlimaautomatik 3-Zonen mit autom. Umluft-Control\nKomfortzugang (Öffnungs- und Schließsystem)\nLendenwirbelstütze Sitz vorn links und rechts, elektr. verstellbar\nLenkrad (Leder) mit Multifunktion M-Technic\nLenkrad heizbar\nLicht- und Regensensor\nLordosenstuetze fuer Fahrer und Beifahrer\nM Sicherheitsgurte\nM Sportsitze\nMultifunktion für Lenkrad\nParkassistent-Paket\nRadioempfang digital (DAB+)\nRückfahrkamera\nScheibenwischer mit Regensensor\nService-System: Augmented Reality für Navigation\nService-System: WiFi-Direct\nSitze vorn elektr. verstellbar (mit Memory)\nSitzheizung fuer Fahrer und Beifahrer\nSitzheizung vorn\nSitzverstellung, elektrisch mit Memory\nSkisack\nSonnenschutzverglasung\nSound-System Harman-Kardon\nStart/Stop-Anlage (Funktion)\nZentralverriegelung mit Diebstahlsicherung und Crashsensor\n\nMultimedia\nBMW Live Cockpit Professional\nDAB Tuner\nFreisprecheinrichtung\nHarman Kardon Surround Sound System\nNavigationssystem\nTelefon\n\nRäder\n19\"/20\" M Schmiederäder Doppelspeiche 826 M Schwarz / MB\nRadschraubensicherung\n\nSicherheit/Umwelt\nAdaptives Fahrwerk M-Technic\nAirbag Beifahrerseite abschaltbar\nAirbag Fahrer-/Beifahrerseite\nAlarmanlage\nAnti-Blockier-System (ABS)\nAntriebsart: Allradantrieb\nAntriebsart: xDrive (Allrad)\nDiebstahl-Warnanlage\nDynamische Stabilitäts-Control (DSC)\nDynamische Stabilitäts-Control (DSC) mit erweiterter Umfang\nFahrassistenz-System: Active Guard (Bremsassistent)\nFahrassistenz-System: Rückfahrhilfe Notbremsfunktion (Active PDC)\nKnieairbag Fahrerseite\nKopf-Airbag-System hinten\nKopf-Airbag-System vorn\nLichtassistent (Follow me home)\nOtto-Partikelfilter (OPF)\nReifendruck-Kontrollsystem\nReifenpannen-Anzeige\nScheinwerfer LED\nSeitenairbag vorn\nService-System: Gesetzlicher Notruf\nService-System: Intelligenter Notruf inkl. TeleServices\n\nSitzbezug\nLEDER MERINO\n\nSonstiges\nAblage für Wireless Charging \nAblage-Paket\nABS\nActive Guard\nAktives M Differential\nAnhänger-Stabilisierungs-Programm (ASL)\nAußenausstattung: Shadow-Line Hochglanz\nAußenausstattung: Shadow-Line Hochglanz (erweiterter Umfang)\nAußenspiegel mit Abblendautomatik, links\nAußenspiegel mit Bordsteinautomatik, rechts\nBlow by-Heizer\nBremsanlage: Compound - M Bremssystem (Bremssättel Schwarz)\nDeutsch / Bordliteratur\nDeutschland-Ausfuehrung\nElektrisch verstellbare Spiegel\nEU-spezifische Zusatzumfaenge\nFahrerairbag\nInterieurleisten Aluminium Rhombicle Anthrazit \ninterne Steuerung\nKältemittel\nKilometertacho\nLeder\nM Drive Professional\nMultifunktionslenkrad\nÖlwartungsintervall 24 Monate/30.000 km\nPersonal eSIM \nReifenreparatur-Set\nScheinwerfer BMW Individual Shadow-Line\nSeitenairbag\nSitzbezug / Polsterung: Leder Merino Schwarz\nSportfahrwerk\nSportsitze\nSteuerung Infotainment\nSteuerung Karosserie\nUltimate-Paket\nZentralverriegelung\n\nUmwelt, Sicherheit\nAbgasnorm EU6 RDE II\nAktiver Fussgängerschutz\nAlarmanlage\nBeifahrerairbag\nBeifahrerairbag-Deaktivierung\nESP\nFahrassistenz-System: Fernlichtassistent\nInnenspiegel, automatisch abblendend\nKindersitzbefestigung ISOFIX\nLED-Scheinwerfer\nPASM\nRegensensor\nReifen Druck Control\nScheinwerfer LED mit adaptiver Lichtverteilung\nTraction Control\nWarndreieck\n\nNO EXPORT\nNeupreis: 114.270,- € inkl. MwSt.\nZzgl. 1090,- € einmalig für das Auslieferungspaket.\nIhr Ansprechpartner für Neuwagen bei uns in Northeim: Karl Rohr\nTelefon: 05551 - 98 10 70\nEmail: karl.rohr@becker-tiemann.de\nAdresse: Hirschberger Str. 2, 37154 Northeim\nEin individuelles Leasingangebot ist auf Anfrage möglich.\nLassen Sie sich Ihr individuelles Angebot erstellen! Weitere Fahrzeuge verfügbar. Irrtümer und Zwischenverkauf vorbehalten.",
  "dealerDetails": {
    "id": 468421,
    "name": "BMW Vertragshändler, BMW M Stützpunkt, MINI Service, Autohaus Becker-Tiemann Leinetal  GmbH & Co. KG",
    "sellerType": "Dealer",
    "phones": [
      "+49 (0)5551 406491429"
    ],
    "languages": [
      "Deutsch",
      "Pусский",
      "English"
    ],
    "country": "DE",
    "address": "Hirschberger Str. 2, DE-37154 Northeim",
    "location": {
      "latitude": 51.6931211,
      "longitude": 9.9884269
    },
    "activeSince": "2000-09-06T00:00:00.000Z",
    "homepageUrl": "https://home.mobile.de/home/redirect.html?customerId=468421",
    "iconUrl": null,
    "reviewPageUrl": "https://www.mobile.de/bewertungen/AH-LEINETAL?lang=en",
    "score": {
      "total": 4.5,
      "responseTime": 4.5,
      "friendliness": 4.6,
      "advice": 4.5
    },
    "activeRatingCount": 11,
    "vehicleAsDescribedPercentage": 90,
    "recommendPercentage": 90,
    "soldVehicleCount": null,
    "reviews": []
  },
  "attributes": {
    "Vehicle condition": "Used vehicle, Accident-free",
    "Category": "Saloon, Demonstration Vehicle",
    "Model range": "G80",
    "Trim line": "- UPE 114.270,- €  #exclusive",
    "Vehicle Number": "FU39384",
    "Availability": "Now",
    "Origin": "German edition",
    "Mileage": "4,900 km",
    "Cubic Capacity": "2,993 ccm",
    "Power": "390 kW (530 hp)",
    "Drive type": "Internal combustion engine",
    "Fuel": "Petrol, E10-enabled",
    "CO₂ class": "Based on CO₂ emissions (combined)",
    "Fuel consumption": [
      "10.2 l/100km (combined)",
      "15.4 l/100km (city)",
      "10.1 l/100km (suburban)",
      "8.7 l/100km (country road)",
      "9.5 l/100km (motorway)"
    ],
    "Energy costs for 15,000 km annual mileage": "€2,748/Year",
    "Fuel price": "€1.80/l (annual average 2024)",
    "Possible CO₂ costs over the next 10 years (15,000 km/year)": [
      "€4,382 (assuming an average CO₂ price of €127/t)",
      "€2,070 (assuming a low average CO₂ price of €60/t)",
      "€6,900 (assuming a high average CO₂ price of €200/t)"
    ],
    "Vehicle tax": "€460/Year",
    "Number of Seats": "5",
    "Door Count": "4/5",
    "Transmission": "Automatic",
    "Emission Class": "Euro6",
    "First Registration": "04/2025",
    "Construction Year": "2024",
    "Number of Vehicle Owners": "1",
    "HU": "New",
    "Climatisation": "Automatic climatisation, 3 zones",
    "Parking sensors": "360° camera, Front, Self-steering systems, Rear",
    "Airbags": "Front and Side and More Airbags",
    "Colour (Manufacturer)": "ALPINWEISS UNI",
    "Colour": "White",
    "Interior Design": "Full leather, Black",
    "Weight": "1,855 kg",
    "Tank capacity": "59 l",
    "Energy consumption (comb.)": "10.2 l/100km",
    "CO₂ emissions (comb.)": "230 g/km"
  },
  "features": [
    "ABS",
    "Adaptive cornering lights",
    "Alarm system",
    "Alloy wheels",
    "Ambient lighting",
    "Android Auto",
    "Apple CarPlay",
    "Arm rest",
    "Autom. dimming interior mirror",
    "Bluetooth",
    "Central locking",
    "Cruise control",
    "DAB radio",
    "Digital cockpit",
    "Distance warning system",
    "Dynamic chassis control",
    "Electric seat adjustment",
    "Electric side mirror",
    "Electric tailgate",
    "Electric windows",
    "Emergency brake assist",
    "Emergency call system",
    "ESP",
    "Fatigue warning system",
    "Four-wheel drive",
    "Glare-free high beam headlights",
    "Hands-free kit",
    "Head-up display",
    "Heated seats",
    "Heated steering wheel",
    "High beam assist",
    "Hill-start assist",
    "Immobilizer",
    "Induction charging for smartphones",
    "Isofix",
    "Keyless central locking",
    "Leather steering wheel",
    "LED headlights",
    "LED running lights",
    "Light sensor",
    "Lumbar support",
    "Multifunction steering wheel",
    "Navigation system",
    "On-board computer",
    "Particulate filter",
    "Power Steering",
    "Rain sensor",
    "Rear traffic alert",
    "Ski bag",
    "Sound system",
    "Speed limit control system",
    "Sport seats",
    "Sports suspension",
    "Start-stop system",
    "Summer tyres",
    "Tinted windows",
    "Touchscreen",
    "Traction control",
    "Tuner/radio",
    "Tyre pressure monitoring",
    "USB port",
    "Voice control",
    "Warranty",
    "WLAN / Wi-Fi hotspot"
  ]
},
{
  "title": "BMW M3 Competition M xDrive Touring",
  "previewImage": "https://img.classistatic.de/api/v1/mo-prod/images/b2/b26e4ff8-77b4-4de7-a129-f9c4bd9adc99?rule=mo-1600.jpg",
  "category": "EstateCar",
  "brand": "BMW",
  "model": "M3",
  "url": "https://suchen.mobile.de/fahrzeuge/details.html?id=433631086",
  "price.total.amount": 91490,
  "priceRating": {
    "rating": "Fair price",
    "priceRanges": {
      "Very good price": {
        "start": 64301,
        "end": 83500
      },
      "Good price": {
        "start": 83501,
        "end": 90000
      },
      "Fair price": {
        "start": 90001,
        "end": 100100
      },
      "Increased price": {
        "start": 100101,
        "end": 107400
      },
      "High price": {
        "start": 107401,
        "end": 119300
      }
    }
  },
  "description": "Fahrzeugnummer: 204570\n\nUnsere Datenschutzhinweise finden Sie unter http://www.rhein-ludwigsburg.de/datenschutz.html HIGHLIGHTS & PAKETE\nBMW Live Cockpit Professional\nInnovationspaket II\nM Shadow Line mit erweitertem Umfang\nHochglanz Shadow-Line\nGepäckraumpaket\nAblagenpaket\n\nASSISTENZSYSTEME\nParkassistenzsystem Plus\n\nMOTOR GETRIEBE & FAHRWERK\nAdaptives M Fahrwerk\nKomfortzugang\n\nAUDIO & KOMMUNIKATION\nConnected Package Professional\nHarman/Kardon Surround Sound System\nDAB-Tuner (DAB+ fähig)\n\nINTERIEUR\nM Sportsitz\nGalvanikapplikation Bedienelemente\nKlimatisierte Sitze vorne\nDachhimmel anthrazit\nSitzverstellung elektrisch mit Memory\nSonnenschutzrollo Tür hinten\nKlimaautomatik\nM Sicherheitsgurte\nLordosenstütze Fahrer u. Beifahrer\nSitzheizung Fahrer/Beifahrer\nInnenspiegel automatisch abblendend\nKopfstützen im Fond klappbar\nDeaktivierung Airbag Beifahrer\n\nLICHT & SICHT\nAdaptiver LED-Scheinwerfer\nFernlichtassistent\n\nRÄDER\nReifendruckanzeige\n\nTECHNIK & SICHERHEIT\nActive Protection\nKilometertacho\nInnen-/Aussensp. mit Abblendautomatik\nAlarmanlage\n\nEXTERIEUR\nAkustik Komfort Verglasung\nAbgedunkelte Verglasung\nDach und Spiegelkappen schwarz\nM Dachreling Shadow Line \nWir besorgen Ihnen Ihren WUNSCHGEBRAUCHTWAGEN! Über 1900 Fzg. sofort ab Lager verfügbar. Zugriff auf über 3000 Dienstwagen der BMW AG. Bitte sprechen Sie uns an. Unser Verkaufsteam freut sich auf Ihren Anruf. -Irrtum und Zwischenverkauf vorbehalten-",
  "dealerDetails": {
    "id": 11662789,
    "name": "Autohaus Rhein Ludwigsburg - Zw. NL der Autohaus Heermann und Rhein GmbH",
    "sellerType": "Dealer",
    "phones": [
      "+49 (0)7141 1469910",
      "+49 (0)7141 4076144"
    ],
    "languages": [
      "Deutsch",
      "English",
      "Français"
    ],
    "country": "DE",
    "address": "Zeissstr. 2, DE-71679 Asperg",
    "location": {
      "latitude": 48.898497,
      "longitude": 9.1546865
    },
    "activeSince": "2014-06-20T00:00:00.000Z",
    "homepageUrl": "https://home.mobile.de/home/redirect.html?customerId=11662789",
    "iconUrl": null,
    "reviewPageUrl": "https://www.mobile.de/bewertungen/AUTOHAUSRHEINLUDWIGSBURGZWEIGNIEDERLASSUNGDERAUTOHAUSHEERMANNUND?lang=en",
    "score": {
      "total": 4.4,
      "responseTime": 4.3,
      "friendliness": 4.6,
      "advice": 4.2
    },
    "activeRatingCount": 29,
    "vehicleAsDescribedPercentage": 75,
    "recommendPercentage": 72,
    "soldVehicleCount": null,
    "reviews": []
  },
  "attributes": {
    "Vehicle condition": "Used vehicle, Accident-free",
    "Category": "Estate car, Employee's Car",
    "Model range": "G81",
    "Availability": "Now",
    "Origin": "German edition",
    "Mileage": "25,951 km",
    "Cubic Capacity": "2,998 ccm",
    "Power": "390 kW (530 hp)",
    "Drive type": "Internal combustion engine",
    "Fuel": "Petrol, E10-enabled",
    "CO₂ class": "Based on CO₂ emissions (combined)",
    "Fuel consumption": [
      "10.3 l/100km (combined)"
    ],
    "Number of Seats": "5",
    "Door Count": "4/5",
    "Transmission": "Automatic",
    "Emission Class": "Euro6d",
    "Emissions Sticker": "4 (Green)",
    "First Registration": "01/2025",
    "Number of Vehicle Owners": "1",
    "Climatisation": "Automatic climatisation, 2 zones",
    "Parking sensors": "360° camera, Rear, Front, Self-steering systems",
    "Airbags": "Front and Side and More Airbags",
    "Colour (Manufacturer)": "Skyscraper Grau",
    "Colour": "Grey Metallic",
    "Interior Design": "Full leather, Black",
    "Energy consumption (comb.)": "10.3 l/100km",
    "CO₂ emissions (comb.)": "232 g/km"
  },
  "features": [
    "ABS",
    "Adaptive Cruise Control",
    "Alarm system",
    "Alloy wheels",
    "Ambient lighting",
    "Android Auto",
    "Apple CarPlay",
    "Arm rest",
    "Autom. dimming interior mirror",
    "Blind spot assist",
    "Central locking",
    "DAB radio",
    "Daytime running lights",
    "Digital cockpit",
    "Distance warning system",
    "Electric seat adjustment",
    "Electric side mirror",
    "Electric tailgate",
    "Electric windows",
    "Emergency brake assist",
    "Emergency call system",
    "ESP",
    "Fatigue warning system",
    "Folding exterior mirrors",
    "Four-wheel drive",
    "Full Service History",
    "Hands-free kit",
    "Head-up display",
    "Heated seats",
    "Immobilizer",
    "Induction charging for smartphones",
    "Integrated music streaming",
    "Isofix",
    "Keyless central locking",
    "Lane change assist",
    "LED headlights",
    "Light sensor",
    "Lumbar support",
    "Multifunction steering wheel",
    "Navigation system",
    "Non-smoker vehicle",
    "On-board computer",
    "Paddle shifters",
    "Power Steering",
    "Rain sensor",
    "Seat ventilation",
    "Sound system",
    "Speed limit control system",
    "Sport seats",
    "Sports package",
    "Sports suspension",
    "Start-stop system",
    "Tinted windows",
    "Touchscreen",
    "Traction control",
    "Traffic sign recognition",
    "Tuner/radio",
    "Tyre pressure monitoring",
    "USB port",
    "Voice control",
    "Warranty",
    "WLAN / Wi-Fi hotspot"
  ]
},
{
  "title": "BMW M3 Competition xDrive T Schale,AdLED,H/K,PA+,HUD",
  "previewImage": "https://img.classistatic.de/api/v1/mo-prod/images/d9/d954f09f-bb2a-47bc-852e-548ab369e8f1?rule=mo-1600.jpg",
  "category": "EstateCar",
  "brand": "BMW",
  "model": "M3",
  "url": "https://suchen.mobile.de/fahrzeuge/details.html?id=433928844",
  "price.total.amount": 91400,
  "priceRating": {
    "rating": "Good price",
    "priceRanges": {
      "Very good price": {
        "start": 66601,
        "end": 86600
      },
      "Good price": {
        "start": 86601,
        "end": 93300
      },
      "Fair price": {
        "start": 93301,
        "end": 103800
      },
      "Increased price": {
        "start": 103801,
        "end": 111400
      },
      "High price": {
        "start": 111401,
        "end": 123800
      }
    }
  },
  "description": "Verbrauch und Emission (WLTP)\nPrimärer Antrieb Verbrauch innerorts: 15,70 l/100 km\nPrimärer Antrieb Verbrauch Stadtrand: 10,20 l/100 km\nPrimärer Antrieb Verbrauch Landstraße: 8,80 l/100 km\nPrimärer Antrieb Verbrauch Autobahn: 9,70 l/100 km\nPrimärer Antrieb Verbrauch kombiniert: 10,30 l/100 km\nCO2 Emission kombiniert: 223 g/km\n\nModelljahr\nModelljahr: 2025\n* Modellpflege\n\nGetriebe\nAutomatikgetriebe DriveLogic, 8 Gänge\n\nAusstattungslinie\nAusstattungslinie Exterieur: Competition\n\nAusstattungspakete\nAusstattungspaket: Connected Professional (laufzeitgebundener Dienst)\nSportpaket\nOptikpaket: M Hochglanz Shadow Line\nAblagepaket\nSpiegelpaket\nSicherheitspaket\n\nAssistenzsysteme\nHead-up-Display HUD\nFernlichtassistent\nBMW ParkAssistent\nRückfahrkamera\nSurround View\nFahrlichtautomatik\nGeschwindigkeitsregelung mit Bremsfunktion\nBerganfahrhilfe\nSpracheingabesystem\nMüdigkeitserkennung\nSpurwechselassistent\nSpurverlassenswarnung: Driving Assistant\nBremsassistent\nFahrerassistenzpaket: Driving Assistant, Heckaufprall-Vermeidung, Parkassistent-Paket Plus, Rückfahr-Assistent\nActive Guard Auffahrwarnung\nGespannstabilisierung\nElektronisches Bremssystem EBS\nAusparkhilfe\n\nLicht und Sicht\nAdaptiver LED-Scheinwerfer\nAdaptives Kurvenlicht\nTagfahrlicht\nRegensensor\nAutomatisch abblendende Innen- und Außenspiegel\nSonnenschutzverglasung\nDynamische Leuchtweitenregulierung\nAmbientebeleuchtung\nNebelscheinwerfer\nLichtsensor\n\nAudio & Kommunikation\nMultimedia-System\nBMW Live Cockpit Professional: Augmented Reality\nRadio\nMulti-Funktions-Display\nDigitaler Radioempfang DAB\nzentrale Bedieneinheit\nHarman/Kardon Soundsystem\nAUX Anschluss, Bluetooth Audiostreaming\nBMW ConnectedDrive: Connected Package Professional (laufzeitgebundener Dienst)\nHandyvorbereitung Bluetooth\nAndroid Auto u. Apple CarPlay\nKabelloses Laden für Handys\nWLAN Hotspot: Personal eSIM\n\nKomfort\nBMW Live Cockpit Professional: BMW Curved Display\nKlimaautomatik, 3 Zonen\nFahrer-/Beifahrersitz elektrisch\nMemoryfunktion Fahrersitz\nLordosenstütze Fahrer/Beifahrer elektrisch\nSitzheizung Fahrer/Beifahrer\nLeichtbau Schalensitze: M Carbon Schalensitze\nArmauflage hinten\nServotronic\nLenksäule verstellbar\nKomfortzugang\nAuto Start Stop Funktion\nZentralver. mit Fernbedienung: mit Diebstahlsicherung und Crashsensor, BMW Digital Key\nFensterheber elektrisch 4-fach\nKopfstützen vorn und hinten\nAutomatisch öffnende Heckklappe\nM Drive\nGetränkehalter\n\nInterieur\nSitze Leder Merino\nMultifunktions-Sport-/Lederlenkrad: M Alcantaralenkrad\nBordcomputer\nGepäckraumboden doppelt\nLaderaumabdeckung\nDurchladesystem\nDekoreinlagen Carbon: Carbon Fibre, Rhombicle mit Akzentleiste\nBodenbelag Teppich\nLenkrad-Schaltwippen\n\nExterieur\nAntrieb: Allrad\nAdaptives Fahrwerk\nM Sportfahrwerk\nTouchscreen Bedienung\nDifferentialsperre: Aktives M Differential\nCompound-Bremse\nM Leichtmetallräder 20 Zoll: Doppelspeiche 826 M\nAußenspiegel elekt. anklappbar\nDachreling: BMW Individual hochglanz Shadow Line\nBremsenergierückgewinnung\nReifenpannenset\nReichweitenerhöhung\nInnovationspaket\nNotrufsystem: Intelligenter Notruf inkl. TeleServices (laufzeitgebundener Dienst)\nGeschwindigkeitsbegrenzer\nFahrzeugpersonalisierung: BMW ID\n\nAirbags\nMittelairbag\n\nSicherheit\nISOFIX Kindersitzbefestigung\nFußgängerschutzsystem: aktiv\nFahrer- /Beifahrerairbag\nKopfairbag vorn und hinten\nSeitenairbag vorn und hinten\nFondairbags\nKnieairbag Fahrer\nDynamische Traktions Control DTC\nDynamische Stabilitäts Control DSC\nReifen Pannen Anzeige RPA\nDiebstahlwarnanlage\nWegfahrsperre\nAußentemperatur Anzeige\nAntiblockiersystem ABS\nBremsverschleißanzeige\nProgrammierbarer Schlüssel\nProaktives Insassenschutzsystem: Active Protection\nQuerverkehrswarnung\n\nWeitere Ausstattung\nDach und Spiegelkappen schwarz\nAkustik Komfort Verglasung\nAbgedunkelte Verglasung\nInnen-/Aussensp. mit Abblendautomatik\nM Sicherheitsgurte\nGalvanikapplikation Bedienelemente\nACTIVE PROTECTION\nM Lenkrad Alcantara\nHochglanz Shadow-Line\nM Shadow Line mit erweitertem Umfang\nSteuerung Fahrerassistenzsysteme\nBMW Individual Dachhimmel anthrazit\nDachhimmel Anthrazit (BMW Individual)\nRemote 3D View (laufzeitgebundener Dienst)\nAkustikglas\nTeleServices (laufzeitgebundener Dienst)\nM Dachhimmel Anthrazit\nehem. Mietfahrzeug\n\nDie im Inserat aufgeführten Ausstattungsmerkmale sind unverbindlich. Maßgeblich für den Kauf ist allein der schriftliche Kaufvertrag. Angaben im Inserat begründen keine Beschaffenheitsvereinbarung. Verbindliche Ausstattungsangaben werden ausschließlich im Kaufvertrag festgelegt.",
  "dealerDetails": {
    "id": 453571,
    "name": "WELLER Premium GmbH - BMW Vertragshändler - MINI Servicebetrieb",
    "sellerType": "Dealer",
    "phones": [
      "+49 (0)5222 917987157"
    ],
    "languages": [
      "Deutsch",
      "English"
    ],
    "country": "DE",
    "address": "Benzstr. 19, DE-32108 Bad Salzuflen",
    "location": {
      "latitude": 52.0547572,
      "longitude": 8.756841399999999
    },
    "activeSince": "2007-01-09T00:00:00.000Z",
    "homepageUrl": "https://home.mobile.de/home/redirect.html?customerId=453571",
    "iconUrl": "https://img.classistatic.de/api/v1/mo-prod/images/9c/9c539a04-82ba-48bc-a93a-130ac7a0092d?rule=mo-640.jpg",
    "reviewPageUrl": "https://www.mobile.de/bewertungen/BKALLESKLARDETMOLD?lang=en",
    "score": {
      "total": 4.5,
      "responseTime": 4.5,
      "friendliness": 4.6,
      "advice": 4.4
    },
    "activeRatingCount": 53,
    "vehicleAsDescribedPercentage": 85,
    "recommendPercentage": 83,
    "soldVehicleCount": null,
    "reviews": []
  },
  "attributes": {
    "Vehicle condition": "Used vehicle, Accident-free",
    "Category": "Estate car",
    "Trim line": "Competition",
    "Vehicle Number": "12700057",
    "Availability": "Now",
    "Origin": "German edition",
    "Mileage": "15,161 km",
    "Cubic Capacity": "2,993 ccm",
    "Power": "390 kW (530 hp)",
    "Drive type": "Internal combustion engine",
    "Fuel": "Petrol",
    "CO₂ class": "Based on CO₂ emissions (combined)",
    "Fuel consumption": [
      "10.3 l/100km (combined)",
      "15.7 l/100km (city)",
      "10.2 l/100km (suburban)",
      "8.8 l/100km (country road)",
      "9.7 l/100km (motorway)"
    ],
    "Energy costs for 15,000 km annual mileage": "€2,775/Year",
    "Fuel price": "€1.80/l (annual average 2024)",
    "Possible CO₂ costs over the next 10 years (15,000 km/year)": [
      "€3,847 (assuming an average CO₂ price of €115/t)",
      "€1,672 (assuming a low average CO₂ price of €50/t)",
      "€6,356 (assuming a high average CO₂ price of €190/t)"
    ],
    "Vehicle tax": "€432/Year",
    "Number of Seats": "5",
    "Door Count": "4/5",
    "Transmission": "Automatic",
    "Emission Class": "Euro6d-TEMP",
    "Emissions Sticker": "4 (Green)",
    "First Registration": "12/2024",
    "Number of Vehicle Owners": "1",
    "HU": "New",
    "Climatisation": "Automatic climatisation, 3 zones",
    "Parking sensors": "360° camera, Front, Self-steering systems, Rear",
    "Airbags": "Front and Side and More Airbags",
    "Colour (Manufacturer)": "Dravitgrau",
    "Colour": "Grey Metallic",
    "Interior Design": "Full leather",
    "Cylinders": "6",
    "Energy consumption (comb.)": "10.3 l/100km",
    "CO₂ emissions (comb.)": "223 g/km"
  },
  "features": [
    "ABS",
    "Adaptive cornering lights",
    "Alarm system",
    "Alloy wheels",
    "Ambient lighting",
    "Android Auto",
    "Apple CarPlay",
    "Arm rest",
    "Autom. dimming interior mirror",
    "Blind spot assist",
    "Bluetooth",
    "Central locking",
    "Cruise control",
    "DAB radio",
    "Daytime running lights",
    "Digital cockpit",
    "Distance warning system",
    "Dynamic chassis control",
    "Electric seat adjustment",
    "Electric side mirror",
    "Electric tailgate",
    "Electric windows",
    "Eletric seat adjustment with memory function",
    "Emergency call system",
    "Emergency tyre repair kit",
    "ESP",
    "Fog lamp",
    "Folding exterior mirrors",
    "Four-wheel drive",
    "Full Service History",
    "Hands-free kit",
    "Head-up display",
    "Heated seats",
    "High beam assist",
    "Hill-start assist",
    "Immobilizer",
    "Induction charging for smartphones",
    "Integrated music streaming",
    "Isofix",
    "Keyless central locking",
    "Lane change assist",
    "Leather steering wheel",
    "LED headlights",
    "Light sensor",
    "Lumbar support",
    "Multifunction steering wheel",
    "Navigation system",
    "Non-smoker vehicle",
    "On-board computer",
    "Paddle shifters",
    "Particulate filter",
    "Power Steering",
    "Rain sensor",
    "Rear traffic alert",
    "Roof rack",
    "Sound system",
    "Speed limit control system",
    "Sport seats",
    "Sports package",
    "Sports suspension",
    "Start-stop system",
    "Touchscreen",
    "Traction control",
    "Tuner/radio",
    "Tyre pressure monitoring",
    "Voice control",
    "Warranty",
    "WLAN / Wi-Fi hotspot"
  ]
},
{
  "title": "BMW M3 Competition M xDrive Touring",
  "previewImage": "https://img.classistatic.de/api/v1/mo-prod/images/b2/b26e4ff8-77b4-4de7-a129-f9c4bd9adc99?rule=mo-1600.jpg",
  "category": "EstateCar",
  "brand": "BMW",
  "model": "M3",
  "url": "https://suchen.mobile.de/fahrzeuge/details.html?id=433631086",
  "price.total.amount": 91490,
  "priceRating": {
    "rating": "Fair price",
    "priceRanges": {
      "Very good price": {
        "start": 64301,
        "end": 83500
      },
      "Good price": {
        "start": 83501,
        "end": 90000
      },
      "Fair price": {
        "start": 90001,
        "end": 100100
      },
      "Increased price": {
        "start": 100101,
        "end": 107400
      },
      "High price": {
        "start": 107401,
        "end": 119300
      }
    }
  },
  "description": "Fahrzeugnummer: 204570\n\nUnsere Datenschutzhinweise finden Sie unter http://www.rhein-ludwigsburg.de/datenschutz.html HIGHLIGHTS & PAKETE\nBMW Live Cockpit Professional\nInnovationspaket II\nM Shadow Line mit erweitertem Umfang\nHochglanz Shadow-Line\nGepäckraumpaket\nAblagenpaket\n\nASSISTENZSYSTEME\nParkassistenzsystem Plus\n\nMOTOR GETRIEBE & FAHRWERK\nAdaptives M Fahrwerk\nKomfortzugang\n\nAUDIO & KOMMUNIKATION\nConnected Package Professional\nHarman/Kardon Surround Sound System\nDAB-Tuner (DAB+ fähig)\n\nINTERIEUR\nM Sportsitz\nGalvanikapplikation Bedienelemente\nKlimatisierte Sitze vorne\nDachhimmel anthrazit\nSitzverstellung elektrisch mit Memory\nSonnenschutzrollo Tür hinten\nKlimaautomatik\nM Sicherheitsgurte\nLordosenstütze Fahrer u. Beifahrer\nSitzheizung Fahrer/Beifahrer\nInnenspiegel automatisch abblendend\nKopfstützen im Fond klappbar\nDeaktivierung Airbag Beifahrer\n\nLICHT & SICHT\nAdaptiver LED-Scheinwerfer\nFernlichtassistent\n\nRÄDER\nReifendruckanzeige\n\nTECHNIK & SICHERHEIT\nActive Protection\nKilometertacho\nInnen-/Aussensp. mit Abblendautomatik\nAlarmanlage\n\nEXTERIEUR\nAkustik Komfort Verglasung\nAbgedunkelte Verglasung\nDach und Spiegelkappen schwarz\nM Dachreling Shadow Line \nWir besorgen Ihnen Ihren WUNSCHGEBRAUCHTWAGEN! Über 1900 Fzg. sofort ab Lager verfügbar. Zugriff auf über 3000 Dienstwagen der BMW AG. Bitte sprechen Sie uns an. Unser Verkaufsteam freut sich auf Ihren Anruf. -Irrtum und Zwischenverkauf vorbehalten-",
  "dealerDetails": {
    "id": 11662789,
    "name": "Autohaus Rhein Ludwigsburg - Zw. NL der Autohaus Heermann und Rhein GmbH",
    "sellerType": "Dealer",
    "phones": [
      "+49 (0)7141 1469910",
      "+49 (0)7141 4076144"
    ],
    "languages": [
      "Deutsch",
      "English",
      "Français"
    ],
    "country": "DE",
    "address": "Zeissstr. 2, DE-71679 Asperg",
    "location": {
      "latitude": 48.898497,
      "longitude": 9.1546865
    },
    "activeSince": "2014-06-20T00:00:00.000Z",
    "homepageUrl": "https://home.mobile.de/home/redirect.html?customerId=11662789",
    "iconUrl": null,
    "reviewPageUrl": "https://www.mobile.de/bewertungen/AUTOHAUSRHEINLUDWIGSBURGZWEIGNIEDERLASSUNGDERAUTOHAUSHEERMANNUND?lang=en",
    "score": {
      "total": 4.4,
      "responseTime": 4.3,
      "friendliness": 4.6,
      "advice": 4.2
    },
    "activeRatingCount": 29,
    "vehicleAsDescribedPercentage": 75,
    "recommendPercentage": 72,
    "soldVehicleCount": null,
    "reviews": []
  },
  "attributes": {
    "Vehicle condition": "Used vehicle, Accident-free",
    "Category": "Estate car, Employee's Car",
    "Model range": "G81",
    "Availability": "Now",
    "Origin": "German edition",
    "Mileage": "25,951 km",
    "Cubic Capacity": "2,998 ccm",
    "Power": "390 kW (530 hp)",
    "Drive type": "Internal combustion engine",
    "Fuel": "Petrol, E10-enabled",
    "CO₂ class": "Based on CO₂ emissions (combined)",
    "Fuel consumption": [
      "10.3 l/100km (combined)"
    ],
    "Number of Seats": "5",
    "Door Count": "4/5",
    "Transmission": "Automatic",
    "Emission Class": "Euro6d",
    "Emissions Sticker": "4 (Green)",
    "First Registration": "01/2025",
    "Number of Vehicle Owners": "1",
    "Climatisation": "Automatic climatisation, 2 zones",
    "Parking sensors": "Self-steering systems, Rear, 360° camera, Front",
    "Airbags": "Front and Side and More Airbags",
    "Colour (Manufacturer)": "Skyscraper Grau",
    "Colour": "Grey Metallic",
    "Interior Design": "Full leather, Black",
    "Energy consumption (comb.)": "10.3 l/100km",
    "CO₂ emissions (comb.)": "232 g/km"
  },
  "features": [
    "ABS",
    "Adaptive Cruise Control",
    "Alarm system",
    "Alloy wheels",
    "Ambient lighting",
    "Android Auto",
    "Apple CarPlay",
    "Arm rest",
    "Autom. dimming interior mirror",
    "Blind spot assist",
    "Central locking",
    "DAB radio",
    "Daytime running lights",
    "Digital cockpit",
    "Distance warning system",
    "Electric seat adjustment",
    "Electric side mirror",
    "Electric tailgate",
    "Electric windows",
    "Emergency brake assist",
    "Emergency call system",
    "ESP",
    "Fatigue warning system",
    "Folding exterior mirrors",
    "Four-wheel drive",
    "Full Service History",
    "Hands-free kit",
    "Head-up display",
    "Heated seats",
    "Immobilizer",
    "Induction charging for smartphones",
    "Integrated music streaming",
    "Isofix",
    "Keyless central locking",
    "Lane change assist",
    "LED headlights",
    "Light sensor",
    "Lumbar support",
    "Multifunction steering wheel",
    "Navigation system",
    "Non-smoker vehicle",
    "On-board computer",
    "Paddle shifters",
    "Power Steering",
    "Rain sensor",
    "Seat ventilation",
    "Sound system",
    "Speed limit control system",
    "Sport seats",
    "Sports package",
    "Sports suspension",
    "Start-stop system",
    "Tinted windows",
    "Touchscreen",
    "Traction control",
    "Traffic sign recognition",
    "Tuner/radio",
    "Tyre pressure monitoring",
    "USB port",
    "Voice control",
    "Warranty",
    "WLAN / Wi-Fi hotspot"
  ]
},
{
  "title": "BMW M3 Competition xDrive - UPE 114.270,- € #exclusi",
  "previewImage": "https://img.classistatic.de/api/v1/mo-prod/images/73/7383ed8a-bc40-42db-ba2f-ec4ff75e8583?rule=mo-1600.jpg",
  "category": "Limousine",
  "brand": "BMW",
  "model": "M3",
  "url": "https://suchen.mobile.de/fahrzeuge/details.html?id=423476961",
  "price.total.amount": 89990,
  "priceRating": {
    "rating": "Very good price",
    "priceRanges": {
      "Very good price": {
        "start": 70501,
        "end": 91600
      },
      "Good price": {
        "start": 91601,
        "end": 98700
      },
      "Fair price": {
        "start": 98701,
        "end": 109800
      },
      "Increased price": {
        "start": 109801,
        "end": 117800
      },
      "High price": {
        "start": 117801,
        "end": 130900
      }
    }
  },
  "description": "Antrieb, Fahrwerk\nAdaptives M Fahrwerk\nAllrad\nM Sportdifferential\n\nAußenausstattung\nLM-Felgen\nSonnenschutzverglasung (hinten abgedunkelt)\n\nEditionen und Pakete\nAblagenpaket\nConnectedDrive Services\nConnectedPackage Professional\nExterieur-Paket M Carbon\n\nFahrerassistenz\nFahrassistenz-System: Driving Assistant\nGeschwindigkeitsregelung mit Bremsfunktion\nGesetzlicher Notruf\nHead-Up Display\nParkassistent-Paket Plus\nTeleServices\n\nIndividualumfänge\nBMW Individual Hochglanz Shadow Line mit erweiterten Umfängen\nDachhimmel Individual anthrazit\nHochglanz Shadow Line\n\nKomfort, Innenausstattung\nAmbiente-Beleuchtung\nAußenspiegel elektr. anklappbar\nBMW Live Cockpit Professional\nDurchladeeinrichtung (Mittelarmlehne hinten)\nDurchladesystem\nEinparkhilfe selbstlenkendes System\nFahrassistenz-System: Einparkhilfe Seite\nFahrassistenz-System: Park-Assistent\nFensterheber elektrisch vorn + hinten\nFensterheber, elektrisch\nFondkopfstützen klappbar\nFreisprecheinrichtung Bluetooth mit USB-/Audio-Schnittstelle\nGalvanikapplikation für Bedienelemente\nGeschwindigkeits-Begrenzeranlage (Speed Limit Device)\nGeschwindigkeits-Regelanlage mit Bremsfunktion\nHead-up-Display Full Color\nHeckklappenbetätigung automatisch\nInduktionsladeschale für Smartphone (Wireless Charging)\nInnen- und Aussenspiegel automatisch abblendend\nInnenspiegel mit Abblendautomatik\nIsofix-Aufnahmen für Kindersitz\nKlimaautomatic\nKlimaautomatik 3-Zonen mit autom. Umluft-Control\nKomfortzugang (Öffnungs- und Schließsystem)\nLendenwirbelstütze Sitz vorn links und rechts, elektr. verstellbar\nLenkrad (Leder) mit Multifunktion M-Technic\nLenkrad heizbar\nLicht- und Regensensor\nLordosenstuetze fuer Fahrer und Beifahrer\nM Sicherheitsgurte\nM Sportsitze\nMultifunktion für Lenkrad\nParkassistent-Paket\nRadioempfang digital (DAB+)\nRückfahrkamera\nScheibenwischer mit Regensensor\nService-System: Augmented Reality für Navigation\nService-System: WiFi-Direct\nSitze vorn elektr. verstellbar (mit Memory)\nSitzheizung fuer Fahrer und Beifahrer\nSitzheizung vorn\nSitzverstellung, elektrisch mit Memory\nSkisack\nSonnenschutzverglasung\nSound-System Harman-Kardon\nStart/Stop-Anlage (Funktion)\nZentralverriegelung mit Diebstahlsicherung und Crashsensor\n\nMultimedia\nBMW Live Cockpit Professional\nDAB Tuner\nFreisprecheinrichtung\nHarman Kardon Surround Sound System\nNavigationssystem\nTelefon\n\nRäder\n19\"/20\" M Schmiederäder Doppelspeiche 826 M Schwarz / MB\nRadschraubensicherung\n\nSicherheit/Umwelt\nAdaptives Fahrwerk M-Technic\nAirbag Beifahrerseite abschaltbar\nAirbag Fahrer-/Beifahrerseite\nAlarmanlage\nAnti-Blockier-System (ABS)\nAntriebsart: Allradantrieb\nAntriebsart: xDrive (Allrad)\nDiebstahl-Warnanlage\nDynamische Stabilitäts-Control (DSC)\nDynamische Stabilitäts-Control (DSC) mit erweiterter Umfang\nFahrassistenz-System: Active Guard (Bremsassistent)\nFahrassistenz-System: Rückfahrhilfe Notbremsfunktion (Active PDC)\nKnieairbag Fahrerseite\nKopf-Airbag-System hinten\nKopf-Airbag-System vorn\nLichtassistent (Follow me home)\n\nSitzbezug\nLeder Merino Schwarz/Schwarz\n\nSonstiges\nAblage für Wireless Charging \nABS\nActive Guard\nBlow by-Heizer\nBremsanlage: Compound - M Bremssystem (Bremssättel Schwarz)\nDeutsch / Bordliteratur\nDeutschland-Ausfuehrung\nElektrisch verstellbare Spiegel\nEU-spezifische Zusatzumfaenge\nFahrerairbag\nInterieurleisten Aluminium Rhombicle Anthrazit \ninterne Steuerung\nKältemittel\nKilometertacho\nLeder\nM Drive Professional\nMultifunktionslenkrad\nÖlwartungsintervall 24 Monate/30.000 km\nPersonal eSIM \nReifenreparatur-Set\nScheinwerfer BMW Individual Shadow-Line\nSeitenairbag\nSitzbezug / Polsterung: Leder Merino Schwarz\nSportfahrwerk\nSportsitze\nSteuerung Infotainment\nSteuerung Karosserie\nUltimate-Paket\nZentralverriegelung\n\nUmwelt, Sicherheit\nAbgasnorm EU6 RDE II\nAktiver Fussgängerschutz\nAlarmanlage\nBeifahrerairbag\nBeifahrerairbag-Deaktivierung\nESP\nFahrassistenz-System: Fernlichtassistent\nInnenspiegel, automatisch abblendend\nKindersitzbefestigung ISOFIX\nLED-Scheinwerfer\nPASM\nRegensensor\nReifen Druck Control\nScheinwerfer LED mit adaptiver Lichtverteilung\nTraction Control\nWarndreieck\n\nUnser Angebotspreise verstehen sich zzgl. 1090,-€ für Zulassung und Überführung.\nAlle Preise inkl. MwSt.\n\nGesonderte Konditionen für Gewerbetreibende / Fahrschulen / Autovermieter / mobilitätseingeschränkte Personen / Journalisten.\nLassen Sie sich Ihr individuelles Angebot von uns erstellen!\n\nIhre Ansprechpartnerin im Haus: Violetta Blochin\nTel: 0521-16399-3117 oder violetta.blochin@becker-tiemann.de Irrtümer und Zwischenverkauf vorbehalten.",
  "dealerDetails": {
    "id": 12754808,
    "name": "Autohaus Becker-Tiemann Bielefeld GmbH & Co. KG",
    "sellerType": "Dealer",
    "phones": [
      "+49 (0)521 1639638768"
    ],
    "languages": [
      "Deutsch",
      "English",
      "Türkçe"
    ],
    "country": "DE",
    "address": "Am Niedermeyers Feld 6, DE-33719 Bielefeld",
    "location": {
      "latitude": 52.0152717,
      "longitude": 8.6201142
    },
    "activeSince": "2015-02-19T00:00:00.000Z",
    "homepageUrl": "https://home.mobile.de/home/redirect.html?customerId=12754808",
    "iconUrl": null,
    "reviewPageUrl": "https://www.mobile.de/bewertungen/AUTOHAUSBECKERTIEMANNBIELEFELDGMBHCOKGBIELEFELD?lang=en",
    "score": {
      "total": 4.7,
      "responseTime": 4.8,
      "friendliness": 4.7,
      "advice": 4.6
    },
    "activeRatingCount": 42,
    "vehicleAsDescribedPercentage": 100,
    "recommendPercentage": 100,
    "soldVehicleCount": null,
    "reviews": []
  },
  "attributes": {
    "Vehicle condition": "Used vehicle, Accident-free",
    "Category": "Saloon, Demonstration Vehicle",
    "Model range": "G80",
    "Trim line": "xDrive - UPE 114.270,- € #exclusive  abzugeben ab 12/2…",
    "Vehicle Number": "BTBIFU39539",
    "Availability": "Now",
    "Origin": "German edition",
    "Mileage": "2,900 km",
    "Cubic Capacity": "2,993 ccm",
    "Power": "390 kW (530 hp)",
    "Drive type": "Internal combustion engine",
    "Fuel": "Petrol, E10-enabled",
    "CO₂ class": "Based on CO₂ emissions (combined)",
    "Fuel consumption": [
      "10.2 l/100km (combined)",
      "15.4 l/100km (city)",
      "10.1 l/100km (suburban)",
      "8.7 l/100km (country road)",
      "9.5 l/100km (motorway)"
    ],
    "Energy costs for 15,000 km annual mileage": "€2,748/Year",
    "Fuel price": "€1.80/l (annual average 2024)",
    "Possible CO₂ costs over the next 10 years (15,000 km/year)": [
      "€4,382 (assuming an average CO₂ price of €127/t)",
      "€2,070 (assuming a low average CO₂ price of €60/t)",
      "€6,900 (assuming a high average CO₂ price of €200/t)"
    ],
    "Vehicle tax": "€460/Year",
    "Number of Seats": "5",
    "Door Count": "4/5",
    "Transmission": "Automatic",
    "Emission Class": "Euro6",
    "First Registration": "08/2025",
    "Construction Year": "2024",
    "Number of Vehicle Owners": "1",
    "HU": "New",
    "Climatisation": "Automatic climatisation, 3 zones",
    "Parking sensors": "360° camera, Rear, Front, Self-steering systems",
    "Airbags": "Front and Side and More Airbags",
    "Colour (Manufacturer)": "ALPINWEISS 3",
    "Colour": "White",
    "Interior Design": "Full leather, Black",
    "Weight": "1,855 kg",
    "Tank capacity": "59 l",
    "Energy consumption (comb.)": "10.2 l/100km",
    "CO₂ emissions (comb.)": "230 g/km"
  },
  "features": [
    "ABS",
    "Adaptive cornering lights",
    "Alarm system",
    "Alloy wheels",
    "Ambient lighting",
    "Android Auto",
    "Apple CarPlay",
    "Arm rest",
    "Autom. dimming interior mirror",
    "Blind spot assist",
    "Bluetooth",
    "Cargo barrier",
    "Central locking",
    "Cruise control",
    "DAB radio",
    "Digital cockpit",
    "Distance warning system",
    "Dynamic chassis control",
    "Electric seat adjustment",
    "Electric side mirror",
    "Electric tailgate",
    "Electric windows",
    "Emergency brake assist",
    "Emergency call system",
    "ESP",
    "Fatigue warning system",
    "Four-wheel drive",
    "Full Service History",
    "Glare-free high beam headlights",
    "Hands-free kit",
    "Head-up display",
    "Heated seats",
    "Heated steering wheel",
    "High beam assist",
    "Hill-start assist",
    "Immobilizer",
    "Induction charging for smartphones",
    "Integrated music streaming",
    "Isofix",
    "Keyless central locking",
    "Lane change assist",
    "Leather steering wheel",
    "LED headlights",
    "LED running lights",
    "Light sensor",
    "Lumbar support",
    "Multifunction steering wheel",
    "Navigation system",
    "Non-smoker vehicle",
    "On-board computer",
    "Paddle shifters",
    "Particulate filter",
    "Passenger seat Isofix point",
    "Power Steering",
    "Rain sensor",
    "Ski bag",
    "Sound system",
    "Speed limit control system",
    "Sport seats",
    "Sports package",
    "Sports suspension",
    "Start-stop system",
    "Summer tyres",
    "Tinted windows",
    "Touchscreen",
    "Traction control",
    "Traffic sign recognition",
    "Tuner/radio",
    "Tyre pressure monitoring",
    "USB port",
    "Voice control",
    "Warranty",
    "WLAN / Wi-Fi hotspot"
  ]
},
{
  "title": "BMW M3 Competition Limousine M Sport HUD ACC RFK LM",
  "previewImage": "https://img.classistatic.de/api/v1/mo-prod/images/d8/d84815fe-d28f-4a3a-b7cb-aabb43be1642?rule=mo-1600.jpg",
  "category": "Limousine",
  "brand": "BMW",
  "model": "M3",
  "url": "https://suchen.mobile.de/fahrzeuge/details.html?id=433759110",
  "price.total.amount": 91750,
  "priceRating": {
    "rating": "Good price",
    "priceRanges": {
      "Very good price": {
        "start": 65601,
        "end": 85300
      },
      "Good price": {
        "start": 85301,
        "end": 91800
      },
      "Fair price": {
        "start": 91801,
        "end": 102100
      },
      "Increased price": {
        "start": 102101,
        "end": 109600
      },
      "High price": {
        "start": 109601,
        "end": 121800
      }
    }
  },
  "description": "Leasingbeispiel\n\nMtl. Leasingrate: 1.554,12 EUR inkl. MwSt.\nAnschaffungspreis 91.750,00 EUR\nSonderzahlung: 0,00 EUR\nLaufleistung p.a. 10.000km\nLaufzeit 36 Monate\nSollzinssatz p.a.: 5,80% (gebunden für die gesamte Vertragslaufzeit)\nEffektiver Jahreszins 5,96%\nGesamtbetrag 55.948,32 EUR\nEin unverbindliches Leasingbeispiel der BMW Bank GmbH, Lilienthalallee 26, 80939 München.\n\n\nAntrieb, Fahrwerk\nAdaptives M Fahrwerk\nBremsanlage: Compound - M Bremssystem (Bremssättel Schwarz)\nM Drive Professional\nM Sportdifferential\nSportfahrwerk\n\nEditionen und Pakete\nAblagenpaket\nConnectedDrive Services (laufzeitgebundener Dienst)\nConnectedPackage Professional (laufzeitgebundener Dienst)\nInnovations-Paket\n\nFahrerassistenz\nFahrassistenz-System: Driving Assistant Professional\nGesetzlicher Notruf\nPark Distance Control (PDC)\nParkassistent-Paket\nRückfahrkamera\nSpurverlassenswarnung\nSpurwechselwarnung\nTeleServices\n\nIndividualumfänge\nBMW Individual Hochglanz Shadow Line\nBMW Individual Hochglanz Shadow Line mit erweiterten Umfängen\nDachhimmel Individual anthrazit\n\nKomfort, Innenausstattung\nAbstandsregeltempomat\nDurchladesystem\nEinparkhilfe Sensoren vorne\nFensterheber, elektrisch\nFondkopfstützen klappbar\nFunkfernbedienung\nGalvanikapplikation für Bedienelemente\nInnen- und Aussenspiegel automatisch abblendend\nInterieurleisten schwarz hochglaenzend\nKeyless Entry\nKlimaautomatic\nKomfortzugang (Öffnungs- und Schließsystem)\nLeder\nLederlenkrad\nLenkrad heizbar\nLordose\nLordosenstuetze fuer Fahrer und Beifahrer\nM Sportsitze\nMultifunktionslenkrad\nSitzheizung\nSitzheizung fuer Fahrer und Beifahrer\nSitzverstellung, elektrisch mit Memory\nSonnenschutzverglasung (hinten abgedunkelt)\nSportsitze\nSpurhalteassistent\nZentralverriegelung\n\nMultimedia\nBluetooth\nBMW Live Cockpit Professional\nBordcomputer\nDAB Tuner\nFreisprecheinrichtung\nSound-System Harman-Kardon\nTelefon\nUSB Schnittstelle\n\nRäder\nLM-Felgen vorn/hinten: 9,5x19 / 10,5x20 (Doppelspeichen 826 M, Bicolor, Schwarz)\nRadschraubensicherung\nReifen-Reparaturset (Mobility-Pack)\n\nSitzbezug\nLeder Merino Silverstone/Schwarz\n\nSonstiges\nAbgasnorm EU6 RDE II\nAblage für Wireless Charging\nAblage für Wireless Charging \nAblagenpaket\nActive Guard\nActive Protection\nAdaptives M Fahrwerk\nAktiver Fußgängerschutz\nAlarmanlage\nBlow by-Heizer\nBMW Curved Display\nBMW Laserlicht\nBMW Live Cockpit Professional\nCO2-Umfang\nCOC Zusatzumfänge\nConnected Package Professional\nConnectedDrive Services\nControl-Display mit Farbmonitor (14,9 Zoll)\nDAB-Tuner\nDeaktivierung Beifahrerairbag\nDekodierung Zusatzfunktionen\nDeutsch / Bordliteratur\nDeutschland-Ausfuehrung\nDriving Assistant Professional\nElektrisch verstellbare Spiegel\nEU spezifische Umfänge\nEU-spezifische Zusatzumfaenge\nFahrassistenz-System: aktiver Spurhalteassistent\nFahrassistenz-System: Ampel-Erkennung\nFahrassistenz-System: Ausweich-Assistent\nFahrassistenz-System: Driving Assistant\nFahrassistenz-System: Falschfahrwarnung\nFahrassistenz-System: Frontkollisionswarnung\nFahrassistenz-System: Heckaufprall-Vermeidung (Prävention Heckkollision)\nFahrassistenz-System: Kreuzungs-Assistent\nFahrassistenz-System: Querverkehrs-Assistent\nFahrassistenz-System: Rückfahr-Assistent\nFahrassistenz-System: Spurwechselassistent\nFahrassistenz-System: Spurwechsel-Warnsystem\nFernlichtassistent\nFondkopfstützen klappbar\nGalvanikapplikation für Bedienelemente\nGeschwindigkeits-Regelanlage, Aktiv mit Stop&Go-Funktion\nGesetzlicher Notruf\nHarman Kardon Surround Sound System\nInnen- und Außenspiegelpaket\nInnenspiegel automatisch abblendend\nInnovationspaket\nInterieurleisten schwarz hochglänzend\nInterne Steuerung\nKältemittel\nKBA 7909 ACV\nKilometertacho\nKlimaautomatik\nKomfortzugang\nLenkradheizung\nLM Räder\nLordosenstütze für Fahrer und Beifahrer\nM Compound-Bremse, schwarz hochglänzend\nM Dachhimmel anthrazit\nM Drive Professional\nM Hochglanz Shadow Line\nM Hochglanz Shadow Line mit erweiterten Umfängen\nM Sportdifferenzial\nM Sportsitze\nMetallic-Lackierung\nMüdigkeitswarnsystem\nNotrufsystem\nÖlwartungsintervall 24 Monate/30.000 km\nÖlwartungsintervall 30000 km / 24 Monate\nParking Assistant\nRadschraubensicherung\nReifendruck-Kontrolle\nReifendruckkontrollsystem\nReifenreparatur Set\nRückfahrkamera\nSitzheizung für Fahrer und Beifahrer\nSitzverstellung, elektrisch mit Memory für Fahrersitz\nSonnenschutzverglasung\nSteuerung D\nSteuerung EfficientDynamics\nSteuerung FAS 18\nSteuerung G\nSteuerung Infotainment\nSteuerung Karosserie\nTeleservices\n\nUmwelt, Sicherheit\nAbgasnorm EU6 RDE II\nABS\nAktiver Fussgängerschutz\nAlarmanlage\nAuto Start/Stop Funktion \nBeifahrerairbag\nBeifahrerairbag-Deaktivierung\nDiebstahlwarnanlage\nESP\nFahrassistenz-System: Fernlichtassistent\nFahrerairbag\nInnenspiegel, automatisch abblendend\nKindersitzbefestigung ISOFIX\nKopfairbag\nLED-Scheinwerfer\nNotbremsassistent\nPASM\nRegensensor\nReifen Druck Control\nScheinwerfer Laserlicht\nSeitenairbag\nSicherheitssystem Active Protection\nTraction Control\n* WaIrrtümer und Zwischenverkauf vorbehalten.",
  "dealerDetails": {
    "id": 37416651,
    "name": "Procar Automobile Wuppertal GmbH & Co. KG",
    "sellerType": "Dealer",
    "phones": [
      "+49 (0)2051 423698837"
    ],
    "languages": [
      "Deutsch"
    ],
    "country": "DE",
    "address": "Kopernikusstr. 6, DE-42549 Velbert",
    "location": {
      "latitude": 51.3492846,
      "longitude": 7.0249279
    },
    "activeSince": "2001-04-27T00:00:00.000Z",
    "homepageUrl": "https://home.mobile.de/home/redirect.html?customerId=37416651",
    "iconUrl": "https://img.classistatic.de/api/v1/mo-prod/images/34/34617e6b-9382-43c7-becb-dd844a4ae74c?rule=mo-640.jpg",
    "reviewPageUrl": "https://www.mobile.de/bewertungen/PROCARAUTOMOBILEWUPPERTALGMBHCOKGVELBERT?lang=en",
    "score": {
      "total": 4.8,
      "responseTime": 4.8,
      "friendliness": 4.9,
      "advice": 4.7
    },
    "activeRatingCount": 23,
    "vehicleAsDescribedPercentage": 91,
    "recommendPercentage": 89,
    "soldVehicleCount": null,
    "reviews": []
  },
  "attributes": {
    "Vehicle condition": "Used vehicle",
    "Category": "Saloon, Employee's Car",
    "Model range": "G80",
    "Trim line": "Limousine M Sport HUD ACC RFK LM",
    "Vehicle Number": "460346-B",
    "Availability": "Now",
    "Origin": "German edition",
    "Mileage": "3,700 km",
    "Cubic Capacity": "2,993 ccm",
    "Power": "375 kW (510 hp)",
    "Drive type": "Internal combustion engine",
    "Fuel": "Petrol",
    "Number of Seats": "5",
    "Door Count": "4/5",
    "Transmission": "Automatic",
    "Emission Class": "Euro6d",
    "Emissions Sticker": "4 (Green)",
    "First Registration": "09/2024",
    "Construction Year": "2024",
    "Number of Vehicle Owners": "1",
    "HU": "New",
    "Climatisation": "Automatic climatisation, 3 zones",
    "Parking sensors": "Camera, Rear, Front, Self-steering systems",
    "Airbags": "Front and Side and More Airbags",
    "Colour (Manufacturer)": "M Brooklyn Grau metallic",
    "Colour": "Grey Metallic",
    "Interior Design": "Full leather, Black",
    "Weight": "1,805 kg",
    "Tank capacity": "59 l"
  },
  "features": [
    "ABS",
    "Adaptive cornering lights",
    "Adaptive Cruise Control",
    "Alarm system",
    "Alloy wheels",
    "Ambient lighting",
    "Android Auto",
    "Apple CarPlay",
    "Arm rest",
    "Autom. dimming interior mirror",
    "Blind spot assist",
    "Bluetooth",
    "Central locking",
    "DAB radio",
    "Digital cockpit",
    "Distance warning system",
    "Dynamic chassis control",
    "Electric seat adjustment",
    "Electric side mirror",
    "Electric windows",
    "Eletric seat adjustment with memory function",
    "Emergency brake assist",
    "Emergency call system",
    "ESP",
    "Fatigue warning system",
    "Folding exterior mirrors",
    "Full Service History",
    "Glare-free high beam headlights",
    "Hands-free kit",
    "Head-up display",
    "Heated seats",
    "Heated steering wheel",
    "High beam assist",
    "Hill-start assist",
    "Immobilizer",
    "Induction charging for smartphones",
    "Integrated music streaming",
    "Isofix",
    "Keyless central locking",
    "Lane change assist",
    "Laser headlights",
    "Leather steering wheel",
    "LED running lights",
    "Light sensor",
    "Lumbar support",
    "Multifunction steering wheel",
    "Navigation system",
    "Non-smoker vehicle",
    "On-board computer",
    "Paddle shifters",
    "Particulate filter",
    "Power Steering",
    "Rain sensor",
    "Rear traffic alert",
    "Rear wheel drive",
    "Sound system",
    "Speed limit control system",
    "Sport seats",
    "Sports package",
    "Sports suspension",
    "Start-stop system",
    "Summer tyres",
    "Tinted windows",
    "Touchscreen",
    "Traction control",
    "Traffic sign recognition",
    "Tuner/radio",
    "Tyre pressure monitoring",
    "USB port",
    "Voice control",
    "Warranty"
  ]
},
{
  "title": "BMW M3 xDrive Competition M Driver's + Cabon + Race ",
  "previewImage": "https://img.classistatic.de/api/v1/mo-prod/images/9e/9eede3ab-5b75-4e8a-bd28-5b847a430fd8?rule=mo-1600.jpg",
  "category": "Limousine",
  "brand": "BMW",
  "model": "M3",
  "url": "https://suchen.mobile.de/fahrzeuge/details.html?id=431206827",
  "price.total.amount": 91490,
  "priceRating": {
    "rating": "Fair price",
    "priceRanges": {
      "Very good price": {
        "start": 65201,
        "end": 84800
      },
      "Good price": {
        "start": 84801,
        "end": 91300
      },
      "Fair price": {
        "start": 91301,
        "end": 101600
      },
      "Increased price": {
        "start": 101601,
        "end": 109000
      },
      "High price": {
        "start": 109001,
        "end": 121200
      }
    }
  },
  "description": "Getriebe: Automatik\nTechnik: Allrad, Bordcomputer, Sperrdifferential, Adaptives Daempfungssystem, Partikelfilter, Start-Stop-Automatik, Volldigitales Kombiinstrument\nAssistenten: Müdigkeitserkennung, Verkehrszeichenerkennung, Park-Lenk-Assistent, Regensensor, Fernlichtassistent, Lichtsensor, Notbremsassistent, Spurhalteassistent, Spurwechselassistent, Abstandsregeltempomat, Ausparkassistent, Abstands-/Kollisionswarner\nKomfort: Klimaautomatik, Servolenkung, Zentralverriegelung, Elektrischer Fensterheber, Lederausstattung, Sitzheizung, Elektrische Aussenspiegel, Tempomat, Multifunktionslenkrad, Keyless Go Startfunktion, Elektrische Sitze, Innenspiegel autom. abblendbar, Mittelarmlehne, Innenraumfilter, Lenksaeule einstellbar, Sportsitze, ParkDistanceControl vorne und hinten, Elektrische Heckklappe, Keyless Entry, Memory Sitze, Ambientebeleuchtung, Lordosenstütze, Lederlenkrad, Sitzheizung hinten, Geschwindigkeitsbegrenzungsanlage, Klimaautomatik-3-Zonen, Funkfernbedienung\nSicht: Laserlicht, LED-Hauptscheinwerfer, adaptives Kurvenlicht, Blendfreies Fernlicht, LED-Tagfahrlicht, 360 Grad Kamera, LED-Rueckleuchten, Scheinwerferregulierung, Colorverglasung, Aussenspiegel beheizbar, Privacyverglasung\nSicherheit: ABS, Airbag, Beifahrer-Airbag, Wegfahrsperre, Seitenairbags, Alarmanlage, ESP, Reifendruckkontrolle, Traktionskontrolle, Kopfairbag, Knieairbag, Kindersitzbefestigung, Notrufsystem\nEntertainment: Navigationssystem, Soundsystem, Radio, Telefonvorbereitung, USB-Anschluss, MP3, Harman-Kardon, Bluetooth, Freisprecheinrichtung, Sprachsteuerung, DAB, WLAN, Touchscreen, Induktionsladen für Smartphones, Musikstreaming\nUmwelt: Abgasnorm Euro 6D\nSonstiges: Katalysator, Metallic, Alufelgen, Sportpaket, Sportfahrwerk, Elektrische Parkbremse, Fahrerprofilauswahl\nWeiteres: Das Fahrzeug wird im Kundenauftrag verkauft ! Antriebsart: Allradantrieb, Scheibenwischer mit Regensensor, Scheinwerfer LED, Isofix-Aufnahmen für Kindersitz an Rücksitz, Knieairbag Fahrerseite, Heckleuchten LED, Ambiente-Beleuchtung, Alarmanlage, Leuchtweitenregelung, Multifunktion für Lenkrad, Lenksäule (Lenkrad) mechan. verstellbar, Wärme-/Sonnenschutzverglasung kombiniert (hinten abgedunkelt), Park-Distance-Control (PDC) vorn und hinten, Klimaautomatik 3-Zonen mit autom. Umluft-Control, Schadstoffarm nach Abgasnorm Euro 6d, M Drive Professional (Fahrprofilauswahl), Aktives M Differential, Adaptives Fahrwerk M-Technic, Einstiegsleisten mit Einleger in Aluminium mit Schriftzug M, Sitze vorn elektr. verstellbar (mit Memory), Spiegel-Paket, Geschwindigkeits-Regelanlage, Aktiv mit Stop&Go-Funktion, Sonnenschutzverglasung (hinten abgedunkelt), Scheinwerfer Laserlicht, Komfortzugang (Öffnungs- und Schließsystem), LM-Felgen, Sitzbezug / Polsterung: Voll-Leder Merino, Bicolor, Control-Display mit Farbmonitor (14,9 Zoll), M Race Track Paket, Parkassistent-Paket Plus, Airbag Fahrer-/Beifahrerseite, Anti-Blockier-System (ABS), Seitenairbag vorn, Start-Stop-Knopf, Außenspiegel elektr. verstell- und heizbar, Fensterheber el., Kopf-Airbag-System hinten, Kopf-Airbag-System vorn, Wegfahrsperre, Reifenpannen-Anzeige, Dynamische Stabilitäts-Control (DSC) mit erweiterter Umfang, Freisprecheinrichtung Bluetooth mit USB-/Audio-Schnittstelle, Service-System: Intelligenter Notruf inkl. TeleServices, Metallic-Lackierung, Rückfahrkamera (Top View), BMW Live Cockpit Professional, M Schalensitze Carbon, 12V-Steckdose, Ablage-Paket, Active Guard (Bremsassistent), aktiver Spurhalteassistent, Ampel-Erkennung, Antriebsart: xDrive (Allrad), Aufmerksamkeits-Assistent, Außenausstattung: Shadow-Line Hochglanz (erweiterter Umfang), Außenspiegel elektr. anklappbar, Außenspiegel mit Abblendautomatik, Außenspiegel rechts mit Bordsteinautomatik, Ausstattungs-Paket: Connected Professional, Ausweich-Assistent, Automatik - mit Steptronic und Drivelogic (8-Stufen), Beifahrerairbag abschaltbar, Blinkleuchte in Außenspiegel integriert, BMW Curved Display, Competition, DAB-Tuner (Radioempfang digital), Dachhimmel Anthrazit, Diebstahl-Warnanlage, Driving Assistant, Driving Assistant Professional, Durchladeeinrichtung, Exterieur-Paket M Carbon, Falschfahrwarnung, Fernlichtassistent, Frontkollisionswarnung, Geschwindigkeits-Begrenzeranlage (Speed Limit Device), Getränkehalter, Heckaufprall-Vermeidung (Prävention Heckkollision), Heckklappenbetätigung automatisch, Induktionsladeschale für Smartphone, Innenspiegel mit Abblendautomatik, Innovations-Paket, Interieurleisten Carbon, Kennzeichenbeleuchtung LED, Kopfstützen hinten klappbar, Kreuzungs-Assistent, Leder-Lenkrad M-Technic, Lendenwirbelstützen elektr. verstellbar, Lenksäule elektr. verstellbar, M Drive (Fa* Int.KnNr: FS75776\nÄnderungen, Zwischenverkauf und Irrtümer vorbehalten. \n\nBMW Gebraucht. Garantiert. Besonders.\nErleben Sie höchste Qualität – mit Vertrauen.\nGeprüfte Premium-Gebrauchtwagen\n24 Monate BMW& MINI Gebrauchtwagen-Garantie\nUmfassender Technik- & Qualitätscheck\nFinanzierung & Inzahlungnahme möglich\nSofort verfügbar – direkt vom BMW& MINI Partner\nDieses Fahrzeug wurde mit größter Sorgfalt geprüft und befindet sich in technisch exzellentem Zustand. Als autorisierter BMW und MINI Partner bieten wir Ihnen nicht nur Qualität, sondern auch Sicherheit und Service auf höchstem Niveau.\nVereinbaren Sie Ihre Probefahrt jetzt. Wir freuen uns auf Sie!\nVielen lieben Dank und ich freue mich auf euer Feedback.\n\nquality by do",
  "dealerDetails": {
    "id": 461443,
    "name": "Vogelsang Automobile  GmbH & Co.KG",
    "sellerType": "Dealer",
    "phones": [
      "+49 (0)2361 890709855"
    ],
    "languages": [
      "Deutsch",
      "English"
    ],
    "country": "DE",
    "address": "Rottstrasse 118, DE-45659 Recklinghausen",
    "location": {
      "latitude": 51.6019965,
      "longitude": 7.1811263
    },
    "activeSince": "2004-11-05T00:00:00.000Z",
    "homepageUrl": "https://home.mobile.de/home/redirect.html?customerId=461443",
    "iconUrl": null,
    "reviewPageUrl": "https://www.mobile.de/bewertungen/VOGELSANG-AUTOMOBILE?lang=en",
    "score": {
      "total": 4.9,
      "responseTime": 5,
      "friendliness": 5,
      "advice": 4.8
    },
    "activeRatingCount": 5,
    "vehicleAsDescribedPercentage": 100,
    "recommendPercentage": 100,
    "soldVehicleCount": null,
    "reviews": []
  },
  "attributes": {
    "Vehicle condition": "Used vehicle",
    "Category": "Saloon",
    "Trim line": "m3",
    "Vehicle Number": "FS75776",
    "Availability": "Now",
    "Origin": "German edition",
    "Mileage": "2,989 km",
    "Cubic Capacity": "2,993 ccm",
    "Power": "375 kW (510 hp)",
    "Drive type": "Internal combustion engine",
    "Fuel": "Petrol",
    "CO₂ class": "Based on CO₂ emissions (combined)",
    "Fuel consumption": [
      "10.1 l/100km (combined)",
      "15.6 l/100km (city)",
      "10.1 l/100km (suburban)",
      "8.6 l/100km (country road)",
      "9.5 l/100km (motorway)"
    ],
    "Energy costs for 15,000 km annual mileage": "€2,721/Year",
    "Fuel price": "€1.80/l (annual average 2024)",
    "Possible CO₂ costs over the next 10 years (15,000 km/year)": [
      "€4,382 (assuming an average CO₂ price of €127/t)",
      "€2,070 (assuming a low average CO₂ price of €60/t)",
      "€6,900 (assuming a high average CO₂ price of €200/t)"
    ],
    "Vehicle tax": "€460/Year",
    "Number of Seats": "5",
    "Door Count": "4/5",
    "Transmission": "Automatic",
    "Emission Class": "Euro6d",
    "Emissions Sticker": "1 (None)",
    "First Registration": "02/2024",
    "Construction Year": "2024",
    "Number of Vehicle Owners": "1",
    "HU": "02/2027",
    "Climatisation": "Automatic climatisation, 3 zones",
    "Parking sensors": "360° camera, Rear, Front, Self-steering systems",
    "Airbags": "Front and Side and More Airbags",
    "Colour (Manufacturer)": "saphirschwarz",
    "Colour": "Black Metallic",
    "Interior Design": "Full leather, Black",
    "Cylinders": "6",
    "Energy consumption (comb.)": "10.1 l/100km",
    "CO₂ emissions (comb.)": "230 g/km"
  },
  "features": [
    "ABS",
    "Adaptive cornering lights",
    "Adaptive Cruise Control",
    "Alarm system",
    "Alloy wheels",
    "Ambient lighting",
    "Arm rest",
    "Autom. dimming interior mirror",
    "Bluetooth",
    "Central locking",
    "DAB radio",
    "Digital cockpit",
    "Distance warning system",
    "Dynamic chassis control",
    "Electric seat adjustment",
    "Electric side mirror",
    "Electric tailgate",
    "Electric windows",
    "Eletric seat adjustment with memory function",
    "Emergency brake assist",
    "Emergency call system",
    "ESP",
    "Fatigue warning system",
    "Folding exterior mirrors",
    "Four-wheel drive",
    "Glare-free high beam headlights",
    "Hands-free kit",
    "Heated rear seats",
    "Heated seats",
    "High beam assist",
    "Immobilizer",
    "Induction charging for smartphones",
    "Integrated music streaming",
    "Isofix",
    "Keyless central locking",
    "Lane change assist",
    "Laser headlights",
    "Leather steering wheel",
    "LED running lights",
    "Light sensor",
    "Lumbar support",
    "Multifunction steering wheel",
    "Navigation system",
    "On-board computer",
    "Particulate filter",
    "Power Steering",
    "Rain sensor",
    "Rear traffic alert",
    "Sound system",
    "Speed limit control system",
    "Sport seats",
    "Sports package",
    "Sports suspension",
    "Start-stop system",
    "Tinted windows",
    "Touchscreen",
    "Traction control",
    "Traffic sign recognition",
    "Tuner/radio",
    "Tyre pressure monitoring",
    "USB port",
    "Voice control",
    "WLAN / Wi-Fi hotspot"
  ]
},
{
  "title": "BMW M3 Competition Touring FROZEN TANSANIT HeadUp AC",
  "previewImage": "https://img.classistatic.de/api/v1/mo-prod/images/1a/1aeeb31f-4ac0-4e51-ad86-1b31f8a14653?rule=mo-1600.jpg",
  "category": "EstateCar",
  "brand": "BMW",
  "model": "M3",
  "url": "https://suchen.mobile.de/fahrzeuge/details.html?id=425452449",
  "price.total.amount": 91750,
  "priceRating": {
    "rating": "Good price",
    "priceRanges": {
      "Very good price": {
        "start": 65901,
        "end": 85600
      },
      "Good price": {
        "start": 85601,
        "end": 92200
      },
      "Fair price": {
        "start": 92201,
        "end": 102600
      },
      "Increased price": {
        "start": 102601,
        "end": 110100
      },
      "High price": {
        "start": 110101,
        "end": 122300
      }
    }
  },
  "description": "Antrieb, Fahrwerk\nAdaptives M Fahrwerk\nAllrad\nBremsanlage: Compound - M Bremssystem (Bremssättel Rot)\nM Drive Professional\nM Sportdifferenzial\nSportfahrwerk\n\nAußenausstattung\nDachreling Hochglanz Shadow-Line\nHeckklappenbetätigung automatisch\nLM-Felgen\nSonnenschutzverglasung (hinten abgedunkelt)\n\nEditionen und Pakete\nAblagenpaket\nConnected Package Professional (laufzeitgebundener Dienst)\nConnectedDrive Services (laufzeitgebundener Dienst)\nGepäckraum-Paket\nInnovations-Paket (2)\n\nExterieur\nDach und Spiegelkappen schwarz\nDachreling\nElektrische Gepäckraumklappe\n\nFahrerassistenz\nFahrassistenz-System: Driving Assistant Professional\nGesetzlicher Notruf\nHead-Up Display\nParkassistent-Paket Plus\nRückfahrkamera\nSpurverlassenswarnung\nSpurwechselwarnung\nTeleservices\n\nIndividualumfänge\nM Dachreling Hochglanz Shadow Line\nM Hochglanz Shadow Line\nM Hochglanz Shadow Line mit erweiterten Umfängen\n\nKomfort, Innenausstattung\nAbstandsregeltempomat\nAmbiente-Beleuchtung\nAußenspiegel elektr. anklappbar\nBMW Live Cockpit Professional\nDurchladeeinrichtung (Mittelarmlehne hinten)\nDurchladesystem\nEinparkhilfe selbstlenkendes System\nFensterheber elektrisch vorn + hinten\nFensterheber, elektrisch\nFondkopfstützen klappbar\nFreisprecheinrichtung Bluetooth mit USB-/Audio-Schnittstelle\nGalvanikapplikation für Bedienelemente\nGepäckraum-Abtrennung (Netz)\nGeschwindigkeits-Regelanlage mit Bremsfunktion\nHead-up-Display Full Color\nInduktionsladeschale für Smartphone (Wireless Charging)\nInnen- und Außenspiegelpaket\nInnenausstattung: Interieurleisten Carbon\nInnenspiegel mit Abblendautomatik\nIsofix-Aufnahmen für Kindersitz\nKeyless Entry\nKlimaautomatik\nKlimaautomatik 3-Zonen mit autom. Umluft-Control\nKomfortzugang (Öffnungs- und Schließsystem)\nLeder\nLederlenkrad\nLendenwirbelstütze Sitz vorn links und rechts, elektr. verstellbar\nLenkrad (Leder) mit Multifunktion M-Technic\nLicht- und Regensensor\nLordose\nLordosenstütze für Fahrer und Beifahrer\nM Sicherheitsgurte\nM Sportsitze\nMultifunktion für Lenkrad\nMultifunktionslenkrad\nRadioempfang digital (DAB+)\nScheibenwischer mit Regensensor\nService-System: Augmented Reality für Navigation\nSitzheizung für Fahrer und Beifahrer\nSitzverstellung elektrisch mit Memory für Fahrersitz\nSonnenschutzverglasung\nSportsitze\nSpurhalteassistent\nTempomat\nZentralverriegelung\n\nMultimedia\nBluetooth\nBMW Live Cockpit Professional (laufzeitgebundener Dienst)\nDAB Tuner\nFreisprecheinrichtung\nHarman Kardon Surround Sound System\nNavigationssystem\nRadio\nTelefon\nUSB Schnittstelle\n\nRäder\n19\"/20\" M Schmiederäder Doppelspeiche 826 M Schwarz / MB\nRadschraubensicherung\nReifenreparatur Set\n\nSitzbezug\nBMW Individual erweiterte Lederausstattung 'Merino' Fionarot/Schwarz (SW)\n\nSonstiges\nAblage für Wireless Charging\nActive Guard\nActive Protection\nAdaptiver LED-Scheinwerfer\nBlow by-Heizer\nBMW Digital Key\nDekodierung Zusatzfunktionen\nDeutsch / Bordliteratur\nDeutschland-Ausfuehrung\nDriving Assistant Professional\nElektrisch verstellbare Spiegel\nEU-spezifische Zusatzumfaenge\nFahrassistenz-System: aktiver Spurhalteassistent\nFahrassistenz-System: Ampel-Erkennung\nFahrassistenz-System: Ausweich-Assistent\nFahrassistenz-System: Einparkhilfe Seite\nFahrassistenz-System: Falschfahrwarnung\nFahrassistenz-System: Frontkollisionswarnung\nFahrassistenz-System: Heckaufprall-Vermeidung (Prävention Heckkollision)\nFahrassistenz-System: Kreuzungs-Assistent\nFahrassistenz-System: Park-Assistent\nFahrassistenz-System: Querverkehrs-Assistent\nFahrassistenz-System: Rückfahr-Assistent\nFahrassistenz-System: Rückfahrhilfe Notbremsfunktion (Active PDC)\nFahrassistenz-System: Spurwechselassistent\nFahrassistenz-System: Spurwechsel-Warnsystem\nFernlichtassistent\nGepäckraumpaket\nGeschwindigkeits-Regelanlage, Aktiv mit Stop&Go-Funktion\nInduktionsladen für Smartphones\nInnovationspaket\nKaeltemittel\nKilometertacho\nKomfortzugang\nM Compound-Bremse, rot hochglänzend\nM Interieurleisten 'Carbon Fibre'\nÖlwartungsintervall 24 Monate/30.000 km\nParking Assistant Plus\nPersonal eSIM\nReifendruckkontrollsystem\nRückfahrkamera\nRückfahrkamera (Top View)\nService-System: Remote 3D View\nSteuerung EfficientDynamics\nSteuerung Infotainment\nSteuerung Karosserie\nSurround-Kamerasystem (Surround View)\n\nUmwelt, Sicherheit\nAbgasnorm EU6 RDE II\nABS\nAktiver Fußgängerschutz\nAlarmanlage mit Fernbedienung\nAuto Start/Stop Funktion \nBeifahrerairbag\nBeifahrerairbag-Deaktivierung\nESP\nFahrassistenz-System: Fernlichtassistent\nFahrerairbag\nInnenspiegel automatisch abblendend\nKindersitzbefestigung ISOFIX\nKopfairbag\nLED-Scheinwerfer\nLichtsensor\nNotbremsassistent\nPASM\nRegensensor\nReifendruck-Kontrolle\nScheinwerfer LED mit adaptiver Lichtverteilung\nSeitenairbag\nSicherheitssystem Active Protection\nTraction Control\nWarndreieck\n\nBMW Premium Selection Garantie bis September 2029 inkl. Vorbesitz BMW AG Direktionsfahrzeug BMW Individual Sonderlackierung FROZEN TANZANITE BLUE X1G ehem. UPE: 118.640,00 inkl. Mwst. Irrtümer und Zwischenverkauf vorbehalten.",
  "dealerDetails": {
    "id": 456454,
    "name": "Autohaus Praller GmbH",
    "sellerType": "Dealer",
    "phones": [
      "+49 (0)9498 588983119"
    ],
    "languages": [
      "Deutsch",
      "English"
    ],
    "country": "DE",
    "address": "Regensburger Str. 35, DE-93180 Deuerling",
    "location": {
      "latitude": 49.0371467,
      "longitude": 11.9042841
    },
    "activeSince": "2002-07-17T00:00:00.000Z",
    "homepageUrl": "https://home.mobile.de/home/redirect.html?customerId=456454",
    "iconUrl": "https://img.classistatic.de/api/v1/mo-prod/images/5a/5adfb1fb-bb7e-449a-a133-0d97ad9ae5a4?rule=mo-640.jpg",
    "reviewPageUrl": "https://www.mobile.de/bewertungen/AH-PRALLER?lang=en",
    "score": {
      "total": 4.7,
      "responseTime": 4.6,
      "friendliness": 5,
      "advice": 4.5
    },
    "activeRatingCount": 8,
    "vehicleAsDescribedPercentage": 85,
    "recommendPercentage": 100,
    "soldVehicleCount": null,
    "reviews": []
  },
  "attributes": {
    "Vehicle condition": "Used vehicle, Accident-free",
    "Category": "Estate car, Employee's Car",
    "Model range": "G81",
    "Trim line": "Touring FROZEN TANSANIT HeadUp ACC Carbon HarmanKardon…",
    "Vehicle Number": "B00448023031",
    "Availability": "Now",
    "Mileage": "14,850 km",
    "Cubic Capacity": "2,993 ccm",
    "Power": "390 kW (530 hp)",
    "Drive type": "Internal combustion engine",
    "Fuel": "Petrol, E10-enabled",
    "Number of Seats": "5",
    "Door Count": "4/5",
    "Transmission": "Automatic",
    "Emission Class": "Euro6",
    "Emissions Sticker": "4 (Green)",
    "First Registration": "09/2024",
    "Construction Year": "2024",
    "Number of Vehicle Owners": "1",
    "HU": "09/2027",
    "Climatisation": "Automatic climatisation, 3 zones",
    "Parking sensors": "Self-steering systems, Front, 360° camera, Rear",
    "Airbags": "Front and Side and More Airbags",
    "Colour (Manufacturer)": "Sonderlackierung frozen tansanit",
    "Colour": "Blue Metallic Matte",
    "Interior Design": "Full leather, Red",
    "Weight": "1,940 kg",
    "Cylinders": "6",
    "Tank capacity": "59 l"
  },
  "features": [
    "ABS",
    "Adaptive cornering lights",
    "Adaptive Cruise Control",
    "Alarm system",
    "Alloy wheels",
    "Ambient lighting",
    "Android Auto",
    "Apple CarPlay",
    "Arm rest",
    "Autom. dimming interior mirror",
    "Blind spot assist",
    "Bluetooth",
    "Cargo barrier",
    "Central locking",
    "DAB radio",
    "Digital cockpit",
    "Distance warning system",
    "Dynamic chassis control",
    "Electric seat adjustment",
    "Electric side mirror",
    "Electric tailgate",
    "Electric windows",
    "Eletric seat adjustment with memory function",
    "Emergency brake assist",
    "Emergency call system",
    "ESP",
    "Folding exterior mirrors",
    "Four-wheel drive",
    "Full Service History",
    "Glare-free high beam headlights",
    "Hands-free kit",
    "Head-up display",
    "Heated seats",
    "High beam assist",
    "Hill-start assist",
    "Immobilizer",
    "Induction charging for smartphones",
    "Integrated music streaming",
    "Isofix",
    "Keyless central locking",
    "Lane change assist",
    "Leather steering wheel",
    "LED headlights",
    "LED running lights",
    "Light sensor",
    "Lumbar support",
    "Multifunction steering wheel",
    "Navigation system",
    "Non-smoker vehicle",
    "On-board computer",
    "Paddle shifters",
    "Particulate filter",
    "Power Steering",
    "Rain sensor",
    "Roof rack",
    "Sound system",
    "Speed limit control system",
    "Sport seats",
    "Sports package",
    "Sports suspension",
    "Start-stop system",
    "Summer tyres",
    "Tinted windows",
    "Touchscreen",
    "Traction control",
    "Traffic sign recognition",
    "Tuner/radio",
    "Tyre pressure monitoring",
    "USB port",
    "Voice control",
    "Warranty",
    "WLAN / Wi-Fi hotspot"
  ]
},
{
  "title": "BMW M3 Touring LCI (Facelift) Bestellaktion individu",
  "previewImage": "https://img.classistatic.de/api/v1/mo-prod/images/1e/1eb71c61-3e9f-4e70-9b1e-b2fb2afe50ed?rule=mo-1600.jpg",
  "category": "EstateCar",
  "brand": "BMW",
  "model": "M3",
  "url": "https://suchen.mobile.de/fahrzeuge/details.html?id=393633160",
  "price.total.amount": 91840,
  "priceRating": {
    "rating": "Good price",
    "priceRanges": {
      "Very good price": {
        "start": 70301,
        "end": 91400
      },
      "Good price": {
        "start": 91401,
        "end": 98400
      },
      "Fair price": {
        "start": 98401,
        "end": 109400
      },
      "Increased price": {
        "start": 109401,
        "end": 117500
      },
      "High price": {
        "start": 117501,
        "end": 130500
      }
    }
  },
  "description": "Der neue BMW M3 Touring LCI - ab sofort verfügbar*\n\nUnverbindliche Preisempfehlung des Herstellers: 106.300€ \nAktionspreis zzgl. 990€ Bereitstellungskosten\nFahrzeug nach individuellen Wünschen Konfigurierbar (Farbe, Ausstattung etc.) \nLieferzeit ca. 3 Monate ab Bestellung\nGerne erstellen Wir Ihnen ein individuelles Leasing- oder Finanzierungsangebot\n\n\nIhr persönlicher Ansprechpartner: Tim Ordnung / E-Mail: tim.ordnung@bmw-ehrl.com / Tel.: 0345-51645921 Zusätzliche Sonderkonditionen sind möglich für:\n\nInhaber von Schwerbehindertenausweisen (ab 50%) bzw. deren Familienmitgliedern 1. Grades (bei Neuwagen)\nInhaber von einem gültigen Journalistenausweis (bei Neuwagen)\nausgewählte Handelsvertreter §84 HGB mit Abrufschein der BMW AG\nFlottenkonditionen möglich ab min. 5 Fahrzeugen im Fuhrpark\nfür Gewerbekunden zusätzliche Konditionen möglich \nBei Rückfragen wenden Sie sich bitte an unser Verkaufspersonal\nWir sind auch per WHATSAPP oder per Handy unter 0159-04201755 erreichbar!!!\nGerne erstellen wir Ihnen ein individuelles Finanzierungs- oder Leasingangebot\nInzahlungnahme nach technischer und optischer Prüfung möglich\nIrrtümer und Abverkauf vorbehalten\nBitte vor Besichtigung den Standort des Fahrzeuges erfragen!\nBesuchen Sie unsere Internetseite www.bmw-ehrl.com und lassen Sie sich von weiteren unschlagbaren Angeboten überraschen\nAblagen\nGetränkehalter\n\nAudio\n10 Lautsprecher\nAudio Fernbedienung am Lenkrad\nAudio-Anlage\nMedia-Anschlüsse: USB vorne\n\nBeleuchtung\nHauptscheinwerfer LED\nHauptscheinwerfer Regulierung:, Lichtsensor, Höhenverstellung automatisch\nLED Licht Blinker Abblendlicht Bremslicht Rückleuchten Tagfahrlicht Fernlicht\nTagfahrlicht\n\nBelüftung\nBelüftungssystem mit Pollenfilter und Aktivkohlefilter\nKlimaanlage\n\nBremsen\nABS\nBerganfahrassistent / Auto Hold\nElektronische Handbremse\nEnergie Rückgewinnung\nScheibenbremsen\n\nDach\nDachreling getönt\n\nFahrwerk\nRadaufhängung: Ein-Gelenk-Federbeinachse Mehrlenkerachse, Schrauben\n\nInstrumentierung\nBordcomputer mit Durchschnittskraftstoffverbrauch\nKombi-Instrumente TFT Display\nMulti-Funktions-Monitor\nReifendruckkontrolle mit Druckanzeige und Felgensensor\nVerkehrszeichenerkennung\n\nKarosserie\nSportauspuff\n\nKomfort\n12V Steckdose vorne hinten Gepäck/Laderaum\nbeleuchtete Einstiegszone:\nBluetooth\nEinparkhilfe\nelektr. Sitz-Memory mit Außenspiegelposition\nElektrische Heckklappe\nGeschwindigkeitsbegrenzer\nNavigationssystem Informationsart: 3D und Stimme, Bedienung: Touch Screen, Datenquelle: Internet\nSprachbedienung\nStartknopf\nTelematik 999 Anzahl Monate Vertrag inklusive\n\nKraftübertragung\nAktives Differenzial: Hinten\nAntriebs-Schlupf-Regelung\nSperrdifferential mit begrenztem Schlupf hinten, elektronisch\nStabilitätskontrolle\n\nLenkung\nLenkrad Alu & Leder, Höhenverstellung, Längsverstellung, Multifunktion\nServolenkung geschwindigkeitsabhängig, elektrisch mit variable Übersetzung\n\nMotor\nAufladung Turbo\n\nSicherheit\nAutom. Warnblinker bei starker Bremsung\nCrash Warnsystem, aktiviert Bremslicht, Müdigkeitswarnung, automatische Notbremsung, Bremst bei niedriger Geschwindigkeit\nDreipunkt Sicherheitsgurte hinten Fahrer Beifahrer Mitte\nFahrer Beifahrer Front-Airbag, Deaktivierung für Beifahrerairbag\nFahrer Knie-Airbags\nIsofix Vorbereitung\nKopf-/Dach Airbag: vorn und hinten\nKopfstützen Vordersitze Rücksitze, höhenverstellbar, Anzahl: 2 3, aktiv\nSeiten-Airbag vorne\nSicherheitsgurte vorn Fahrer Beifahrer, Gurtstraffer\n\nSicht\nanklappbare Außenspiegel\nbeheiztes Scheibenwaschsystem\nElektrische Fensterheber vorn hinten Anzahl der Fenster mit Abwärtsautomatik: 2\nFahrer Beifahrer Außenspiegel, elektrisch einstellbar, beheizt, getönt, Fahrtrichtungsanzeige\nHeckscheibe, Gelenkfenster, Scheibenwischer: Intervall\n\nSitzbezug\nLeder Merino schwarz\n\n\nWichtiger Hinweis\n\nWir legen größten Wert auf die sorgfältige und präzise Eingabe unserer Fahrzeugdaten. Dennoch können Fehler in der Datenübermittlung oder Eingabe nie vollständig ausgeschlossen werden. Daher sind alle Angaben in unseren Inseraten als unverbindliche Beschreibungen zu verstehen und stellen keine zugesicherten Eigenschaften im rechtlichen Sinne dar. Irrtümer, Übertragungsfehler sowie ein möglicher Zwischenverkauf bleiben vorbehalten. Um sicherzustellen, dass Ihr Wunschfahrzeug verfügbar ist, bitten wir Sie, vor einer Besichtigung einen Termin mit uns zu vereinbaren.\n\n\n\nFinanzierung oder Leasing? Wir beraten Sie gern!\n\n\n\nBesuchen Sie auch unsere Website www.ehrl-gruppe.de und entdecken Sie viele weitere topaktuelle Angebote, exklusive Aktionen und detaillierte Informationen rund um",
  "dealerDetails": {
    "id": 17507033,
    "name": "Autohaus Ehrl GmbH Halle Zentrum BMW Vertragshändler",
    "sellerType": "Dealer",
    "phones": [
      "+49 (0)345 9639300305"
    ],
    "languages": [
      "Deutsch",
      "English"
    ],
    "country": "DE",
    "address": "Delitzscher Str. 38, DE-06112 Halle (Saale)",
    "location": {
      "latitude": 51.4787842,
      "longitude": 11.9968974
    },
    "activeSince": "2018-01-05T00:00:00.000Z",
    "homepageUrl": "https://home.mobile.de/home/redirect.html?customerId=17507033",
    "iconUrl": null,
    "reviewPageUrl": "https://www.mobile.de/bewertungen/AUTOHAUSEHRLGMBHHALLEFILIALE?lang=en",
    "score": {
      "total": 4.9,
      "responseTime": 4.9,
      "friendliness": 4.9,
      "advice": 4.8
    },
    "activeRatingCount": 14,
    "vehicleAsDescribedPercentage": 92,
    "recommendPercentage": 92,
    "soldVehicleCount": null,
    "reviews": []
  },
  "attributes": {
    "Vehicle condition": "New vehicle, Accident-free",
    "Category": "Estate car",
    "Model range": "G81",
    "Trim line": " LCI (Facelift) Bestellaktion individuell anpassbar",
    "Vehicle Number": "B31253AktionM3Touring",
    "Availability": "Available in 4 months after order",
    "Origin": "German edition",
    "Mileage": "0 km",
    "Cubic Capacity": "2,993 ccm",
    "Power": "390 kW (530 hp)",
    "Drive type": "Internal combustion engine",
    "Fuel": "Petrol",
    "CO₂ class": "Based on CO₂ emissions (combined)",
    "Fuel consumption": [
      "10.4 l/100km (combined)",
      "15.7 l/100km (city)",
      "10.3 l/100km (suburban)",
      "8.8 l/100km (country road)",
      "9.8 l/100km (motorway)"
    ],
    "Energy costs for 15,000 km annual mileage": "€2,802/Year",
    "Fuel price": "€1.80/l (annual average 2024)",
    "Possible CO₂ costs over the next 10 years (15,000 km/year)": [
      "€4,458 (assuming an average CO₂ price of €127/t)",
      "€2,106 (assuming a low average CO₂ price of €60/t)",
      "€7,020 (assuming a high average CO₂ price of €200/t)"
    ],
    "Number of Seats": "5",
    "Door Count": "4/5",
    "Transmission": "Automatic",
    "Emission Class": "Euro 6e",
    "Emissions Sticker": "4 (Green)",
    "Number of Vehicle Owners": "0",
    "HU": "New",
    "Climatisation": "Automatic climatisation, 2 zones",
    "Parking sensors": "Camera, Self-steering systems, Rear, Front",
    "Airbags": "Front and Side Airbags",
    "Colour (Manufacturer)": "ALPINWEISS ",
    "Colour": "White",
    "Interior Design": "Full leather, Black",
    "Weight": "1,940 kg",
    "Tank capacity": "59 l",
    "Energy consumption (comb.)": "10.4 l/100km",
    "CO₂ emissions (comb.)": "234 g/km"
  },
  "features": [
    "ABS",
    "Ambient lighting",
    "Android Auto",
    "Apple CarPlay",
    "Arm rest",
    "Autom. dimming interior mirror",
    "Bluetooth",
    "Cargo barrier",
    "Central locking",
    "Cruise control",
    "DAB radio",
    "Digital cockpit",
    "Distance warning system",
    "Electric seat adjustment",
    "Electric side mirror",
    "Electric tailgate",
    "Electric windows",
    "Emergency brake assist",
    "Emergency call system",
    "ESP",
    "Fatigue warning system",
    "Four-wheel drive",
    "Hands-free kit",
    "Head-up display",
    "Heated seats",
    "Hill-start assist",
    "Immobilizer",
    "Integrated music streaming",
    "Isofix",
    "Leather steering wheel",
    "LED headlights",
    "LED running lights",
    "Light sensor",
    "Lumbar support",
    "Multifunction steering wheel",
    "Navigation system",
    "On-board computer",
    "Paddle shifters",
    "Power Steering",
    "Rain sensor",
    "Roof rack",
    "Sound system",
    "Sport seats",
    "Sports package",
    "Summer tyres",
    "Touchscreen",
    "Traction control",
    "Traffic sign recognition",
    "Tuner/radio",
    "Tyre pressure monitoring",
    "USB port",
    "Voice control",
    "WLAN / Wi-Fi hotspot"
  ]
},
{
  "title": "BMW M3 Competition Touring M-Carbon-Schalensitze|H/K",
  "previewImage": "https://img.classistatic.de/api/v1/mo-prod/images/ab/ab833c6c-22e1-4cb1-bca7-27e88cff60a0?rule=mo-1600.jpg",
  "category": "EstateCar",
  "brand": "BMW",
  "model": "M3",
  "url": "https://suchen.mobile.de/fahrzeuge/details.html?id=428659216",
  "price.total.amount": 91888,
  "priceRating": {
    "rating": "Good price",
    "priceRanges": {
      "Very good price": {
        "start": 66501,
        "end": 86500
      },
      "Good price": {
        "start": 86501,
        "end": 93100
      },
      "Fair price": {
        "start": 93101,
        "end": 103600
      },
      "Increased price": {
        "start": 103601,
        "end": 111200
      },
      "High price": {
        "start": 111201,
        "end": 123500
      }
    }
  },
  "description": "Außenausstattung\n19\"/20\" M Schmiederäder Doppel \nM Dachreling Hochglanz Shadow \nSonnenschutzverglasung \n\nKomfort/Innenausstattung\nBMW Live Cockpit Professional \nDAB-Tuner \nHarman Kardon Surround Sound S \nInnenspiegel, automatisch abbl \nKlimaautomatik \nLenkradheizung \nParking Assistant Plus \nSitzheizung für Fahrer und Bei \nWireless Charging Ablage \n\nSicherheit/Umwelt\nAdaptiver LED-Scheinwerfer \nAlarmanlage \nBeifahrerairbag-Deaktivierung \nFernlichtassistent \nGesetzlicher Notruf \nKomfortzugang \nReifendruck-Kontrolle \n\nSitzbezug\nLeder 'Merino' Yas Marina Blau/Schwarz\n\nSonstiges\nAbgastechnik EU6d/e \nAblagenpaket \nActive Guard \nActive Protection \nAktiver Fußgängerschutz \nAkustikverglasung \nBlow by-Heizer \nBMW Drive Recorder \nCO2-Umfang \nCOC Zusatzumfänge \nConnectedDrive Services \nConnectedPackage Professional \nDach und Spiegelkappen schwarz \nDriving Assistant Professional \nFondkopfstützen, klappbar \nGalvanikapplikation für Bedien \nGepäckraumpaket \nInnen- und Außenspiegelpaket \nInnovationspaket II \nKilometertacho \nM Dachhimmel anthrazit \nM Drive Professional \nM Hochglanz Shadow Line \nM Hochglanz Shadow Line mit er \nM Interieurleisten 'Carbon Fib \nM Sicherheitsgurte \nM Sportdifferenzial \nÖlwartungsintervall - 24 Monat \nPersonal eSIM \nRadschraubensicherung \nReifenpannenset \nSitzverstellung, elektrisch, m \nSonnenschutzrollo, hintere Tür \nSteuerung Infotainment \nTeleservices \nWarndreieck \n\nSport\nAdaptives M Fahrwerk \nM Carbon Schalensitze \nM Driver's Package \n\nFinanzierungsbeispiel\n\nMtl. Finanzierungsrate: 1.664,30 EUR\nAnzahlung: 0,00 EUR\nLaufzeit: 36 Monate\nZielrate: 46.862,88 EUR\nNettodarlehensbetrag: 91.888,00 EUR\nSollzinssatz p.a.: 6,30% (gebunden für die gesamte Vertragslaufzeit)\nEffektiver Jahreszins: 6,49%\nGesamtbetrag: 105.113,38 EUR\nEin unverbindliches Finanzierungsbeispiel der BMW Bank GmbH - Lilienthalallee 26 - 80939 München.\n\n\nEhemalige unverbindliche Neupreisempfehlung: 122.439,- Euro.\n\nHINWEIS: Unsere Angebote werden unverzüglich nach Kauf eingestellt, es kann dadurch sein, dass sich das von Ihnen ausgesuchte Fahrzeug noch nicht in unserer Ausstellung befindet bitte informieren Sie sich vor Besuch bei einem unserer Verkaufsberater, ob das gewünschte Fahrzeug bereits eingetroffen und verkaufsfertig ist.\nVielen Dank, Ihr Verkaufsteam!\n\n\n\n* Lieferservice innerhalb Deutschlands gegen geringen Aufpreis möglich! Irrtümer und Zwischenverkauf vorbehalten.",
  "dealerDetails": {
    "id": 2122200,
    "name": "Fett & Wirtz Automobile GmbH & Co KG",
    "sellerType": "Dealer",
    "phones": [
      "+49 (0)2821 736452230"
    ],
    "languages": [
      "Deutsch",
      "English",
      "Nederlands"
    ],
    "country": "DE",
    "address": "Siemensstr. 19 + 26, DE-47533 Kleve",
    "location": {
      "latitude": 51.8126888,
      "longitude": 6.1393985
    },
    "activeSince": "2009-01-09T00:00:00.000Z",
    "homepageUrl": "https://home.mobile.de/home/redirect.html?customerId=2122200",
    "iconUrl": "https://img.classistatic.de/api/v1/mo-prod/images/85/855b2406-5dcf-4709-bb06-876674c4ab25?rule=mo-640.jpg",
    "reviewPageUrl": "https://www.mobile.de/bewertungen/FETTWIRTZAUTOMOBILEGMBHCOKG?lang=en",
    "score": {
      "total": 4.6,
      "responseTime": 4.6,
      "friendliness": 4.6,
      "advice": 4.5
    },
    "activeRatingCount": 115,
    "vehicleAsDescribedPercentage": 97,
    "recommendPercentage": 91,
    "soldVehicleCount": null,
    "reviews": []
  },
  "attributes": {
    "Vehicle condition": "Used vehicle, Accident-free",
    "Category": "Estate car, Employee's Car",
    "Model range": "G81",
    "Trim line": "Touring M-Carbon-Schalensitze|H/K",
    "Vehicle Number": "G411679",
    "Availability": "Now",
    "Mileage": "15,075 km",
    "Cubic Capacity": "2,993 ccm",
    "Power": "390 kW (530 hp)",
    "Drive type": "Internal combustion engine",
    "Fuel": "Petrol, E10-enabled",
    "Number of Seats": "5",
    "Door Count": "4/5",
    "Transmission": "Automatic",
    "Emission Class": "Euro6",
    "Emissions Sticker": "4 (Green)",
    "First Registration": "11/2024",
    "Construction Year": "2024",
    "Number of Vehicle Owners": "1",
    "HU": "11/2027",
    "Climatisation": "Automatic climatisation, 3 zones",
    "Parking sensors": "Front, Rear, Self-steering systems, 360° camera",
    "Airbags": "Front and Side and More Airbags",
    "Colour (Manufacturer)": "M Sao Paulo Gelb",
    "Colour": "Yellow",
    "Interior Design": "Full leather, Blue",
    "Weight": "1,940 kg",
    "Cylinders": "6",
    "Tank capacity": "59 l"
  },
  "features": [
    "ABS",
    "Adaptive Cruise Control",
    "Adaptive lighting",
    "Alarm system",
    "Alloy wheels",
    "Ambient lighting",
    "Android Auto",
    "Apple CarPlay",
    "Arm rest",
    "Autom. dimming interior mirror",
    "Blind spot assist",
    "Bluetooth",
    "Cargo barrier",
    "Central locking",
    "DAB radio",
    "Digital cockpit",
    "Distance warning system",
    "Dynamic chassis control",
    "Electric seat adjustment",
    "Electric side mirror",
    "Electric tailgate",
    "Electric windows",
    "Eletric seat adjustment with memory function",
    "Emergency brake assist",
    "Emergency call system",
    "Emergency tyre repair kit",
    "ESP",
    "Fatigue warning system",
    "Four-wheel drive",
    "Full Service History",
    "Glare-free high beam headlights",
    "Hands-free kit",
    "Head-up display",
    "Heated seats",
    "Heated steering wheel",
    "High beam assist",
    "Hill-start assist",
    "Immobilizer",
    "Induction charging for smartphones",
    "Integrated music streaming",
    "Isofix",
    "Keyless central locking",
    "Lane change assist",
    "Leather steering wheel",
    "LED headlights",
    "LED running lights",
    "Light sensor",
    "Lumbar support",
    "Multifunction steering wheel",
    "Navigation system",
    "Non-smoker vehicle",
    "On-board computer",
    "Paddle shifters",
    "Particulate filter",
    "Power Steering",
    "Rain sensor",
    "Roof rack",
    "Sound system",
    "Speed limit control system",
    "Sport seats",
    "Sports package",
    "Sports suspension",
    "Start-stop system",
    "Tinted windows",
    "Touchscreen",
    "Traction control",
    "Traffic sign recognition",
    "Tuner/radio",
    "Tyre pressure monitoring",
    "USB port",
    "Voice control",
    "Warranty",
    "WLAN / Wi-Fi hotspot"
  ]
},
{
  "title": "BMW M3 Touring xDrive Competition M,H&K,HuD,Leder",
  "previewImage": "https://img.classistatic.de/api/v1/mo-prod/images/f5/f52d3a21-7379-4de6-81fc-da83e9b427f6?rule=mo-1600.jpg",
  "category": "EstateCar",
  "brand": "BMW",
  "model": "M3",
  "url": "https://suchen.mobile.de/fahrzeuge/details.html?id=433821775",
  "price.total.amount": 92500,
  "priceRating": {
    "rating": "Good price",
    "priceRanges": {
      "Very good price": {
        "start": 70601,
        "end": 91700
      },
      "Good price": {
        "start": 91701,
        "end": 98800
      },
      "Fair price": {
        "start": 98801,
        "end": 109900
      },
      "Increased price": {
        "start": 109901,
        "end": 117900
      },
      "High price": {
        "start": 117901,
        "end": 131000
      }
    }
  },
  "description": "Sonderausstattung:\n\nAus 1. Hand!\nUnfall- und Nachlackierungsfrei!\nAkustikverglasung\nBremsanlage: Compound - M Bremssystem (Bremssättel Rot),\nFahrassistenz-System: Fernlichtassistent,\nInnenausstattung: Interieurleisten Carbon,\nInnovations-Paket (2),\nMetallic-Lackierung,\nParkassistent-Paket Plus,\nSitzbezug / Polsterung: Leder Merino Schwarz, \nVerglasung Akustikglas\n\nWeitere Ausstattung:\nAblage-Paket, Adaptives Fahrwerk M-Technic, Airbag Beifahrerseite abschaltbar, Airbag Fahrer-/Beifahrerseite, Aktives M Differential, Ambiente-Beleuchtung, Anhänger-Stabilisierungs-Programm (ASL), Ausstattungs-Paket: Connected Professional, Automatische Stabilitäts-Control (ASC), Außenausstattung: Shadow-Line Hochglanz, Außenausstattung: Shadow-Line Hochglanz (erweiterter Umfang), Bedienelemente galvanisiert, Blinkleuchte in Außenspiegel integriert, BMW Live Cockpit Professional, Competition, Dach schwarz lackiert, Dachhimmel Anthrazit (BMW Individual), Dachreling Hochglanz Shadow-Line, Diebstahlsicherung für Räder (Felgenschlösser), Durchladeeinrichtung (Mittelarmlehne hinten), Dynamische Stabilitäts-Control (DSC) mit erweiterter Umfang, Dynamische Tractions Control (DTC), Einstiegsleisten mit Einleger in Aluminium mit Schriftzug M, Erste Hilfe-Kasten / Verbandkasten, Fahrassistenz-System: Active Guard (Bremsassistent), Fensterheber elektrisch vorn + hinten, Freisprecheinrichtung Bluetooth mit USB-/Audio-Schnittstelle, Gepäckraum-Abtrennung (Netz), Getriebe Automatik - mit Steptronic und Drivelogic (8-Stufen), Getränkehalter, Heckklappenbetätigung automatisch, Heckleuchten LED, Induktionsladeschale für Smartphone (Wireless Charging), Innenausstattung: Interieurleisten Alu Rhombicle mit Akzentleiste, Innenspiegel mit Abblendautomatik, Isofix-Aufnahmen für Kindersitz, Karosserie: 5-türig, Kennzeichenbeleuchtung LED, Klimaautomatik 3-Zonen mit autom. Umluft-Control, Knieairbag Fahrerseite, Kopf-Airbag-System hinten, Kopf-Airbag-System vorn, Kopfstützen hinten klappbar, Lendenwirbelstütze Sitz vorn links und rechts, elektr. verstellbar, Lenksäule (Lenkrad) mechan. verstellbar, Leuchtweitenregelung, Lichtassistent (Follow me home), LM-Felgen, M Drive (Fahrprofilauswahl), M Drive Professional (Fahrprofilauswahl), Modellpflege, Motor 3,0 Ltr. - 390 kW 24V TwinPower Turbo (S58), Multifunktion für Lenkrad, Otto-Partikelfilter (OPF), Personalisierungssystem (BMW ID), Personalisierungssystem (Personal eSIM), Radioempfang digital (DAB+), Reifen-Reparaturset (Mobility-Pack), Reifendruck-Kontrollsystem, Reifenpannen-Anzeige, Schadstoffarm nach Abgasnorm Euro 6e, Schaltpunktanzeige, Scheinwerfer LED, Seitenairbag vorn, Service-System: ConnectedDrive Services, Service-System: Gesetzlicher Notruf, Service-System: Intelligenter Notruf inkl. TeleServices, Sicherheitsgurte M, Sitzbezug / Polsterung: Leder Merino, Sitze vorn elektr. verstellbar (mit Memory), Sitzheizung vorn, Sonnenschutzverglasung (hinten abgedunkelt), Sound-System Harman-Kardon, Spiegel-Paket, Sportdifferential, Sportsitze vorn (M-Technic), Start/Stop-Anlage (Funktion), Steckdose (12V-Anschluß) in Mittelkonsole vorn, Warndreieck, Wärme-/Sonnenschutzverglasung",
  "dealerDetails": {
    "id": 5791664,
    "name": "Automobile Henrich",
    "sellerType": "Dealer",
    "phones": [
      "+49 (0)6764 698982335"
    ],
    "messengers": {
      "WHATS_APP": "+49 (0)1511 2765510"
    },
    "languages": [
      "Deutsch",
      "English"
    ],
    "country": "DE",
    "address": "Am Hockenborn 1a, DE-55494 Rheinböllen",
    "location": {
      "latitude": 50.01339919999999,
      "longitude": 7.6713835
    },
    "activeSince": "2011-05-03T00:00:00.000Z",
    "homepageUrl": "https://home.mobile.de/home/redirect.html?customerId=5791664",
    "iconUrl": "https://img.classistatic.de/api/v1/mo-prod/images/34/349ad029-6436-4043-a9dd-14494acbcf94?rule=mo-640.jpg",
    "reviewPageUrl": "https://www.mobile.de/bewertungen/AUTOMOBILEHENRICH?lang=en",
    "score": {
      "total": 4.9,
      "responseTime": 4.9,
      "friendliness": 4.9,
      "advice": 4.9
    },
    "activeRatingCount": 56,
    "vehicleAsDescribedPercentage": 100,
    "recommendPercentage": 98,
    "soldVehicleCount": null,
    "reviews": []
  },
  "attributes": {
    "Vehicle condition": "Used vehicle, Accident-free",
    "Category": "Estate car",
    "Model range": "Baureihe M3 Touring (G81N)(07.2024->)",
    "Trim line": "xDrive Competition M",
    "Mileage": "9,950 km",
    "Cubic Capacity": "2,993 ccm",
    "Power": "390 kW (530 hp)",
    "Drive type": "Internal combustion engine",
    "Fuel": "Petrol",
    "Number of Seats": "5",
    "Door Count": "4/5",
    "First Registration": "04/2025",
    "Number of Vehicle Owners": "1",
    "Climatisation": "Automatic climatisation, 2 zones",
    "Parking sensors": "Rear, Front, Self-steering systems",
    "Airbags": "Front and Side and More Airbags",
    "Colour (Manufacturer)": "BLACK SAPPHIRE METALLIC",
    "Colour": "Black Metallic",
    "Interior Design": "Full leather, Black",
    "Weight": "1,940 kg",
    "Cylinders": "6",
    "Tank capacity": "59 l"
  },
  "features": [
    "ABS",
    "Alarm system",
    "Alloy wheels",
    "Ambient lighting",
    "Android Auto",
    "Apple CarPlay",
    "Arm rest",
    "Autom. dimming interior mirror",
    "Blind spot assist",
    "Bluetooth",
    "Central locking",
    "Cruise control",
    "DAB radio",
    "Digital cockpit",
    "Dynamic chassis control",
    "Electric seat adjustment",
    "Electric side mirror",
    "Electric tailgate",
    "Electric windows",
    "Eletric seat adjustment with memory function",
    "Emergency brake assist",
    "Emergency call system",
    "ESP",
    "Four-wheel drive",
    "Full Service History",
    "Glare-free high beam headlights",
    "Hands-free kit",
    "Head-up display",
    "Heated seats",
    "High beam assist",
    "Hill-start assist",
    "Immobilizer",
    "Induction charging for smartphones",
    "Integrated music streaming",
    "Isofix",
    "Keyless central locking",
    "Lane change assist",
    "Leather steering wheel",
    "LED headlights",
    "LED running lights",
    "Light sensor",
    "Lumbar support",
    "Multifunction steering wheel",
    "Navigation system",
    "Non-smoker vehicle",
    "On-board computer",
    "Paddle shifters",
    "Passenger seat Isofix point",
    "Power Steering",
    "Rain sensor",
    "Rear traffic alert",
    "Roof rack",
    "Sound system",
    "Sport seats",
    "Sports package",
    "Sports suspension",
    "Start-stop system",
    "Tinted windows",
    "Touchscreen",
    "Traction control",
    "Traffic sign recognition",
    "Tuner/radio",
    "Tyre pressure monitoring",
    "USB port",
    "Voice control",
    "Warranty",
    "WLAN / Wi-Fi hotspot"
  ]
},
{
  "title": "BMW M3 Touring Competition Wunschbestellung",
  "previewImage": "https://img.classistatic.de/api/v1/mo-prod/images/8a/8a72dd7e-8e16-4679-ba00-691633457dc9?rule=mo-1600.jpg",
  "category": "EstateCar",
  "brand": "BMW",
  "model": "M3",
  "url": "https://suchen.mobile.de/fahrzeuge/details.html?id=422511890",
  "price.total.amount": 92319,
  "priceRating": {
    "rating": "Very good price",
    "priceRanges": {
      "Very good price": {
        "start": 71501,
        "end": 92900
      },
      "Good price": {
        "start": 92901,
        "end": 100100
      },
      "Fair price": {
        "start": 100101,
        "end": 111300
      },
      "Increased price": {
        "start": 111301,
        "end": 119500
      },
      "High price": {
        "start": 119501,
        "end": 132700
      }
    }
  },
  "description": "Fahrzeugnummer: man-159357\nSie erreichen uns direkt unter der Telefonnummer +49921959239004. \nASSISTENZSYSTEME\nParkhilfe(PDC) vorne + hinten\nSpurassistent\nVerkehrszeichenerkennung\nNotbremsassistent\nRegensensor\nAbstandwarner\nTempomat\nStabilitätsprogramm (ESP)\nABS\nLichtsensor\n\nMOTOR GETRIEBE & FAHRWERK\nAutomatik\nSportfahrwerk\nAllrad\nTraktionskontrolle\n\nAUDIO & KOMMUNIKATION\nNavigation\nBluetooth(f. Handy)\nSprachsteuerung\nTouchscreen\nMusikstreaming\nAndroid Auto\nApple CarPlay\nBordcomputer\n\nINTERIEUR\nLederausstattung\nKlimaautomatik\nSportsitze\nel. Fensterheber vorne+hinten\nVirtualCockpit\nUhr&Drehzahlmesser\nSportlenkrad mit Schaltwippen&Uhr\nUSB\nFahrersitz höhenverstellbar\nRücksitzbank geteilt klappbar\nKopfairbag\nIsoFix\nSitzheizung\nel. Sitzverstellung\nSeitenairbags\nFrontairbag\nMultifunktionslenkrad\nLederlenkrad\nMittelarmlehne\n\nLICHT & SICHT\nLED-Scheinwerfer\nSpiegel autom. abblendend\n\nRÄDER\nSommerreifen\nLeichtmetallfelgen\nReifendruckkontrolle\n\nTECHNIK & SICHERHEIT\nZentralverriegelung mit FB\nNotrufsystem\nServolenkung\nBerganfahrhilfe\nelektr. Parkbremse\nWegfahrsperre\n\nEXTERIEUR\nElekt. Heckklappe\nAussenspiegel elektr. anklappbar\nAussenspiegel el. verstellbar\nbeheizte Aussenspiegel\nDachreling \nSie erreichen uns direkt unter der Telefonnummer +49921959239004. \n\nIhr Wunschfahrzeug konfigurieren wir Ihnen gerne im persönlichen Gespräch zu TOP-KONDITIONEN ! Bitte sprechen Sie uns an. \n\nIrrtum und Zwischenverkauf vorbehalten",
  "dealerDetails": {
    "id": 38944411,
    "name": "Autohaus Rhein Bayreuth, Zweigniederlassung der Autohaus Heermann und Rhein GmbH",
    "sellerType": "Dealer",
    "phones": [
      "+49 (0)921 5303996410"
    ],
    "languages": [
      "Deutsch"
    ],
    "country": "DE",
    "address": "Justus-Liebig-Straße 41, DE-95447 Bayreuth",
    "location": {
      "latitude": 49.9331127,
      "longitude": 11.563088
    },
    "activeSince": "2025-04-11T00:00:00.000Z",
    "homepageUrl": "https://home.mobile.de/home/redirect.html?customerId=38944411",
    "iconUrl": null,
    "reviewPageUrl": "https://www.mobile.de/bewertungen/AutohausRheinBayreuthZweigniederlassungderAutohausHeermannundRhe?lang=en",
    "score": {
      "total": 3.7,
      "responseTime": 4,
      "friendliness": 4,
      "advice": 3
    },
    "activeRatingCount": 1,
    "vehicleAsDescribedPercentage": null,
    "recommendPercentage": null,
    "soldVehicleCount": null,
    "reviews": []
  },
  "attributes": {
    "Vehicle condition": "New vehicle, Accident-free",
    "Category": "Estate car",
    "Availability": "Available in 5 months after order",
    "Origin": "German edition",
    "Mileage": "5 km",
    "Cubic Capacity": "2,998 ccm",
    "Power": "390 kW (530 hp)",
    "Drive type": "Internal combustion engine",
    "Fuel": "Petrol",
    "CO₂ class": "Based on CO₂ emissions (combined)",
    "Fuel consumption": [
      "10.3 l/100km (combined)",
      "15.7 l/100km (city)",
      "10.3 l/100km (suburban)",
      "8.8 l/100km (country road)",
      "9.8 l/100km (motorway)"
    ],
    "Energy costs for 15,000 km annual mileage": "€2,858/Year",
    "Fuel price": "€1.85/l (annual average 2024)",
    "Possible CO₂ costs over the next 10 years (15,000 km/year)": [
      "€4,002 (assuming an average CO₂ price of €115/t)",
      "€1,914 (assuming a low average CO₂ price of €55/t)",
      "€6,612 (assuming a high average CO₂ price of €190/t)"
    ],
    "Vehicle tax": "€476/Year",
    "Number of Seats": "5",
    "Door Count": "4/5",
    "Transmission": "Automatic",
    "Climatisation": "Automatic climatisation, 3 zones",
    "Parking sensors": "Front, Self-steering systems, Rear, Camera",
    "Airbags": "Front and Side and More Airbags",
    "Colour (Manufacturer)": "Alpinweiss uni",
    "Colour": "White",
    "Interior Design": "Full leather, Black",
    "Cylinders": "6",
    "Energy consumption (comb.)": "10.3 l/100km",
    "CO₂ emissions (comb.)": "232 g/km"
  },
  "features": [
    "ABS",
    "Alarm system",
    "Alloy wheels",
    "Ambient lighting",
    "Android Auto",
    "Apple CarPlay",
    "Arm rest",
    "Autom. dimming interior mirror",
    "Bluetooth",
    "Central locking",
    "Cruise control",
    "DAB radio",
    "Digital cockpit",
    "Distance warning system",
    "Dynamic chassis control",
    "Electric seat adjustment",
    "Electric side mirror",
    "Electric tailgate",
    "Electric windows",
    "Eletric seat adjustment with memory function",
    "Emergency brake assist",
    "Emergency call system",
    "ESP",
    "Fatigue warning system",
    "Folding exterior mirrors",
    "Four-wheel drive",
    "Hands-free kit",
    "Head-up display",
    "Heated seats",
    "Hill-start assist",
    "Immobilizer",
    "Integrated music streaming",
    "Isofix",
    "Lane change assist",
    "Leather steering wheel",
    "LED headlights",
    "LED running lights",
    "Light sensor",
    "Lumbar support",
    "Multifunction steering wheel",
    "Navigation system",
    "On-board computer",
    "Paddle shifters",
    "Power Steering",
    "Rain sensor",
    "Roof rack",
    "Speed limit control system",
    "Sport seats",
    "Sports suspension",
    "Summer tyres",
    "Tinted windows",
    "Touchscreen",
    "Traction control",
    "Traffic sign recognition",
    "Tuner/radio",
    "Tyre pressure monitoring",
    "USB port",
    "Voice control",
    "Warranty"
  ]
},
{
  "title": "BMW M3 Competition Tour. M Driv.pack. Keramik-Bremse",
  "previewImage": "https://img.classistatic.de/api/v1/mo-prod/images/56/56c0df69-2040-441b-a5c0-1b48c1daf370?rule=mo-1600.jpg",
  "category": "EstateCar",
  "brand": "BMW",
  "model": "M3",
  "url": "https://suchen.mobile.de/fahrzeuge/details.html?id=433038677",
  "price.total.amount": 91930,
  "priceRating": {
    "rating": "Fair price",
    "priceRanges": {
      "Very good price": {
        "start": 59301,
        "end": 77100
      },
      "Good price": {
        "start": 77101,
        "end": 83000
      },
      "Fair price": {
        "start": 83001,
        "end": 92300
      },
      "Increased price": {
        "start": 92301,
        "end": 99100
      },
      "High price": {
        "start": 99101,
        "end": 110100
      }
    }
  },
  "description": "Sonderausstattung:\nActive Protection\nBMW Laserlicht\nBMW Live Cockpit Professional\nDriving Assistant Professional\nFernlichtassistent\nInstrumententafel in Sensatec\nKomfortzugang mit Digital Key\nLackierung: Metallic\nLenkradheizung\nM Carbon-Keramik-Bremse\nM Interieurleisten Carbon Fibre mit Akze\nM Leuchten Shadow Line\nM Sicherheitsgurte\nPaket: Gepäckraumpaket\nPaket: Innovationspaket\nM Carbon Exterieurpaket (Touring)\nM Driver's Package\nM Race Track Paket\nParking Assistant Plus\nHarman'Kardon Surround Sound\nRäderzubehör: Reifenreparatur-Set\nSitze: M Carbon Schalensitze\nVerglasung: Sonnenschutzverglasung\n\nSerienausstattung:\nAirbag für Fahrer und Beifahrer\nAirbag: 2 Seitenairbags vorne\nAirbag: Beifahrerairbag-Deaktivierung\nAirbag: Knieairbag für Fahrer\nAirbag: Kopfairbags für 4 äuß.Sitzplät.\nAlarmanlage\nAllradantrieb xDrive\nAmbientes Licht\nAnti-Blockier-System (ABS) inkl. Bremsas\nAußenspiegel M spezifisch\nBMW Controller\nBMW ID\nBMW Live Cockpit Plus\nBordcomputer inkl. Check-Control\nBremsleuchte\ndritte\nConnectedDrive Services\nCrash Sensor\nDach: Leichtbaudach aus Carbon (CFK)\nDurchladesystem\nDynamische Stabilitäts Control (DSC)\nEinstiegs. mit Alu.einleger u Modellschr\nFahrwerk: Adaptives Fahrwerk\nFensterheber elektrisch (2)\nGalvanikapplikation für Bedienelemente\nGeschwindigkeitsregelung mit Bremsfunkt.\nGesetzlicher Notruf\nGetriebe:8-Gang M Steptronic mit Drivel.\nGetränkehalter in Mittelkonsole vorn\nHeckklappenbetätigung automatisch\nHeckleuchten in LED-Technik\nHeckscheibenheizung\nInnenspiegel automatisch abblendend\nIntelligenter Notruf\nInterieurleisten schwarz hochglänzend\nKindersitzbefestigung ISOFIX\nKlimaautomatik mit 3-Zonen-Regelung\nKopfstützen(5)\nKopfstützen im Fond\nklappbar\nLED-Scheinwerfer\nLackierung: Alpinweiß\nLenkrad: M Lederlenkrad mit Multifunkt.\nLenksäulenverstellung in Höhe und Länge\nLordosenstütze für Fahrer und Beifahrer\nM Compound Bremsen\nM Dachhimmel Anthrazit\nM Dachreling Shadow Line\nM Drive\nM Drive Professional\nM Hochglanz Shadow Line\nM Hochglanz Shadow Line mit erw. Umfäng.\nM Sportdifferential\nMittelarmlehne im Fond\nOttopartikelfilter\nPaket: Ablagenpaket\nPaket: Connected Package Professional\nPaket: Innen- und Außenspiegelpaket\nPark Distance Control (PDC)\nPolster: Leder Merino mit erw. Umf. Schw\nRadiozub.: HiFi Lautsprechersystem\nRadiozubehör: DAB-Tuner\nRegensensor\nRäder:19'20'Schmieder. 826M Schwarz\nRäderzubehör: Radschraubensicherung\nRäderzubehör: Reifendruck-Kontrolle\nSchlüsselloser Motorstart\nServotronic: M Servotronic\nSitze: M Sportsitze Fahrer u. Beifahrer\nSitze: Sitzheizung vorn\nSitze: Sitzverstellung\nelek\nmit Memory\nSpeed Limiter\nSteckdose(12 V)\nTeleServices\nTelefon: Ablage für Wireless Charging\nVerglasung: Wärme-Sonnenschutzverglasung\nWarndreieck und Verbandkasten\nWegfahrsperre\nZentralverriegelung\n\n(Änderungen, Irrtümer und Zwischenverkauf vorbehalten!)",
  "dealerDetails": {
    "id": 456175,
    "name": "ahg Autohandelsgesellschaft mbH",
    "sellerType": "Dealer",
    "phones": [
      "+49 (0)7041 808101876"
    ],
    "languages": [
      "Deutsch"
    ],
    "country": "DE",
    "address": "Vetterstrasse 27, DE-75417 Mühlacker",
    "location": {
      "latitude": 48.9572429,
      "longitude": 8.848526399999999
    },
    "activeSince": "2004-08-03T00:00:00.000Z",
    "homepageUrl": "https://home.mobile.de/home/redirect.html?customerId=456175",
    "iconUrl": "https://img.classistatic.de/api/v1/mo-prod/images/24/24da819b-12a8-457f-913d-0cf699f00202?rule=mo-640.jpg",
    "reviewPageUrl": "https://www.mobile.de/bewertungen/AHG-MUEHLACKER?lang=en",
    "score": {
      "total": 4.4,
      "responseTime": 4.7,
      "friendliness": 4.3,
      "advice": 4.3
    },
    "activeRatingCount": 3,
    "vehicleAsDescribedPercentage": 100,
    "recommendPercentage": 100,
    "soldVehicleCount": null,
    "reviews": []
  },
  "attributes": {
    "Vehicle condition": "Used vehicle, Accident-free",
    "Category": "Estate car",
    "Vehicle Number": "FS60565",
    "Availability": "Now",
    "Mileage": "16,710 km",
    "Cubic Capacity": "2,993 ccm",
    "Power": "375 kW (510 hp)",
    "Drive type": "Internal combustion engine",
    "Fuel": "Petrol",
    "CO₂ class": "Based on CO₂ emissions (combined)",
    "Fuel consumption": [
      "10.2 l/100km (combined)",
      "15.3 l/100km (city)",
      "10.2 l/100km (suburban)",
      "8.7 l/100km (country road)",
      "8.7 l/100km (motorway)"
    ],
    "Door Count": "4/5",
    "Transmission": "Automatic",
    "Emission Class": "Euro6d",
    "Emissions Sticker": "4 (Green)",
    "First Registration": "02/2024",
    "Number of Vehicle Owners": "1",
    "Climatisation": "Automatic air conditioning",
    "Parking sensors": "Camera, Rear, Front, Self-steering systems",
    "Airbags": "Front and Side and More Airbags",
    "Colour (Manufacturer)": "M Toronto Rot metallic",
    "Colour": "Red Metallic",
    "Interior Design": "Full leather, Black",
    "Energy consumption (comb.)": "10.2 l/100km",
    "CO₂ emissions (comb.)": "231 g/km"
  },
  "features": [
    "ABS",
    "Adaptive Cruise Control",
    "Adaptive lighting",
    "Alarm system",
    "Alloy wheels",
    "Bluetooth",
    "Central locking",
    "DAB radio",
    "Daytime running lights",
    "Electric seat adjustment",
    "Electric side mirror",
    "Electric windows",
    "ESP",
    "Four-wheel drive",
    "Full Service History",
    "Hands-free kit",
    "Head-up display",
    "Heated seats",
    "Immobilizer",
    "Isofix",
    "LED headlights",
    "Light sensor",
    "Multifunction steering wheel",
    "Navigation system",
    "Non-smoker vehicle",
    "On-board computer",
    "Particulate filter",
    "Power Steering",
    "Rain sensor",
    "Roof rack",
    "Sport seats",
    "Sports suspension",
    "Start-stop system",
    "Traction control",
    "Tuner/radio",
    "Warranty"
  ]
},
{
  "title": "BMW M3*Touring*xDrive*Competition*CARBON*MWST*",
  "previewImage": "https://img.classistatic.de/api/v1/mo-prod/images/5c/5c286d1c-8b9c-4af5-9637-69241246ef9d?rule=mo-1600.jpg",
  "category": "EstateCar",
  "brand": "BMW",
  "model": "M3",
  "url": "https://suchen.mobile.de/fahrzeuge/details.html?id=434204635",
  "price.total.amount": 91999,
  "priceRating": {
    "rating": "Fair price",
    "priceRanges": {
      "Very good price": {
        "start": 65201,
        "end": 84800
      },
      "Good price": {
        "start": 84801,
        "end": 91300
      },
      "Fair price": {
        "start": 91301,
        "end": 101600
      },
      "Increased price": {
        "start": 101601,
        "end": 109000
      },
      "High price": {
        "start": 109001,
        "end": 121200
      }
    }
  },
  "description": "Wir freuen uns Ihnen einen unfallfreien BMW M3 aus seriösem Vorbesitz anbieten zu dürfen. Der Wagen ist sehr gut ausgestattet und zeigt sich in einem neuwertigen Zustand.\n\nDer sportliche Kombi hat folgende Ausstattung:\n\n-MAILANFRAGEN WERDEN NICHT BEANTWORTET!!!\n-NO E-MAIL!!!\n\n\n-Unfallfrei\n-1-Hand\n-sofort verfügbar\n-Aktive Sitzbelüftung vorn\n-Fahrassistenz-System: Fernlichtassistent\n-Innenausstattung: Interieurleisten Carbon\n-Innovations-Paket (2)\n-Lenkrad heizbar\n-M Driver´s Package\n-Metallic-Lackierung\n-Parkassistent-Paket Plus\n-Scheinwerfer BMW Individual Shadow-Line\n-Sitzbezug / Polsterung: Voll-Leder Merino\n\nWeitere Ausstattung:\nAblage-Paket, Adaptives Fahrwerk M-Technic, Airbag Beifahrerseite abschaltbar, Airbag Fahrer-/Beifahrerseite, Aktives M Differential, Ambiente-Beleuchtung, Anhänger-Stabilisierungs-Programm (ASL), Ausstattungs-Paket: Connected Professional, Automatische Stabilitäts-Control (ASC), Außenausstattung: Shadow-Line Hochglanz, Außenausstattung: Shadow-Line Hochglanz (erweiterter Umfang), Bedienelemente galvanisiert, Blinkleuchte in Außenspiegel integriert, BMW Live Cockpit Professional, Competition, Dach schwarz lackiert, Dachhimmel Anthrazit (BMW Individual), Dachreling Hochglanz Shadow-Line, Diebstahlsicherung für Räder (Felgenschlösser), Durchladeeinrichtung (Mittelarmlehne hinten), Dynamische Stabilitäts-Control (DSC) mit erweiterter Umfang, Dynamische Tractions Control (DTC), Einstiegsleisten mit Einleger in Aluminium mit Schriftzug M, Erste Hilfe-Kasten / Verbandkasten, Fahrassistenz-System: Active Guard (Bremsassistent), Fensterheber elektrisch vorn + hinten, Freisprecheinrichtung Bluetooth mit USB-/Audio-Schnittstelle, Gepäckraum-Abtrennung (Netz), Getriebe Automatik - mit Steptronic und Drivelogic (8-Stufen), Getränkehalter, Heckklappenbetätigung automatisch, Heckleuchten LED, Induktionsladeschale für Smartphone (Wireless Charging), Innenausstattung: Interieurleisten Alu Rhombicle mit Akzentleiste, Innenspiegel mit Abblendautomatik, Isofix-Aufnahmen für Kindersitz, Karosserie: 5-türig, Kennzeichenbeleuchtung LED, Klimaautomatik 3-Zonen mit autom. Umluft-Control, Knieairbag Fahrerseite, Kopf-Airbag-System hinten, Kopf-Airbag-System vorn, Kopfstützen hinten klappbar, Lendenwirbelstütze Sitz vorn links und rechts, elektr. verstellbar, Lenksäule (Lenkrad) mechan. verstellbar, Leuchtweitenregelung, Lichtassistent (Follow me home), LM-Felgen, M Drive (Fahrprofilauswahl), M Drive Professional (Fahrprofilauswahl), Modellpflege, Motor 3,0 Ltr. - 390 kW 24V TwinPower Turbo (S58), Multifunktion für Lenkrad, Otto-Partikelfilter (OPF), Personalisierungssystem (BMW ID), Personalisierungssystem (Personal eSIM), Radioempfang digital (DAB+), Reifen-Reparaturset (Mobility-Pack), Reifendruck-Kontrollsystem, Reifenpannen-Anzeige, Schadstoffarm nach Abgasnorm Euro 6e, Schaltpunktanzeige, Scheinwerfer LED, Seitenairbag vorn, Service-System: ConnectedDrive Services, Service-System: Gesetzlicher Notruf, Service-System: Intelligenter Notruf inkl. TeleServices, Sicherheitsgurte M, Sitzbezug / Polsterung: Leder Merino, Sitze vorn elektr. verstellbar (mit Memory), Sitzheizung vorn, Sonnenschutzverglasung (hinten abgedunkelt), Sound-System Harman-Kardon, Spiegel-Paket, Sportdifferential, Sportsitze vorn (M-Technic), Start/Stop-Anlage (Funktion), Steckdose (12V-Anschluß) in Mittelkonsole vorn, Warndreieck, Wärme-/Sonnenschutzverglasung\n\n\nFahrzeugbesichtigung nur mit Termin möglich!\n\nSie haben Interesse an diesem Fahrzeug? Zögern Sie nicht und kontaktieren Sie uns für eine unverbindliche Besichtigung.\n\nGerne nehmen wir Ihren Gebrauchtwagen inzahlung.\n\nBei Interesse stehen wir Ihnen gerne telefonisch zur Verfügung.\n\nSie können uns gerne für einen unverbindlichen Besichtigungstermin kontaktieren.\n\nBesichtigung von MO-SO möglich, nach Terminvereinabrung.\n\nDie gemachten Angaben in den Anzeigen,inkl. Bildern sind unverbindliche Beschreibungen und dienen nicht als zugesicherte Eigenschaften. Eingabefehler,Irrtümer und Zwischenverkauf vorbehalten! Aufgeführte Ausstattungen sind ggfs.gesondert zu prüfen!",
  "dealerDetails": {
    "id": 13034450,
    "name": "Lehner Handels GmbH",
    "sellerType": "Dealer",
    "phones": [
      "+49 (0)9435 399002357"
    ],
    "messengers": {
      "WHATS_APP": "+49 (0)171 9002835"
    },
    "languages": [
      "Deutsch",
      "English"
    ],
    "country": "DE",
    "address": "Kurnethweg 5, DE-92269 Fensterbach",
    "location": {
      "latitude": 49.400376,
      "longitude": 12.0778182
    },
    "activeSince": "2015-04-17T00:00:00.000Z",
    "homepageUrl": "https://home.mobile.de/home/redirect.html?customerId=13034450",
    "iconUrl": null,
    "reviewPageUrl": "https://www.mobile.de/bewertungen/LAMobile?lang=en",
    "score": {
      "total": 4.9,
      "responseTime": 4.9,
      "friendliness": 4.9,
      "advice": 5
    },
    "activeRatingCount": 27,
    "vehicleAsDescribedPercentage": 100,
    "recommendPercentage": 96,
    "soldVehicleCount": null,
    "reviews": []
  },
  "attributes": {
    "Vehicle condition": "Used vehicle, Accident-free",
    "Category": "Estate car",
    "Model range": "Baureihe M3 Touring (G81N)(07.2024->)",
    "Trim line": "xDrive Competition M",
    "Mileage": "16,999 km",
    "Cubic Capacity": "2,993 ccm",
    "Power": "390 kW (530 hp)",
    "Drive type": "Internal combustion engine",
    "Fuel": "Petrol, E10-enabled",
    "Number of Seats": "5",
    "Door Count": "4/5",
    "Transmission": "Automatic",
    "Emission Class": "Euro6",
    "Emissions Sticker": "4 (Green)",
    "First Registration": "09/2024",
    "Number of Vehicle Owners": "1",
    "HU": "09/2027",
    "Climatisation": "Automatic climatisation, 2 zones",
    "Parking sensors": "360° camera, Front, Rear",
    "Airbags": "Front and Side and More Airbags",
    "Colour (Manufacturer)": "SKYSCRAPER GRAU METALLIC",
    "Colour": "Grey Metallic",
    "Interior Design": "Full leather, Black",
    "Weight": "1,940 kg",
    "Cylinders": "6",
    "Tank capacity": "59 l"
  },
  "features": [
    "ABS",
    "Adaptive cornering lights",
    "Alarm system",
    "Alloy wheels",
    "Ambient lighting",
    "Android Auto",
    "Apple CarPlay",
    "Arm rest",
    "Autom. dimming interior mirror",
    "Blind spot assist",
    "Bluetooth",
    "Cargo barrier",
    "Central locking",
    "Cruise control",
    "DAB radio",
    "Digital cockpit",
    "Distance warning system",
    "Dynamic chassis control",
    "Electric seat adjustment",
    "Electric side mirror",
    "Electric tailgate",
    "Electric windows",
    "Eletric seat adjustment with memory function",
    "Emergency brake assist",
    "Emergency call system",
    "ESP",
    "Fog lamp",
    "Folding exterior mirrors",
    "Four-wheel drive",
    "Full Service History",
    "Glare-free high beam headlights",
    "Hands-free kit",
    "Head-up display",
    "Heated seats",
    "Heated steering wheel",
    "Heated windshield",
    "High beam assist",
    "Hill-start assist",
    "Immobilizer",
    "Induction charging for smartphones",
    "Integrated music streaming",
    "Isofix",
    "Keyless central locking",
    "Lane change assist",
    "Leather steering wheel",
    "LED headlights",
    "LED running lights",
    "Light sensor",
    "Lumbar support",
    "Multifunction steering wheel",
    "Navigation preparation",
    "Navigation system",
    "Non-smoker vehicle",
    "On-board computer",
    "Paddle shifters",
    "Power Steering",
    "Rain sensor",
    "Roof rack",
    "Seat ventilation",
    "Sound system",
    "Speed limit control system",
    "Sport seats",
    "Sports package",
    "Sports suspension",
    "Start-stop system",
    "Summer tyres",
    "Tinted windows",
    "Touchscreen",
    "Traction control",
    "Traffic sign recognition",
    "Tuner/radio",
    "Tyre pressure monitoring",
    "USB port",
    "Voice control",
    "Warranty"
  ]
},
{
  "title": "BMW M3 Competition Touring M xDrive M Drivers P. Las",
  "previewImage": "https://img.classistatic.de/api/v1/mo-prod/images/66/665d030f-1216-43aa-b70d-f6bf48fa6dfc?rule=mo-1600.jpg",
  "category": "EstateCar",
  "brand": "BMW",
  "model": "M3",
  "url": "https://suchen.mobile.de/fahrzeuge/details.html?id=432086405",
  "price.total.amount": 92580,
  "priceRating": {
    "rating": "Fair price",
    "priceRanges": {
      "Very good price": {
        "start": 61601,
        "end": 80100
      },
      "Good price": {
        "start": 80101,
        "end": 86200
      },
      "Fair price": {
        "start": 86201,
        "end": 95900
      },
      "Increased price": {
        "start": 95901,
        "end": 103000
      },
      "High price": {
        "start": 103001,
        "end": 114400
      }
    }
  },
  "description": "Sonstiges\nAblage für Wireless Charging\nActive Guard\nBlow by-Heizer\nBMW Apps\nDekodierung Zusatzfunktionen\nMWSt ausweisbar\nProbefahrt\nSteuerung EfficientDynamics\nSteuerung Karosserie\n\nAntrieb, Fahrwerk\nAdaptives M Fahrwerk\nAllrad\nM Carbon-Keramik-Bremse\nM Drive Professional\nM Sportdifferenzial\n\nEditionen und Pakete\nAblagenpaket\nConnected Package Professional (laufzeitgebundener Dienst)\nConnectedDrive Services (laufzeitgebundener Dienst)\nInnovationspaket\nM Driver's Package\nM Race Track Paket\n\nExterieur\nDach und Spiegelkappen schwarz\nDachreling\n\nFahrerassistenz\nDriving Assistant Professional\nGesetzlicher Notruf\nParking Assistant Plus\nTeleservices\n\nIndividualumfänge\nIndividual\nM Dachreling Hochglanz Shadow Line\nM Hochglanz Shadow Line\nM Hochglanz Shadow Line mit erweiterten Umfängen\nM Leuchten Shadow Line\n\nKomfort, Innenausstattung\nFondkopfstützen klappbar\nGalvanikapplikation für Bedienelemente\nInnen- und Außenspiegelpaket\nInstrumententafel in Sensatec\nKlimaautomatik\nKomfortzugang\nLeder\nM Carbon Schalensitze\nM Interieurleisten 'Carbon Fibre'\nSitzheizung für Fahrer und Beifahrer\nSitzverstellung elektrisch mit Memory für Fahrersitz\nSonnenschutzverglasung\n\nMultimedia\nBMW Live Cockpit Professional (laufzeitgebundener Dienst)\nDAB Tuner\nHarman Kardon Surround Sound System\n\nRäder\nRadschraubensicherung\n\nSitzbezug\nLeder Merino Schwarz/Schwarz\n\nUmwelt, Sicherheit\nAbgasnorm EU6 RDE II\nABS\nAktiver Fussgängerschutz\nAlarmanlage mit Fernbedienung\nBeifahrerairbag-Deaktivierung\nBMW Laserlicht\nFernlichtassistent\nInnenspiegel automatisch abblendend\nReifendruck-Kontrolle\n\nBMW PREMIUM SELECTION Paket (optional)\nBMW Service Inclusive Paket (optional)\nLeichtmetallräder \nÜbergabeinspektion am 11.04.2024 bei 11 km \n\n* Einfahrkontrolle am 22.05.2024 bei 3031 km Irrtümer und Zwischenverkauf vorbehalten.",
  "dealerDetails": {
    "id": 461405,
    "name": "CUNTZ SPEYER",
    "sellerType": "Dealer",
    "phones": [
      "+49 (0)6232 859193655"
    ],
    "languages": [
      "Deutsch",
      "English",
      "Italiano",
      "Polski",
      "Español",
      "Türkçe"
    ],
    "country": "DE",
    "address": "Landwehrstrasse 33, DE-67346 Speyer",
    "location": {
      "latitude": 49.3400751,
      "longitude": 8.4276
    },
    "activeSince": "2000-01-17T00:00:00.000Z",
    "homepageUrl": "https://home.mobile.de/home/redirect.html?customerId=461405",
    "iconUrl": "https://img.classistatic.de/api/v1/mo-prod/images/1f/1f82a151-2585-4e11-bef7-a290ca111577?rule=mo-640.jpg",
    "reviewPageUrl": "https://www.mobile.de/bewertungen/CUNTZ-SPEYER?lang=en",
    "score": {
      "total": 4.6,
      "responseTime": 4.7,
      "friendliness": 4.7,
      "advice": 4.6
    },
    "activeRatingCount": 18,
    "vehicleAsDescribedPercentage": 93,
    "recommendPercentage": 93,
    "soldVehicleCount": null,
    "reviews": []
  },
  "attributes": {
    "Vehicle condition": "Used vehicle",
    "Category": "Estate car",
    "Model range": "G81",
    "Trim line": "Touring M xDrive M Drivers P. Laserlicht M Race Track ",
    "Vehicle Number": "B004400131NHB",
    "Availability": "Now",
    "Origin": "German edition",
    "Mileage": "15,729 km",
    "Cubic Capacity": "2,993 ccm",
    "Power": "375 kW (510 hp)",
    "Drive type": "Internal combustion engine",
    "Fuel": "Petrol",
    "Number of Seats": "5",
    "Door Count": "4/5",
    "Transmission": "Automatic",
    "Emission Class": "Euro6",
    "First Registration": "04/2024",
    "Construction Year": "2024",
    "Number of Vehicle Owners": "1",
    "HU": "New",
    "Climatisation": "Automatic climatisation, 3 zones",
    "Parking sensors": "360° camera, Self-steering systems, Front, Rear",
    "Airbags": "Front and Side and More Airbags",
    "Colour (Manufacturer)": "SL: frozen deep green",
    "Colour": "Green Metallic Matte",
    "Interior Design": "Full leather, Black",
    "Cylinders": "6"
  },
  "features": [
    "ABS",
    "Adaptive cornering lights",
    "Adaptive Cruise Control",
    "Alarm system",
    "Alloy wheels",
    "Ambient lighting",
    "Android Auto",
    "Apple CarPlay",
    "Arm rest",
    "Autom. dimming interior mirror",
    "Blind spot assist",
    "Bluetooth",
    "Cargo barrier",
    "Central locking",
    "DAB radio",
    "Digital cockpit",
    "Distance warning system",
    "Dynamic chassis control",
    "Electric seat adjustment",
    "Electric side mirror",
    "Electric tailgate",
    "Electric windows",
    "Eletric seat adjustment with memory function",
    "Emergency brake assist",
    "Emergency call system",
    "ESP",
    "Fatigue warning system",
    "Folding exterior mirrors",
    "Four-wheel drive",
    "Full Service History",
    "Glare-free high beam headlights",
    "Hands-free kit",
    "Head-up display",
    "Heated seats",
    "High beam assist",
    "Hill-start assist",
    "Immobilizer",
    "Induction charging for smartphones",
    "Isofix",
    "Keyless central locking",
    "Lane change assist",
    "Laser headlights",
    "Leather steering wheel",
    "LED running lights",
    "Light sensor",
    "Lumbar support",
    "Multifunction steering wheel",
    "Navigation preparation",
    "Navigation system",
    "On-board computer",
    "Paddle shifters",
    "Particulate filter",
    "Power Steering",
    "Rain sensor",
    "Roof rack",
    "Sound system",
    "Speed limit control system",
    "Sport seats",
    "Sports package",
    "Sports suspension",
    "Start-stop system",
    "Summer tyres",
    "Tinted windows",
    "Touchscreen",
    "Traction control",
    "Traffic sign recognition",
    "Tuner/radio",
    "Tyre pressure monitoring",
    "USB port",
    "Voice control",
    "Warranty"
  ]
},
{
  "title": "BMW M3 Touring xDrive Competition M*Carbon*HUD*H&K*",
  "previewImage": "https://img.classistatic.de/api/v1/mo-prod/images/26/264bb825-c93d-4d0d-bc80-5f96ee04f378?rule=mo-1600.jpg",
  "category": "EstateCar",
  "brand": "BMW",
  "model": "M3",
  "url": "https://suchen.mobile.de/fahrzeuge/details.html?id=433967610",
  "price.total.amount": 90370,
  "priceRating": {
    "rating": "Very good price",
    "priceRanges": {
      "Very good price": {
        "start": 71101,
        "end": 92400
      },
      "Good price": {
        "start": 92401,
        "end": 99500
      },
      "Fair price": {
        "start": 99501,
        "end": 110600
      },
      "Increased price": {
        "start": 110601,
        "end": 118800
      },
      "High price": {
        "start": 118801,
        "end": 132000
      }
    }
  },
  "description": "BMW M3 Competition Touring – Hochleistungskombi mit 530 PS, präziser M-Technologie und großzügigem Raumangebot. Sportliche Fahrdynamik trifft auf Alltagstauglichkeit. Die Ausstattungsliste unserer Fahrzeugs umfasst folgende Extras...\n\nSonderausstattung:\n\nAktive Sitzbelüftung vorn\nAdaptiver LED-Scheinwerfer\nActive Protection\nAkustikverglasung\nBremsanlage: Compound - M Bremssystem (Bremssättel Rot)\nBedienelemente galvanisiert\nDriving Assistant\nFahrassistenz-System: Fernlichtassistent\nGepäckraum-Paket\nInduktionsladeschale für Smartphone (Wireless Charging)\nKomfortzugang\nKlimaautomatik 3-Zonen mit autom. Umluft-Control\nLenkradheizung\nMetallic-Lackierung\nM Carbon Exterieurpaket\nM Leuchten Shadowline\nParking Assistant Plus\nSicherheitssystem Active Protection\nSitzbezug / Polsterung: Leder Merino Silverstone / Schwarz\nSonnenschutzrollo an Türscheiben hinten\nSound-System Harman-Kardon\nSitze vorn elektr. verstellbar (mit Memory)\nUltimate-Paket\nVerglasung Akustikglas\n\nWeitere Ausstattung:\n\nAblage-Paket\nAdaptives Fahrwerk M-Technic\nAirbag Beifahrerseite abschaltbar\nAirbag Fahrer-/Beifahrerseite\nAktives M Differential\nAmbiente-Beleuchtung\nAnhänger-Stabilisierungs-Programm (ASL)\nAusstattungs-Paket: Connected Professional\nAutomatische Stabilitäts-Control (ASC)\nAußenausstattung: Shadow-Line Hochglanz\nAußenausstattung: Shadow-Line Hochglanz (erweiterter Umfang)\nBlinkleuchte in Außenspiegel integriert\nBMW Live Cockpit Professional\nCompetition\nDach schwarz lackiert\nDachhimmel Anthrazit (BMW Individual)\nDachreling Hochglanz Shadow-Line\nDiebstahlsicherung für Räder (Felgenschlösser)\nDurchladeeinrichtung (Mittelarmlehne hinten)\nDynamische Stabilitäts-Control (DSC) mit erweiterter Umfang\nDynamische Tractions Control (DTC)\nEinstiegsleisten mit Einleger in Aluminium mit Schriftzug M\nErste Hilfe-Kasten / Verbandkasten\nFahrassistenz-System: Active Guard (Bremsassistent)\nFensterheber elektrisch vorn + hinten\nFreisprecheinrichtung Bluetooth mit USB-/Audio-Schnittstelle\nGepäckraum-Abtrennung (Netz)\nGetriebe Automatik - mit Steptronic und Drivelogic (8-Stufen)\nGetränkehalter\nHeckklappenbetätigung automatisch\nHeckleuchten LED\nInnenausstattung: Interieurleisten Alu Rhombicle mit Akzentleiste\nInnenspiegel mit Abblendautomatik\nIsofix-Aufnahmen für Kindersitz\nKarosserie: 5-türig\nKennzeichenbeleuchtung LED\nKnieairbag Fahrerseite\nKopf-Airbag-System hinten\nKopf-Airbag-System vorn\nKopfstützen hinten klappbar\nLendenwirbelstütze Sitz vorn links und rechts, elektr. verstellbar\nLenksäule (Lenkrad) mechan. verstellbar\nLeuchtweitenregelung\nLichtassistent (Follow me home)\nLM-Felgen\nM Drive (Fahrprofilauswahl)\nM Drive Professional (Fahrprofilauswahl)\nModellpflege\nMotor 3,0 Ltr. - 390 kW 24V TwinPower Turbo (S58)\nMultifunktion für Lenkrad\nOtto-Partikelfilter (OPF)\nPersonalisierungssystem (BMW ID)\nPersonalisierungssystem (Personal eSIM)\nRadioempfang digital (DAB+)\nReifen-Reparaturset (Mobility-Pack)\nReifendruck-Kontrollsystem\nReifenpannen-Anzeige\nSchadstoffarm nach Abgasnorm Euro 6e\nSchaltpunktanzeige\nScheinwerfer LED\nSeitenairbag vorn\nService-System: ConnectedDrive Services\nService-System: Gesetzlicher Notruf\nService-System: Intelligenter Notruf inkl. TeleServices\nSicherheitsgurte M\nSitzbezug / Polsterung: Leder Merino\nSitzheizung vorn\nSonnenschutzverglasung (hinten abgedunkelt)\nSpiegel-Paket\nSportdifferential\nSportsitze vorn (M-Technic)\nStart/Stop-Anlage (Funktion)\nSteckdose (12V-Anschluß) in Mittelkonsole vorn\nWarndreieck\nWärme-/Sonnenschutzverglasung\n\nEnglish: \n\nBMW M3 Competition Touring – high-performance estate with 530 hp, precise M technology, and generous space. Sporty driving dynamics meet everyday practicality. Our vehicle’s equipment includes the following extras\n\nSpecial equipment:\n\nActive seat ventilation, front\nAdaptive LED headlights\nActive Protection\nAcoustic glazing\nBraking system: Compound – M braking system (red brake calipers)\nGalvanized controls\nDriving Assistant\nDriver assistance system: High-beam assistant\nLuggage compartment package\nInductive charging tray for smartphone (wireless charging)\nComfort access\n3-zone automatic climate control with automatic air recirculation control\nSteering wheel heating\nMetallic paint\nM Carbon exterior package\nM Lights Shadowline\nParking Assistant Plus\nSafety system Active Protection\nSeat upholstery: Merino leather Silverstone / Black\nSun protection blinds for rear door windows\nHarman Kardon sound system\nFront seats electrically adjustable (with memory)\nUltimate package\nAcoustic glass\n\nInformationen\nFahrzeugbesichtigung nur nach telefonischer Terminvereinbarung\nKeine Haftung für Inseratsfehler bezüglich der Fahrzeugausstattung\nIrrtümer, Änderungen und Zwischenverkauf vorbehalten",
  "dealerDetails": {
    "id": 27808772,
    "name": "GRS Automotive GmbH",
    "sellerType": "Dealer",
    "phones": [
      "+49 (0)8654 589983034"
    ],
    "messengers": {
      "WHATS_APP": "+49 (0)1517 0653539"
    },
    "languages": [
      "Deutsch",
      "Pусский",
      "English"
    ],
    "country": "DE",
    "address": "Görlitzerstraße 15a, DE-83395 Freilassing",
    "location": {
      "latitude": 47.8534283,
      "longitude": 12.9634857
    },
    "activeSince": "2021-08-27T00:00:00.000Z",
    "homepageUrl": "https://home.mobile.de/home/redirect.html?customerId=27808772",
    "iconUrl": "https://img.classistatic.de/api/v1/mo-prod/images/52/52b87296-e113-4bd4-a98c-14fd6550515c?rule=mo-640.jpg",
    "reviewPageUrl": "https://www.mobile.de/bewertungen/GRSAUTOMOTIVEGMBH?lang=en",
    "score": {
      "total": 5,
      "responseTime": 5,
      "friendliness": 5,
      "advice": 5
    },
    "activeRatingCount": 4,
    "vehicleAsDescribedPercentage": 100,
    "recommendPercentage": 100,
    "soldVehicleCount": null,
    "reviews": []
  },
  "attributes": {
    "Vehicle condition": "Used vehicle, Accident-free",
    "Category": "Estate car",
    "Model range": "Baureihe M3 Touring (G81N)(07.2024->)",
    "Trim line": "xDrive Competition M",
    "Mileage": "4,037 km",
    "Cubic Capacity": "2,993 ccm",
    "Power": "390 kW (530 hp)",
    "Drive type": "Internal combustion engine",
    "Fuel": "Petrol",
    "CO₂ class": "Based on CO₂ emissions (combined)",
    "Fuel consumption": [
      "10.4 l/100km (combined)"
    ],
    "Number of Seats": "5",
    "Door Count": "4/5",
    "Emissions Sticker": "4 (Green)",
    "First Registration": "02/2025",
    "Number of Vehicle Owners": "1",
    "Climatisation": "Automatic climatisation, 3 zones",
    "Parking sensors": "360° camera, Front, Self-steering systems, Rear",
    "Airbags": "Front and Side and More Airbags",
    "Colour (Manufacturer)": "SAPHIRSCHWARZ",
    "Colour": "Black Metallic",
    "Interior Design": "Full leather, Other",
    "Weight": "1,940 kg",
    "Cylinders": "6",
    "Tank capacity": "59 l",
    "Energy consumption (comb.)": "10.4 l/100km",
    "CO₂ emissions (comb.)": "234 g/km"
  },
  "features": [
    "ABS",
    "Adaptive cornering lights",
    "Alarm system",
    "Alloy wheels",
    "Ambient lighting",
    "Android Auto",
    "Apple CarPlay",
    "Arm rest",
    "Autom. dimming interior mirror",
    "Blind spot assist",
    "Bluetooth",
    "Cargo barrier",
    "Central locking",
    "Cruise control",
    "DAB radio",
    "Digital cockpit",
    "Dynamic chassis control",
    "Electric seat adjustment",
    "Electric side mirror",
    "Electric tailgate",
    "Electric windows",
    "Eletric seat adjustment with memory function",
    "Emergency brake assist",
    "Emergency call system",
    "ESP",
    "Fatigue warning system",
    "Folding exterior mirrors",
    "Four-wheel drive",
    "Full Service History",
    "Glare-free high beam headlights",
    "Hands-free kit",
    "Head-up display",
    "Heated seats",
    "Heated steering wheel",
    "High beam assist",
    "Hill-start assist",
    "Immobilizer",
    "Induction charging for smartphones",
    "Integrated music streaming",
    "Isofix",
    "Keyless central locking",
    "Leather steering wheel",
    "LED headlights",
    "LED running lights",
    "Light sensor",
    "Lumbar support",
    "Multifunction steering wheel",
    "Navigation system",
    "Non-smoker vehicle",
    "On-board computer",
    "Paddle shifters",
    "Power Steering",
    "Rain sensor",
    "Rear traffic alert",
    "Roof rack",
    "Seat ventilation",
    "Sound system",
    "Sport seats",
    "Sports suspension",
    "Start-stop system",
    "Summer tyres",
    "Tinted windows",
    "Touchscreen",
    "Traction control",
    "Traffic sign recognition",
    "Tuner/radio",
    "Tyre pressure monitoring",
    "USB port",
    "Voice control",
    "Warranty",
    "Winter package",
    "WLAN / Wi-Fi hotspot"
  ]
},
{
  "title": "BMW M3 Touring xD Competition Facelift Carbon H&K",
  "previewImage": "https://img.classistatic.de/api/v1/mo-prod/images/d2/d24ad4f4-3618-49ec-a555-237fef74efe7?rule=mo-1600.jpg",
  "category": "EstateCar",
  "brand": "BMW",
  "model": "M3",
  "url": "https://suchen.mobile.de/fahrzeuge/details.html?id=425474434",
  "price.total.amount": 92701,
  "priceRating": {
    "rating": "Good price",
    "priceRanges": {
      "Very good price": {
        "start": 68801,
        "end": 89500
      },
      "Good price": {
        "start": 89501,
        "end": 96300
      },
      "Fair price": {
        "start": 96301,
        "end": 107100
      },
      "Increased price": {
        "start": 107101,
        "end": 115000
      },
      "High price": {
        "start": 115001,
        "end": 127800
      }
    }
  },
  "description": "Sonderausstattung:\nBMW Individuallackierung Dravit-Grau Metallic, Bremsanlage: Compound - M Bremssystem (Bremssättel Schwarz), Fahrassistenz-System: Fernlichtassistent, Innenausstattung: Interieurleisten Carbon, Innovations-Paket (2), Lenkrad heizbar, M Schalensitze Carbon, Metallic-Lackierung, Scheinwerfer BMW Individual Shadow-Line, Sitzbezug / Polsterung: Voll-Leder Merino\n\nWeitere Ausstattung:\nAblage-Paket, Adaptives Fahrwerk M-Technic, Airbag Beifahrerseite abschaltbar, Airbag Fahrer-/Beifahrerseite, Aktives M Differential, Ambiente-Beleuchtung, Anhänger-Stabilisierungs-Programm (ASL), Ausstattungs-Paket: Connected Professional, Automatische Stabilitäts-Control (ASC), Außenausstattung: Shadow-Line Hochglanz, Außenausstattung: Shadow-Line Hochglanz (erweiterter Umfang), Bedienelemente galvanisiert, Blinkleuchte in Außenspiegel integriert, BMW Live Cockpit Professional, Competition, Dach schwarz lackiert, Dachhimmel Anthrazit (BMW Individual), Dachreling Hochglanz Shadow-Line, Diebstahlsicherung für Räder (Felgenschlösser), Durchladeeinrichtung (Mittelarmlehne hinten), Dynamische Stabilitäts-Control (DSC) mit erweiterter Umfang, Dynamische Tractions Control (DTC), Einstiegsleisten mit Einleger in Aluminium mit Schriftzug M, Erste Hilfe-Kasten / Verbandkasten, Fahrassistenz-System: Active Guard (Bremsassistent), Fensterheber elektrisch vorn + hinten, Freisprecheinrichtung Bluetooth mit USB-/Audio-Schnittstelle, Gepäckraum-Abtrennung (Netz), Getriebe Automatik - mit Steptronic und Drivelogic (8-Stufen), Getränkehalter, Heckleuchten LED, Induktionsladeschale für Smartphone (Wireless Charging), Innenausstattung: Interieurleisten Alu Rhombicle mit Akzentleiste, Innenspiegel mit Abblendautomatik, Isofix-Aufnahmen für Kindersitz, Karosserie: 5-türig, Kennzeichenbeleuchtung LED, Klimaautomatik 3-Zonen mit autom. Umluft-Control, Knieairbag Fahrerseite, Kopf-Airbag-System hinten, Kopf-Airbag-System vorn, Kopfstützen hinten klappbar, Lendenwirbelstütze Sitz vorn links und rechts, elektr. verstellbar, Lenksäule (Lenkrad) mechan. verstellbar, Leuchtweitenregelung, Lichtassistent (Follow me home), LM-Felgen, M Drive (Fahrprofilauswahl), M Drive Professional (Fahrprofilauswahl), Modellpflege, Motor 3,0 Ltr. - 390 kW 24V TwinPower Turbo (S58), Multifunktion für Lenkrad, Otto-Partikelfilter (OPF), Parkassistent-Paket, Personalisierungssystem (BMW ID), Personalisierungssystem (Personal eSIM), Radioempfang digital (DAB+), Reifen-Reparaturset (Mobility-Pack), Reifendruck-Kontrollsystem, Reifenpannen-Anzeige, Schadstoffarm nach Abgasnorm Euro 6e, Schaltpunktanzeige, Scheinwerfer LED, Seitenairbag vorn, Service-System: ConnectedDrive Services, Service-System: Gesetzlicher Notruf, Service-System: Intelligenter Notruf inkl. TeleServices, Sicherheitsgurte M, Sitzbezug / Polsterung: Leder Merino, Sitze vorn elektr. verstellbar (mit Memory), Sitzheizung vorn, Sonnenschutzverglasung (hinten abgedunkelt), Sound-System Harman-Kardon, Spiegel-Paket, Sportdifferential, Sportsitze vorn (M-Technic), Start/Stop-Anlage (Funktion), Steckdose (12V-Anschluß) in Mittelkonsole vorn, Warndreieck, Wärme-/Sonnenschutzverglasung",
  "dealerDetails": {
    "id": 8099621,
    "name": "AUTOPARTNER BGL",
    "sellerType": "Dealer",
    "phones": [
      "+49 (0)8651 900906933"
    ],
    "messengers": {
      "WHATS_APP": "+49 (0)171 7347622"
    },
    "languages": [
      "Deutsch",
      "English"
    ],
    "country": "DE",
    "address": "Lofererstr 28, DE-83435 Bad Reichenhall",
    "location": {
      "latitude": 47.7338478,
      "longitude": 12.8772423
    },
    "activeSince": "2012-07-09T00:00:00.000Z",
    "homepageUrl": "https://home.mobile.de/home/redirect.html?customerId=8099621",
    "iconUrl": "https://img.classistatic.de/api/v1/mo-prod/images/94/94be5908-79ce-4fd7-8b4a-c523479237fb?rule=mo-640.jpg",
    "reviewPageUrl": "https://www.mobile.de/bewertungen/AUTOPARTNERAKCAMALOK?lang=en",
    "score": {
      "total": 4.6,
      "responseTime": 4.5,
      "friendliness": 4.6,
      "advice": 4.7
    },
    "activeRatingCount": 19,
    "vehicleAsDescribedPercentage": 88,
    "recommendPercentage": 88,
    "soldVehicleCount": null,
    "reviews": []
  },
  "attributes": {
    "Vehicle condition": "Used vehicle, Accident-free",
    "Category": "Estate car",
    "Model range": "Baureihe M3 Touring (G81N)(07.2024->)",
    "Trim line": "xDrive Competition M",
    "Mileage": "7,999 km",
    "Cubic Capacity": "2,993 ccm",
    "Power": "390 kW (530 hp)",
    "Drive type": "Internal combustion engine",
    "Fuel": "Petrol",
    "Number of Seats": "5",
    "Door Count": "4/5",
    "Transmission": "Automatic",
    "First Registration": "11/2024",
    "Number of Vehicle Owners": "1",
    "HU": "New",
    "Climatisation": "Automatic air conditioning",
    "Parking sensors": "Camera, Front, Rear",
    "Airbags": "Front and Side and More Airbags",
    "Colour (Manufacturer)": "DRAVITGRAU METALLIC",
    "Colour": "Grey Metallic",
    "Interior Design": "Full leather, Black",
    "Weight": "1,940 kg",
    "Cylinders": "6",
    "Tank capacity": "59 l"
  },
  "features": [
    "ABS",
    "Adaptive cornering lights",
    "Alarm system",
    "Alloy wheels",
    "Ambient lighting",
    "Android Auto",
    "Apple CarPlay",
    "Arm rest",
    "Blind spot assist",
    "Bluetooth",
    "Cargo barrier",
    "Central locking",
    "Cruise control",
    "DAB radio",
    "Digital cockpit",
    "Distance warning system",
    "Dynamic chassis control",
    "Electric seat adjustment",
    "Electric side mirror",
    "Electric tailgate",
    "Electric windows",
    "Eletric seat adjustment with memory function",
    "Emergency brake assist",
    "Emergency call system",
    "ESP",
    "Fatigue warning system",
    "Folding exterior mirrors",
    "Four-wheel drive",
    "Full Service History",
    "Hands-free kit",
    "Head-up display",
    "Heated seats",
    "High beam assist",
    "Hill-start assist",
    "Immobilizer",
    "Induction charging for smartphones",
    "Integrated music streaming",
    "Isofix",
    "Lane change assist",
    "Leather steering wheel",
    "LED headlights",
    "LED running lights",
    "Multifunction steering wheel",
    "Navigation system",
    "Non-smoker vehicle",
    "On-board computer",
    "Paddle shifters",
    "Power Steering",
    "Rain sensor",
    "Roof rack",
    "Sound system",
    "Speed limit control system",
    "Sport seats",
    "Sports package",
    "Sports suspension",
    "Start-stop system",
    "Summer tyres",
    "Tinted windows",
    "Touchscreen",
    "Traction control",
    "Traffic sign recognition",
    "Tuner/radio",
    "TV",
    "Tyre pressure monitoring",
    "USB port",
    "Voice control",
    "Warranty",
    "WLAN / Wi-Fi hotspot"
  ]
},
{
  "title": "BMW M3 Competition Touring INDIVIDUAL Carbon-Schalen",
  "previewImage": "https://img.classistatic.de/api/v1/mo-prod/images/41/418c63c9-60e3-4dfe-a570-f98c59a06c0b?rule=mo-1600.jpg",
  "category": "EstateCar",
  "brand": "BMW",
  "model": "M3",
  "url": "https://suchen.mobile.de/fahrzeuge/details.html?id=424173925",
  "price.total.amount": 91900,
  "priceRating": {
    "rating": "Increased price",
    "priceRanges": {
      "Very good price": {
        "start": 58101,
        "end": 75500
      },
      "Good price": {
        "start": 75501,
        "end": 81300
      },
      "Fair price": {
        "start": 81301,
        "end": 90500
      },
      "Increased price": {
        "start": 90501,
        "end": 97100
      },
      "High price": {
        "start": 97101,
        "end": 107900
      }
    }
  },
  "description": "Antrieb, Fahrwerk\nAdaptives M Fahrwerk\nAllrad\nM Drive Professional\nM Sportdifferenzial\nSportfahrwerk\n\nAußenausstattung\nDachreling Hochglanz Shadow-Line\nHeckklappenbetätigung automatisch\nWärme-/Sonnenschutzverglasung\n\nEditionen und Pakete\nAblagenpaket\nConnected Package Professional (laufzeitgebundener Dienst)\nConnectedDrive Services (laufzeitgebundener Dienst)\nExterieur-Paket M Carbon\nInnovations-Paket\n\nExterieur\nDachreling\nElektrische Gepäckraumklappe\n\nFahrerassistenz\nFahrassistenz-System: Driving Assistant Professional\nGesetzlicher Notruf\nPark Distance Control (PDC)\nParkassistent-Paket Plus\nRückfahrkamera\nSpurverlassenswarnung\nSpurwechselwarnung\nTeleservices\n\nIndividualumfänge\nM Dachreling Hochglanz Shadow Line\nM Hochglanz Shadow Line\nM Hochglanz Shadow Line mit erweiterten Umfängen\nScheinwerfer BMW Individual Shadow-Line\n\nKomfort, Innenausstattung\nAbstandsregeltempomat\nAmbiente-Beleuchtung\nAußenspiegel elektr. anklappbar\nAußenspiegel elektr. verstell- und heizbar\nBordcomputer\nDAB-Tuner (Radioempfang digital)\nDurchladeeinrichtung (Mittelarmlehne hinten)\nDurchladesystem\nEinparkhilfe Sensoren vorne\nFensterheber elektrisch\nFensterheber, elektrisch\nFondkopfstützen klappbar\nFreisprecheinrichtung Bluetooth mit USB-/Audio-Schnittstelle\nFunkfernbedienung\nGalvanikapplikation für Bedienelemente\nInduktionsladeschale für Smartphone (Wireless Charging)\nInnen- und Außenspiegelpaket\nInnenausstattung: Interieurleisten Carbon\nInnenspiegel mit Abblendautomatik\nIsofix-Aufnahmen für Kindersitz an Rücksitz\nKeyless Entry\nKlimaautomatik\nKlimaautomatik 3-Zonen mit autom. Umluft-Control\nKomfortzugang (Öffnungs- und Schließsystem)\nLeder\nLederlenkrad\nLendenwirbelstütze Sitz vorn links und rechts, elektr. verstellbar\nLenkrad (Leder) mit Multifunktion M-Technic\nLenkrad heizbar\nLordose\nM Schalensitze Carbon\nMultifunktionslenkrad\nPark-Distance-Control (PDC) vorn und hinten\nScheibenwischer mit Regensensor\nService-System: Real Time Traffic Information (RTTI)\nSicherheitsgurte M\nSitze vorn elektr. verstellbar (mit Memory)\nSitzheizung\nSitzheizung für Fahrer und Beifahrer\nSitzheizung vorn + hinten\nSitzverstellung elektrisch mit Memory für Fahrersitz\nSpurhalteassistent\nStart/Stop-Anlage (Funktion)\nStart-Stop-Knopf\nWidescreen Display\nZentralverriegelung\nZentralverriegelung mit Fernbedienung\n\nMultimedia\nBluetooth\nBMW Live Cockpit Professional\nBordcomputer\nDAB Tuner\nFreisprecheinrichtung\nSound-System Harman-Kardon\nTelefon\nUSB Schnittstelle\n\nRäder\nLM-Felgen vorn/hinten: 9,5x19 / 10,5x20 (Doppelspeichen 826 M, Bicolor, Schwarz)\nRadschraubensicherung\n\nSitzbezug\nVollleder Merino Silverstone/Schwarz\n\nSonstiges\n19\"/20\" M Schmiederäder Doppelspeiche 826 M Bicolor Schwarz / MB\nAbdeckkappen Außenspiegel M Carbon\nAblage für Wireless Charging\nActive Guard\nBlow by-Heizer\nBMW Curved Display\nBMW Laserlicht\nBMW Live Cockpit Professional (laufzeitgebundener Dienst)\nControl-Display mit Farbmonitor (14,9 Zoll)\nDekodierung Zusatzfunktionen\nDeutsch / Bordliteratur\nDeutschland-Ausfuehrung\nDriving Assistant Professional\nElektrisch verstellbare Spiegel\nEntfall spezifischer Designumfänge\nEntfall spezifischer Designumfänge Exterieur\nEU-spezifische Zusatzumfaenge\nFahrassistenz-System: aktiver Spurhalteassistent\nFahrassistenz-System: Ampel-Erkennung\nFahrassistenz-System: Ausweich-Assistent\nFahrassistenz-System: Driving Assistant\nFahrassistenz-System: Falschfahrwarnung\nFahrassistenz-System: Frontkollisionswarnung\nFahrassistenz-System: Heckaufprall-Vermeidung (Prävention Heckkollision)\nFahrassistenz-System: Kreuzungs-Assistent\nFahrassistenz-System: Querverkehrs-Assistent\nFahrassistenz-System: Rückfahr-Assistent\nFahrassistenz-System: Spurwechselassistent\nFahrassistenz-System: Spurwechsel-Warnsystem\nFernlichtassistent\nGeschwindigkeits-Regelanlage, Aktiv mit Stop&Go-Funktion\nHarman Kardon Surround Sound System\nHeckdiffusor Carbon\nInnovationspaket\nKaeltemittel\nKilometertacho\nKomfortzugang\nLenkradheizung\nM Carbon Exterieurpaket\nM Carbon Schalensitze\nM Interieurleisten 'Carbon Fibre'\nM Leuchten Shadow Line\nM Sicherheitsgurte\nMüdigkeitswarnsystem\nNotrufsystem\nÖlwartungsintervall 24 Monate/30.000 km\nParking Assistant Plus\nReifendruckkontrollsystem\nReifensystem Performance\nRückfahrkamera (Top View)\nSteuerung EfficientDynamics\nSteuerung Infotainment\nSteuerung Karosserie\nSurround-Kamerasystem (Surround View)\n\nUmwelt, Sicherheit\nAbgasnorm EU6 RDE II\nABS\nAktiver Fussgängerschutz\nAlarmanlage mit Fernbedienung\nAuto Start/Stop Funktion \nBeifahrerairbag\nBeifahrerairbag-Deaktivierung\nESP\nFahrassistenz-System: Fernlichtassistent\nFahrerairbag\nInnenspiegel automatisch abblendend\nKindersitzbefestigung ISOFIX\nKopfairbag\nNotbremsassistent\nPASM\nRegensensor\nReifendruck-Kontrolle\nScheinwerfer Laserlicht\nSeitenairbag\nTraction Control\nWarndreieck\nWegfahrsperre\n\nEibach Federn Vorderachse, Frontsplitter, Spurverbreiterungen, CS-Niere, M Drivers Package. Irrtümer und Zwischenverkauf vorbehalten.",
  "dealerDetails": {
    "id": 456454,
    "name": "Autohaus Praller GmbH",
    "sellerType": "Dealer",
    "phones": [
      "+49 (0)9498 588983131"
    ],
    "languages": [
      "Deutsch",
      "English"
    ],
    "country": "DE",
    "address": "Regensburger Str. 35, DE-93180 Deuerling",
    "location": {
      "latitude": 49.0371467,
      "longitude": 11.9042841
    },
    "activeSince": "2002-07-17T00:00:00.000Z",
    "homepageUrl": "https://home.mobile.de/home/redirect.html?customerId=456454",
    "iconUrl": "https://img.classistatic.de/api/v1/mo-prod/images/5a/5adfb1fb-bb7e-449a-a133-0d97ad9ae5a4?rule=mo-640.jpg",
    "reviewPageUrl": "https://www.mobile.de/bewertungen/AH-PRALLER?lang=en",
    "score": {
      "total": 4.7,
      "responseTime": 4.6,
      "friendliness": 5,
      "advice": 4.5
    },
    "activeRatingCount": 8,
    "vehicleAsDescribedPercentage": 85,
    "recommendPercentage": 100,
    "soldVehicleCount": null,
    "reviews": []
  },
  "attributes": {
    "Vehicle condition": "Used vehicle, Accident-free",
    "Category": "Estate car",
    "Model range": "G81",
    "Trim line": "Touring INDIVIDUAL Carbon-Schalensitze Carbonpaket Las…",
    "Vehicle Number": "B00448020984",
    "Availability": "Now",
    "Mileage": "11,500 km",
    "Cubic Capacity": "2,993 ccm",
    "Power": "375 kW (510 hp)",
    "Drive type": "Internal combustion engine",
    "Fuel": "Petrol, E10-enabled",
    "Number of Seats": "5",
    "Door Count": "4/5",
    "Transmission": "Automatic",
    "Emission Class": "Euro6",
    "Emissions Sticker": "4 (Green)",
    "First Registration": "02/2024",
    "Number of Vehicle Owners": "1",
    "HU": "02/2027",
    "Climatisation": "Automatic climatisation, 3 zones",
    "Parking sensors": "360° camera, Front, Self-steering systems, Rear",
    "Airbags": "Front and Side and More Airbags",
    "Colour (Manufacturer)": "Sonderlack frozen tansanitblau m",
    "Colour": "Blue Metallic Matte",
    "Interior Design": "Full leather, Grey",
    "Weight": "1,940 kg",
    "Cylinders": "6",
    "Tank capacity": "59 l"
  },
  "features": [
    "ABS",
    "Adaptive cornering lights",
    "Adaptive Cruise Control",
    "Alarm system",
    "Alloy wheels",
    "Ambient lighting",
    "Android Auto",
    "Apple CarPlay",
    "Arm rest",
    "Autom. dimming interior mirror",
    "Blind spot assist",
    "Bluetooth",
    "Cargo barrier",
    "Central locking",
    "DAB radio",
    "Digital cockpit",
    "Distance warning system",
    "Dynamic chassis control",
    "Electric seat adjustment",
    "Electric side mirror",
    "Electric tailgate",
    "Electric windows",
    "Eletric seat adjustment with memory function",
    "Emergency brake assist",
    "Emergency call system",
    "ESP",
    "Fatigue warning system",
    "Folding exterior mirrors",
    "Four-wheel drive",
    "Full Service History",
    "Glare-free high beam headlights",
    "Hands-free kit",
    "Head-up display",
    "Heated seats",
    "Heated steering wheel",
    "High beam assist",
    "Hill-start assist",
    "Immobilizer",
    "Induction charging for smartphones",
    "Integrated music streaming",
    "Isofix",
    "Keyless central locking",
    "Lane change assist",
    "Laser headlights",
    "Leather steering wheel",
    "LED running lights",
    "Light sensor",
    "Lumbar support",
    "Multifunction steering wheel",
    "Navigation system",
    "Non-smoker vehicle",
    "On-board computer",
    "Paddle shifters",
    "Particulate filter",
    "Power Steering",
    "Rain sensor",
    "Roof rack",
    "Sound system",
    "Speed limit control system",
    "Sport seats",
    "Sports package",
    "Sports suspension",
    "Start-stop system",
    "Summer tyres",
    "Tinted windows",
    "Touchscreen",
    "Traction control",
    "Traffic sign recognition",
    "Tuner/radio",
    "Tyre pressure monitoring",
    "USB port",
    "Voice control",
    "Warranty",
    "WLAN / Wi-Fi hotspot"
  ]
},
{
  "title": "BMW M3 xDrive|SCHALE|CURVED|CARBON|COMPETITION|VOLL|",
  "previewImage": "https://img.classistatic.de/api/v1/mo-prod/images/1f/1f699ecb-fbc6-45dc-9f92-eebef701b21f?rule=mo-1600.jpg",
  "category": "Limousine",
  "brand": "BMW",
  "model": "M3",
  "url": "https://suchen.mobile.de/fahrzeuge/details.html?id=431769327",
  "price.total.amount": 92450,
  "priceRating": {
    "rating": "High price",
    "priceRanges": {
      "Very good price": {
        "start": 55001,
        "end": 71400
      },
      "Good price": {
        "start": 71401,
        "end": 76900
      },
      "Fair price": {
        "start": 76901,
        "end": 85600
      },
      "Increased price": {
        "start": 85601,
        "end": 91800
      },
      "High price": {
        "start": 91801,
        "end": 102100
      }
    }
  },
  "description": "Herzlich Willkommen bei Car-Vision!\n\nWir sind ein junges aufstrebendes Unternehmen und auf Fahrzeugvermittlungen spezialisiert.\n\nFür uns sind Autos Hobby und Leidenschaft zugleich!\n\nEin Spitzensportler in kraftvollem Design: Die BMW M3 Competition Limousine liefert 510 PS dank High-Performance M TwinPower Turbo Reihen-6-Zylinder-Benzinmotor.Sie stellt höchste Fahrdynamik sicher. Im Alltag wie auf der Rennstrecke.\n\nHier bieten wir Ihnen eine perfekt ausgestattete BMW M3 Competition Limousine der Baureihe G80 mit Allradantrieb an!\n\n\nWissenswertes:\n\n1. Hand (+ BMW AG)\ndeutsches Fahrzeug\nUnfallfrei / nachlackierungsfrei\nScheckheftgepflegt bei BMW\nService neu!\nKW Gewindefedern\nEibach Spurplatten\nCSL Felgen 20“ Square original\nCSL Carbon Frontspoiler lackiert\nCSL Heckklappe (original vorhanden)\nPerformance Style Seitenschweller\nPerformance Style Heckwinglets\nWBS41AY060FN32075\nBMW Garantie bis 07.2027\n\n\nZustand:\n\nDer M3 befindet sich in einem sehr guten Zustand ohne Beschädigungen. Der Innenraum ist ebenfalls neuwertig und einwandfrei, Verschleißteile und Reifen sind im grünen Bereich.\n\nDer Sitzbezug auf der Fahrerseite wird kommende Woche von BMW auf Kulanz getauscht, da sich eine Naht gelöst hat.\nKilometer können dazukommen, da das Fahrzeug noch bewegt wird.\n\n\nSonderausstattung:\n\nDer BMW kommt in der gefragten und sehr seltenen Farbkombination Feuer Orange III sowie individual Vollleder Merino schwarz orange / blau mit erweiterten Umfängen im Innenraum.\n\nDas Fahrzeug kommt direkt von BMW Individual und wurde angelehnt auf die Sondermodelle der 50 Jahre Edition konfiguriert. So sind auf den Kopfstützen vorne und hinten die M Farben eingenäht sowie die Kontrastnaht der Sitze in orange und blau.\n\n\nZur umfangreichen Serienausstattung hat er unter anderem:\n\n\nM Drive Professional\nM Carbon Schalensitze\nM Carbon Exterieurpaket\nAdaptives M Fahrwerk\nAlarmanlage\nLenkradheizung\nAutomatische Heckklappenbetätigung\nM Compound-bremse Schwarz Hochglänzend\nM Sportdifferential\nKomfortzugang\nM Drivers Package\nInnenspiegel,automatisch Abblendend\nInnen- Und Aussenspiegelpaket\nSitzverstellung, Elektr.mit Memory\nBmw Individual Leuchten Shadow Line\nAblagenpaket\nM Sicherheitsgurte\nSitzheizung\nInterieurleisten Carbon Fiber\nKlimaautomatik\nGalvanikapplikation für Bedienelemente\nActive Protection\nDriving Assistant\nFernlichtassistent\nBMW Laser Licht\nBeifahrerairbag-deaktivierung\nHead Up Display\nParking Assistant Plus\nDAB Tuner\nActive Guard\nFondkopfstuetzen Klappbar\nHarman Kardon Sound System\nConnected Package Professional\nBmw Live Cockpit Professional mit Curved Display\nWireless Charging Ablage\nBmw Individual Hochglanz Shadow Line Mit Erweiterten Umfängen\nDachhimmel Anthrazit\n\nund vieles mehr!\n\nSie haben eine weite Anfahrt zu uns?\n\nGerne können wir den Verkauf auch Online abwickeln, Ihnen weitere Fotos oder Videos von Ihrem Wunschfahrzeug zuschicken.\n\nWir legen großen Wert auf ein faires Preis-Leistungs-Verhältnis, bitten daher von dreisten und realitätsfernen Preisangeboten abzusehen.\n\nFinanzierung sowie Leasing ist über die Santander Consumer Bank möglich.\n\nGerne nehmen wir Ihr aktuelles Fahrzeug zu fairen Preisen in Zahlung!\n\nUnsere Fahrzeuge stehen in einer abgeschlossenen Halle, daher bitte unbedingt vorher anrufen und einen Termin für eine Besichtigung vereinbaren.\n\nHerzliche Grüße\nIhr Team von Car-Vision",
  "dealerDetails": {
    "id": 31730128,
    "name": "Car-Vision",
    "sellerType": "Dealer",
    "phones": [
      "+49 (0)7144 160971111"
    ],
    "messengers": {
      "WHATS_APP": "+49 (0)172 6517263"
    },
    "languages": [
      "Deutsch",
      "English"
    ],
    "country": "DE",
    "address": "Schickhardt Ring 20, DE-71726 Benningen",
    "location": {
      "latitude": 48.9360939,
      "longitude": 9.2348699
    },
    "activeSince": "2023-04-13T00:00:00.000Z",
    "homepageUrl": "https://home.mobile.de/home/redirect.html?customerId=31730128",
    "iconUrl": null,
    "reviewPageUrl": "https://www.mobile.de/bewertungen/CarVision?lang=en",
    "score": {
      "total": 4.9,
      "responseTime": 4.9,
      "friendliness": 4.9,
      "advice": 4.8
    },
    "activeRatingCount": 25,
    "vehicleAsDescribedPercentage": 95,
    "recommendPercentage": 95,
    "soldVehicleCount": null,
    "reviews": []
  },
  "attributes": {
    "Vehicle condition": "Used vehicle, Accident-free",
    "Category": "Saloon",
    "Model range": "Baureihe M3 Lim. (G80)(2020->)",
    "Trim line": "xDrive Competition",
    "Origin": "German edition",
    "Mileage": "19,950 km",
    "Cubic Capacity": "2,993 ccm",
    "Power": "375 kW (510 hp)",
    "Drive type": "Internal combustion engine",
    "Fuel": "Petrol",
    "Number of Seats": "5",
    "Door Count": "4/5",
    "Transmission": "Automatic",
    "Emission Class": "Euro6d-TEMP",
    "Emissions Sticker": "4 (Green)",
    "First Registration": "07/2022",
    "Number of Vehicle Owners": "2",
    "HU": "New",
    "Climatisation": "Automatic climatisation, 3 zones",
    "Parking sensors": "360° camera, Self-steering systems, Front, Rear",
    "Airbags": "Front and Side and More Airbags",
    "Colour (Manufacturer)": "FIRE ORANGE III INDIVIDUAL",
    "Colour": "Orange",
    "Interior Design": "Full leather, Black",
    "Weight": "1,805 kg",
    "Date of last service (date)": "07/2025",
    "Cylinders": "6",
    "Tank capacity": "59 l"
  },
  "features": [
    "ABS",
    "Adaptive cornering lights",
    "Alarm system",
    "Alloy wheels",
    "Ambient lighting",
    "Android Auto",
    "Apple CarPlay",
    "Arm rest",
    "Autom. dimming interior mirror",
    "Blind spot assist",
    "Bluetooth",
    "Central locking",
    "Cruise control",
    "DAB radio",
    "Digital cockpit",
    "Distance warning system",
    "Dynamic chassis control",
    "Electric seat adjustment",
    "Electric side mirror",
    "Electric tailgate",
    "Electric windows",
    "Eletric seat adjustment with memory function",
    "Emergency brake assist",
    "Emergency call system",
    "Emergency tyre repair kit",
    "ESP",
    "Fatigue warning system",
    "Folding exterior mirrors",
    "Four-wheel drive",
    "Full Service History",
    "Glare-free high beam headlights",
    "Hands-free kit",
    "Head-up display",
    "Heated rear seats",
    "Heated seats",
    "Heated steering wheel",
    "High beam assist",
    "Hill-start assist",
    "Immobilizer",
    "Induction charging for smartphones",
    "Integrated music streaming",
    "Isofix",
    "Keyless central locking",
    "Lane change assist",
    "Laser headlights",
    "Leather steering wheel",
    "LED running lights",
    "Light sensor",
    "Multifunction steering wheel",
    "Navigation preparation",
    "Navigation system",
    "New service",
    "Non-smoker vehicle",
    "On-board computer",
    "Paddle shifters",
    "Passenger seat Isofix point",
    "Power Steering",
    "Rain sensor",
    "Sound system",
    "Speed limit control system",
    "Sport seats",
    "Sports package",
    "Sports suspension",
    "Start-stop system",
    "Summer tyres",
    "Tinted windows",
    "Touchscreen",
    "Traction control",
    "Traffic sign recognition",
    "Tuner/radio",
    "Tyre pressure monitoring",
    "USB port",
    "Voice control",
    "Warranty",
    "WLAN / Wi-Fi hotspot"
  ]
},
{
  "title": "BMW Touring/Facelift/Keramik-Br/Carbon/Com.Acc",
  "previewImage": "https://img.classistatic.de/api/v1/mo-prod/images/e2/e266f21f-252e-40bb-bf9b-8aad15266abb?rule=mo-1600.jpg",
  "category": "EstateCar",
  "brand": "BMW",
  "model": "M3",
  "url": "https://suchen.mobile.de/fahrzeuge/details.html?id=433194687",
  "price.total.amount": 92500,
  "priceRating": {
    "rating": "Good price",
    "priceRanges": {
      "Very good price": {
        "start": 68201,
        "end": 88600
      },
      "Good price": {
        "start": 88601,
        "end": 95500
      },
      "Fair price": {
        "start": 95501,
        "end": 106200
      },
      "Increased price": {
        "start": 106201,
        "end": 114000
      },
      "High price": {
        "start": 114001,
        "end": 126600
      }
    }
  },
  "description": "Sonderausstattung:\n-Bremsanlage: M CARBON-KERAMIK\n-Aktive Sitzbelüftung vorn-BMW Drive Recorder (Dashcam)\n-Exterieur-Paket M\n-CarbonFahrassistenz-System: Driving Assistant Professional\n-Fahrassistenz-System: Fernlichtassistent\n-Fzg. ohne Modell-Schriftzug\n-Gepäckraum-Paket\n-Innenausstattung: Interieurleisten Carbon\n-Innovations-Paket (2)\n-Instrumententafel Luxury\n-Lenkrad heizbar\n-M Driver´s Package\n-Parkassistent-Paket Plus\n-Scheinwerfer BMW Individual Shadow-Line\n-Sicherheitssystem Active Protection\n-Sonnenschutzrollo an Türscheiben hinten\n-Verglasung Akustikglas\n\nWeitere Ausstattung:\nAblage-Paket, Adaptives Fahrwerk M-Technic, Airbag Beifahrerseite abschaltbar, Airbag Fahrer-/Beifahrerseite, Aktives M Differential, Ambiente-Beleuchtung, Anhänger-Stabilisierungs-Programm (ASL), Ausstattungs-Paket: Connected Professional, Automatische Stabilitäts-Control (ASC), Außenausstattung: Shadow-Line Hochglanz, Außenausstattung: Shadow-Line Hochglanz (erweiterter Umfang), Bedienelemente galvanisiert, Blinkleuchte in Außenspiegel integriert, BMW Live Cockpit Professional, Competition, Dach schwarz lackiert, Dachhimmel Anthrazit (BMW Individual), Dachreling Hochglanz Shadow-Line, Diebstahlsicherung für Räder (Felgenschlösser), Durchladeeinrichtung (Mittelarmlehne hinten), Dynamische Stabilitäts-Control (DSC) mit erweiterter Umfang, Dynamische Tractions Control (DTC), Einstiegsleisten mit Einleger in Aluminium mit Schriftzug M, Erste Hilfe-Kasten / Verbandkasten, Fahrassistenz-System: Active Guard (Bremsassistent), Fensterheber elektrisch vorn + hinten, Freisprecheinrichtung Bluetooth mit USB-/Audio-Schnittstelle, Gepäckraum-Abtrennung (Netz), Getriebe Automatik - mit Steptronic und Drivelogic (8-Stufen), Getränkehalter, Heckklappenbetätigung automatisch, Heckleuchten LED, Induktionsladeschale für Smartphone (Wireless Charging), Innenausstattung: Interieurleisten Alu Rhombicle mit Akzentleiste, Innenspiegel mit Abblendautomatik, Isofix-Aufnahmen für Kindersitz, Karosserie: 5-türig, Kennzeichenbeleuchtung LED, Klimaautomatik 3-Zonen mit autom. Umluft-Control, Knieairbag Fahrerseite, Kopf-Airbag-System hinten, Kopf-Airbag-System vorn, Kopfstützen hinten klappbar, Lendenwirbelstütze Sitz vorn links und rechts, elektr. verstellbar, Lenksäule (Lenkrad) mechan. verstellbar, Leuchtweitenregelung, Lichtassistent (Follow me home), LM-Felgen, M Drive (Fahrprofilauswahl), M Drive Professional (Fahrprofilauswahl), Modellpflege, Motor 3,0 Ltr. - 390 kW 24V TwinPower Turbo (S58), Multifunktion für Lenkrad, Otto-Partikelfilter (OPF), Personalisierungssystem (BMW ID), Personalisierungssystem (Personal eSIM), Radioempfang digital (DAB+), Reifen-Reparaturset (Mobility-Pack), Reifendruck-Kontrollsystem, Reifenpannen-Anzeige, Schadstoffarm nach Abgasnorm Euro 6e, Schaltpunktanzeige, Scheinwerfer LED, Seitenairbag vorn, Service-System: ConnectedDrive Services, Service-System: Gesetzlicher Notruf, Service-System: Intelligenter Notruf inkl. TeleServices, Sicherheitsgurte M, Sitzbezug / Polsterung: Leder Merino, Sitze vorn elektr. verstellbar (mit Memory), Sitzheizung vorn, Sonnenschutzverglasung (hinten abgedunkelt), Sound-System Harman-Kardon, Spiegel-Paket, Sportdifferential, Sportsitze vorn (M-Technic), Start/Stop-Anlage (Funktion), Steckdose (12V-Anschluß) in Mittelkonsole vorn, Warndreieck, Wärme-/Sonnenschutzverglasung\n\n- Die Bezahlung kann auch in der Kryptowährung USDC erfolgen. Payment can also be made in the cryptocurrency USDC.",
  "dealerDetails": {
    "id": 34988788,
    "name": "Friendly Motors",
    "sellerType": "Dealer",
    "phones": [
      "+49 (0)40 2263769010"
    ],
    "messengers": {
      "WHATS_APP": "+49 (0)176 20909738"
    },
    "languages": [
      "Deutsch",
      "Pусский",
      "English",
      "Română"
    ],
    "country": "DE",
    "address": "Börnsener Str. 36, DE-21039 Börnsen",
    "location": {
      "latitude": 53.4857665,
      "longitude": 10.290755
    },
    "activeSince": "2024-03-14T00:00:00.000Z",
    "homepageUrl": "https://home.mobile.de/home/redirect.html?customerId=34988788",
    "iconUrl": null,
    "reviewPageUrl": "https://www.mobile.de/bewertungen/FriendlyMotors?lang=en",
    "score": {
      "total": 5,
      "responseTime": 5,
      "friendliness": 5,
      "advice": 5
    },
    "activeRatingCount": 3,
    "vehicleAsDescribedPercentage": 100,
    "recommendPercentage": 100,
    "soldVehicleCount": null,
    "reviews": []
  },
  "attributes": {
    "Vehicle condition": "Used vehicle",
    "Category": "Estate car",
    "Model range": "Baureihe M3 Touring (G81N)(07.2024->)",
    "Trim line": "xDrive Competition M",
    "Origin": "German edition",
    "Mileage": "9,999 km",
    "Cubic Capacity": "2,993 ccm",
    "Power": "390 kW (530 hp)",
    "Drive type": "Internal combustion engine",
    "Fuel": "Petrol",
    "Number of Seats": "5",
    "Door Count": "4/5",
    "Emission Class": "Euro6",
    "Emissions Sticker": "4 (Green)",
    "First Registration": "09/2024",
    "Number of Vehicle Owners": "1",
    "HU": "09/2026",
    "Climatisation": "Automatic climatisation, 3 zones",
    "Parking sensors": "Front, 360° camera, Rear, Self-steering systems",
    "Airbags": "Front and Side and More Airbags",
    "Colour (Manufacturer)": "SAO PAULO GELB/ZESTY YELLOW UNI",
    "Colour": "Yellow",
    "Interior Design": "Full leather, Red",
    "Weight": "1,940 kg",
    "Cylinders": "6",
    "Tank capacity": "59 l"
  },
  "features": [
    "ABS",
    "Adaptive cornering lights",
    "Adaptive Cruise Control",
    "Alarm system",
    "Alloy wheels",
    "Ambient lighting",
    "Android Auto",
    "Apple CarPlay",
    "Arm rest",
    "Autom. dimming interior mirror",
    "Auxiliary heating",
    "Blind spot assist",
    "Bluetooth",
    "Cargo barrier",
    "Central locking",
    "DAB radio",
    "Digital cockpit",
    "Distance warning system",
    "Dynamic chassis control",
    "Electric seat adjustment",
    "Electric side mirror",
    "Electric tailgate",
    "Electric windows",
    "Eletric seat adjustment with memory function",
    "Emergency brake assist",
    "Emergency call system",
    "ESP",
    "Fatigue warning system",
    "Fog lamp",
    "Folding exterior mirrors",
    "Four-wheel drive",
    "Full Service History",
    "Glare-free high beam headlights",
    "Hands-free kit",
    "Headlight washer system",
    "Head-up display",
    "Heated seats",
    "Heated steering wheel",
    "High beam assist",
    "Hill-start assist",
    "Immobilizer",
    "Induction charging for smartphones",
    "Integrated music streaming",
    "Isofix",
    "Keyless central locking",
    "Lane change assist",
    "Leather steering wheel",
    "LED headlights",
    "LED running lights",
    "Light sensor",
    "Lumbar support",
    "Multifunction steering wheel",
    "Navigation preparation",
    "Navigation system",
    "Night vision assist",
    "Non-smoker vehicle",
    "On-board computer",
    "Paddle shifters",
    "Power Steering",
    "Rain sensor",
    "Rear traffic alert",
    "Roof rack",
    "Seat ventilation",
    "Ski bag",
    "Sound system",
    "Speed limit control system",
    "Sport seats",
    "Sports package",
    "Sports suspension",
    "Start-stop system",
    "Summer tyres",
    "Tinted windows",
    "Touchscreen",
    "Traction control",
    "Traffic sign recognition",
    "Tuner/radio",
    "Tyre pressure monitoring",
    "USB port",
    "Voice control",
    "Warranty",
    "Winter package",
    "WLAN / Wi-Fi hotspot"
  ]
},
{
  "title": "BMW M3 Competition M xDrive Touring M Drivers P.",
  "previewImage": "https://img.classistatic.de/api/v1/mo-prod/images/61/6185d046-9cee-4ba3-aa72-0406bfa210c8?rule=mo-1600.jpg",
  "category": "EstateCar",
  "brand": "BMW",
  "model": "M3",
  "url": "https://suchen.mobile.de/fahrzeuge/details.html?id=430912484",
  "price.total.amount": 91930,
  "priceRating": {
    "rating": "Fair price",
    "priceRanges": {
      "Very good price": {
        "start": 63001,
        "end": 81900
      },
      "Good price": {
        "start": 81901,
        "end": 88200
      },
      "Fair price": {
        "start": 88201,
        "end": 98100
      },
      "Increased price": {
        "start": 98101,
        "end": 105300
      },
      "High price": {
        "start": 105301,
        "end": 117000
      }
    }
  },
  "description": "Sonstiges\nAblage für Wireless Charging\nActive Guard\nBlow by-Heizer\nBMW Apps\nDekodierung Zusatzfunktionen\nKaeltemittel\nModellschriftzug - Entfall\nPersonal eSIM\nProbefahrt\nSteuerung EfficientDynamics\nSteuerung Karosserie\nUnfallfrei\n\nAntrieb, Fahrwerk\nAdaptives M Fahrwerk\nAllrad\nM Compound-Bremse, schwarz hochglänzend\nM Drive Professional\nM Sportdifferenzial\nSportfahrwerk\n\nEditionen und Pakete\nAblagenpaket\nConnected Package Professional (laufzeitgebundener Dienst)\nConnectedDrive Services (laufzeitgebundener Dienst)\nGepäckraumpaket\nInnovationspaket\nM Carbon Exterieurpaket\nM Driver's Package\n\nExterieur\nDach und Spiegelkappen schwarz\nDachreling\n\nFahrerassistenz\nDriving Assistant Professional\nGesetzlicher Notruf\nParking Assistant Plus\nTeleservices\n\nIndividualumfänge\nIndividual\nM Dachreling Hochglanz Shadow Line\nM Hochglanz Shadow Line\nM Hochglanz Shadow Line mit erweiterten Umfängen\nM Leuchten Shadow Line\n\nKomfort, Innenausstattung\nAktive Sitzbelüftung vorn\nFondkopfstützen klappbar\nGalvanikapplikation für Bedienelemente\nInnen- und Außenspiegelpaket\nKlimaautomatik\nKomfortzugang\nLeder\nLenkradheizung\nLordose\nLordosenstütze für Fahrer und Beifahrer\nM Interieurleisten 'Carbon Fibre'\nM Sicherheitsgurte\nM Sportsitze\nSitzheizung für Fahrer und Beifahrer\nSitzverstellung elektrisch mit Memory für Fahrersitz\nSonnenschutzverglasung\n\nMultimedia\nBMW Live Cockpit Professional (laufzeitgebundener Dienst)\nDAB Tuner\nHarman Kardon Surround Sound System\n\nRäder\n19\"/20\" M Schmieder. Doppelsp. 826 M Schwarz /MB, Track Reifen\nRadschraubensicherung\nReifenreparatur Set\n\nSitzbezug\nVollleder Merino Kyalami Orange/Schwarz\n\nUmwelt, Sicherheit\nAbgasnorm EU6 RDE II\nABS\nAktiver Fussgängerschutz\nAlarmanlage mit Fernbedienung\nBeifahrerairbag-Deaktivierung\nBMW Laserlicht\nFernlichtassistent\nInnenspiegel automatisch abblendend\nReifendruck-Kontrolle\nIrrtümer und Zwischenverkauf vorbehalten.",
  "dealerDetails": {
    "id": 469039,
    "name": "Autohaus Uwe Ratzel GmbH & Co.KG",
    "sellerType": "Dealer",
    "phones": [
      "+49 (0)7247 206902324"
    ],
    "languages": [
      "Deutsch",
      "English"
    ],
    "country": "DE",
    "address": "Lorenzstr. 1, DE-76297 Stutensee-Blankenloch",
    "location": {
      "latitude": 49.0761097,
      "longitude": 8.4598459
    },
    "activeSince": "2003-06-02T00:00:00.000Z",
    "homepageUrl": "https://home.mobile.de/home/redirect.html?customerId=469039",
    "iconUrl": null,
    "reviewPageUrl": "https://www.mobile.de/bewertungen/AH-RATZEL?lang=en",
    "score": {
      "total": 4.8,
      "responseTime": 4.7,
      "friendliness": 4.9,
      "advice": 4.8
    },
    "activeRatingCount": 11,
    "vehicleAsDescribedPercentage": 100,
    "recommendPercentage": 100,
    "soldVehicleCount": null,
    "reviews": []
  },
  "attributes": {
    "Vehicle condition": "Used vehicle",
    "Category": "Estate car",
    "Model range": "M3 touring",
    "Trim line": "M xDrive Touring M Drivers P.",
    "Vehicle Number": "207",
    "Availability": "Now",
    "Mileage": "4,390 km",
    "Cubic Capacity": "2,993 ccm",
    "Power": "375 kW (510 hp)",
    "Drive type": "Internal combustion engine",
    "Fuel": "Petrol",
    "Number of Seats": "5",
    "Door Count": "4/5",
    "Transmission": "Manual gearbox",
    "Emission Class": "Euro6",
    "First Registration": "12/2023",
    "Number of Vehicle Owners": "1",
    "HU": "New",
    "Climatisation": "Automatic air conditioning",
    "Parking sensors": "Front, Self-steering systems, Rear",
    "Airbags": "Front and Side Airbags",
    "Colour (Manufacturer)": "Sonderlackierung",
    "Colour": "Orange",
    "Interior Design": "Full leather, Black",
    "Cylinders": "6"
  },
  "features": [
    "ABS",
    "Adaptive cornering lights",
    "Adaptive Cruise Control",
    "Alarm system",
    "Autom. dimming interior mirror",
    "Blind spot assist",
    "Bluetooth",
    "Central locking",
    "DAB radio",
    "Digital cockpit",
    "Distance warning system",
    "Electric seat adjustment",
    "Electric side mirror",
    "Electric windows",
    "Eletric seat adjustment with memory function",
    "Emergency call system",
    "ESP",
    "Four-wheel drive",
    "Glare-free high beam headlights",
    "Heated seats",
    "Heated steering wheel",
    "High beam assist",
    "Immobilizer",
    "Induction charging for smartphones",
    "Isofix",
    "Keyless central locking",
    "Lane change assist",
    "Laser headlights",
    "Light sensor",
    "Lumbar support",
    "Multifunction steering wheel",
    "Navigation system",
    "On-board computer",
    "Power Steering",
    "Roof rack",
    "Seat ventilation",
    "Sound system",
    "Sport seats",
    "Sports package",
    "Sports suspension",
    "Tinted windows",
    "Touchscreen",
    "Traction control",
    "Tuner/radio",
    "Tyre pressure monitoring",
    "Voice control",
    "Warranty"
  ]
},
{
  "title": "BMW M3 Carbon Exterieur*M Drivers Package*Driving A ",
  "previewImage": "https://img.classistatic.de/api/v1/mo-prod/images/50/50ea8623-6ef0-487e-8c30-e8911ac89fb9?rule=mo-1600.jpg",
  "category": "EstateCar",
  "brand": "BMW",
  "model": "M3",
  "url": "https://suchen.mobile.de/fahrzeuge/details.html?id=433749158",
  "price.total.amount": 92140,
  "priceRating": {
    "rating": "Fair price",
    "priceRanges": {
      "Very good price": {
        "start": 65101,
        "end": 84600
      },
      "Good price": {
        "start": 84601,
        "end": 91100
      },
      "Fair price": {
        "start": 91101,
        "end": 101400
      },
      "Increased price": {
        "start": 101401,
        "end": 108800
      },
      "High price": {
        "start": 108801,
        "end": 120900
      }
    }
  },
  "description": "Getriebe: Automatik\nTechnik: Allrad, Bordcomputer, Sperrdifferential, Adaptives Daempfungssystem, Start-Stop-Automatik, Volldigitales Kombiinstrument\nAssistenten: Totwinkel-Assistent, Müdigkeitserkennung, Verkehrszeichenerkennung, Park-Lenk-Assistent, Regensensor, Fernlichtassistent, Lichtsensor, Notbremsassistent, Berganfahrassistent, Spurhalteassistent, Spurwechselassistent, Abstandsregeltempomat, Ausparkassistent, Abstands-/Kollisionswarner\nKomfort: Klimaautomatik, Servolenkung, Zentralverriegelung, Elektrischer Fensterheber, Lederausstattung, Sitzheizung, Elektrische Aussenspiegel, Teilbare Ruecksitzlehne, Tempomat, Multifunktionslenkrad, Keyless Go Startfunktion, Elektrische Sitze, Innenspiegel autom. abblendbar, Mittelarmlehne, Innenraumfilter, Lenksaeule einstellbar, Sportsitze, ParkDistanceControl vorne und hinten, Elektrische Heckklappe, Keyless Entry, Memory Sitze, Ambientebeleuchtung, Lordosenstütze, Lederlenkrad, Geschwindigkeitsbegrenzungsanlage, Klimaautomatik-2-Zonen, Klimaautomatik-3-Zonen, Funkfernbedienung\nSicht: LED-Hauptscheinwerfer, adaptives Kurvenlicht, LED-Tagfahrlicht, 360 Grad Kamera, HEAD-UP-Display, LED-Rueckleuchten, Scheinwerferregulierung, Colorverglasung, Aussenspiegel beheizbar, Privacyverglasung\nSicherheit: ABS, Airbag, Beifahrer-Airbag, Wegfahrsperre, Seitenairbags, Alarmanlage, ESP, Antriebsschlupfregelung, Reifendruckkontrolle, Traktionskontrolle, Kopfairbag, Knieairbag, Kindersitzbefestigung, Anhängerstabilisierung, Notrufsystem, Pannenkit\nEntertainment: Navigationssystem, Soundsystem, Radio, Telefonvorbereitung, USB-Anschluss, MP3, Harman-Kardon, Bluetooth, Freisprecheinrichtung, Apple CarPlay, Android Auto, Sprachsteuerung, DAB, WLAN, Touchscreen, Induktionsladen für Smartphones, Musikstreaming, Navigationsvorbereitung\nUmwelt: Grüne Umweltplakette\nQualität: Garantie, Scheckheftgepflegt, HUAU neu, Nichtraucherfahrzeug\nSonstiges: Katalysator, Metallic, Sportausstattung, Alufelgen, Dachreling, Gepaeckraumabdeckung, Sportpaket, Sportfahrwerk, Lenkradheizung, Fahrerprofilauswahl, Sommerreifen, Gepäckraumabtrennung\nWeiteres: Leder Merino Schwarz/Schwarz, Abgasnorm EU6 RDE II, M Drive Professional, EU spezifische Umfänge, Lenkradheizung, Reifendruck-Kontrolle, Reifenreparatur Set, Alarmanlage, KOMFORTZUGANG, M Compound-Bremse, schwarz, M Leuchten Shadow Line, SONNENSCHUTZVERGLASUNG, M Carbon Schalensitze, M Interieurleisten Carbon Fibre, Galvanikapplikation für, Adaptiver LED-Scheinwerfer, FERNLICHTASSISTENT, Active Protection, DRIVING ASSISTANT PROFESSIONAL, Fondkopfstützen klappbar, PARKING ASSISTANT PLUS, DAB-Tuner, Harman Kardon Surround Sound System, gesetzlicher Notruf, Connecteddrive Services, Ablage für Wireless Charging, Personal eSIM, BMW Live Cockpit Professional, M Carbon Exterieurpaket, Innovationspaket, M Drivers Package, Deutschland-Ausführung, Ölwartungsintervall 30000 km / 24, COC Zusatzumfänge, KAELTEMITTEL, Steuerung FAS 18, Steuerung D, 19/20 M Schmiederäder, M Sportdifferenzial, Adaptives M Fahrwerk, M Dachreling Hochglanz Shadow Line, oxfordgrün II metallic, Innenspiegel automatisch Abblendend, Sitzverstellung, elektrisch mit, KLIMAAUTOMATIK, M Hochglanz Shadow Line, M Dachhimmel anthrazit, M Hochglanz Shadow Line mit, Aktiver Fußgängerschutz, Reifendruck-Kontrollsystem, Scheibenwischer mit Regensensor, Scheinwerfer LED, Knieairbag Fahrerseite, Heckleuchten LED, Ambiente-Beleuchtung, Leuchtweitenregelung, Multifunktion für Lenkrad, Lenksäule (Lenkrad) mechan. verstellbar, Reifen-Reparaturset (Mobility-Pack), Anhänger-Stabilisierungs-Programm (ASL), Sonnenschutzverglasung (hinten abgedunkelt), Klimaautomatik 3-Zonen mit autom. Umluft-Control, M Drive Professional (Fahrprofilauswahl), Schadstoffarm nach Abgasnorm Euro 6e, Aktives M Differential, Control-Display mit Farbmonitor (14,9 Zoll), Adaptives Fahrwerk M-Technic, LM-Felgen, Radioempfang digital (DAB+), Motor 3,0 Ltr. - 390 kW 24V, Personalisierungssystem (BMW ID), Einstiegsleisten mit Einleger in Aluminium mit Schriftzug M, Head-up-Display Full Color, Antriebsart: Allradantrieb, Spiegel-Paket, Motor 3,0 Ltr. - 390 kW 24V TwinPower Turbo (S58), Rückfahrkamera, Geschwindigkeits-Regelanlage, Aktiv mit Stop&Go-Funktion, Komfortzugang (Öffnungs- und Schließsystem)\nInt.KnNr: 072931\nÄnderungen, Zwischenverkauf und Irrtümer vorbehalten. \nTrotz größter Mühe und Sorgfalt sind Fehler in dieser Fahrzeugbeschreibung nicht ausgeschlossen. Die Fahrzeugbeschreibung ist unverbindlich und stellt keinen Vertragsbestandteil im rechtlichen Sinne dar sondern dient nur der allgemeinen Identifizierung des Fahrzeugs. Ausschlaggebend sind einzig und allein die Vereinbarungen im Kaufvertrag / Auftragsbestätigung. Den genauen Ausstattungsumfang sowie alle weiteren Spezifikationen des Fahrzeugs erhalten Sie von unserem Verkaufspersonal.\n\nquality by dotzilla",
  "dealerDetails": {
    "id": 454448,
    "name": "BMW Autohaus Sperber GmbH & Co. KG",
    "sellerType": "Dealer",
    "phones": [
      "+49 (0)951 96433385",
      "+49 (0)951 96430330"
    ],
    "languages": [
      "Deutsch",
      "English",
      "Français"
    ],
    "country": "DE",
    "address": "Ohmstrasse 10a, DE-96050 Bamberg",
    "location": {
      "latitude": 49.8972862,
      "longitude": 10.919498
    },
    "activeSince": "2002-07-22T00:00:00.000Z",
    "homepageUrl": "https://home.mobile.de/home/redirect.html?customerId=454448",
    "iconUrl": null,
    "reviewPageUrl": "https://www.mobile.de/bewertungen/AH-SPERBER?lang=en",
    "score": {
      "total": 4.4,
      "responseTime": 4.4,
      "friendliness": 4.6,
      "advice": 4.3
    },
    "activeRatingCount": 148,
    "vehicleAsDescribedPercentage": 91,
    "recommendPercentage": 82,
    "soldVehicleCount": null,
    "reviews": []
  },
  "attributes": {
    "Vehicle condition": "Used vehicle",
    "Category": "Estate car",
    "Trim line": "m3",
    "Vehicle Number": "072931",
    "Availability": "Now",
    "Mileage": "18,742 km",
    "Cubic Capacity": "2,993 ccm",
    "Power": "390 kW (530 hp)",
    "Drive type": "Internal combustion engine",
    "Fuel": "Petrol",
    "CO₂ class": "Based on CO₂ emissions (combined)",
    "Fuel consumption": [
      "10.4 l/100km (combined)",
      "15.8 l/100km (city)",
      "10.3 l/100km (suburban)",
      "8.8 l/100km (country road)",
      "9.8 l/100km (motorway)"
    ],
    "Energy costs for 15,000 km annual mileage": "€2,802/Year",
    "Fuel price": "€1.80/l (annual average 2024)",
    "Possible CO₂ costs over the next 10 years (15,000 km/year)": [
      "€4,477 (assuming an average CO₂ price of €127/t)",
      "€2,115 (assuming a low average CO₂ price of €60/t)",
      "€7,050 (assuming a high average CO₂ price of €200/t)"
    ],
    "Vehicle tax": "€480/Year",
    "Number of Seats": "5",
    "Door Count": "4/5",
    "Transmission": "Automatic",
    "Emissions Sticker": "4 (Green)",
    "First Registration": "11/2024",
    "Construction Year": "2024",
    "Number of Vehicle Owners": "1",
    "HU": "New",
    "Climatisation": "Automatic climatisation, 3 zones",
    "Parking sensors": "360° camera, Front, Self-steering systems, Rear",
    "Airbags": "Front and Side and More Airbags",
    "Colour (Manufacturer)": "Toronto Rot",
    "Colour": "Red Metallic",
    "Interior Design": "Full leather, Black",
    "Cylinders": "6",
    "Energy consumption (comb.)": "10.4 l/100km",
    "CO₂ emissions (comb.)": "235 g/km"
  },
  "features": [
    "ABS",
    "Adaptive cornering lights",
    "Adaptive Cruise Control",
    "Alarm system",
    "Alloy wheels",
    "Ambient lighting",
    "Android Auto",
    "Apple CarPlay",
    "Arm rest",
    "Autom. dimming interior mirror",
    "Blind spot assist",
    "Bluetooth",
    "Cargo barrier",
    "Central locking",
    "DAB radio",
    "Digital cockpit",
    "Distance warning system",
    "Dynamic chassis control",
    "Electric seat adjustment",
    "Electric side mirror",
    "Electric tailgate",
    "Electric windows",
    "Eletric seat adjustment with memory function",
    "Emergency brake assist",
    "Emergency call system",
    "Emergency tyre repair kit",
    "ESP",
    "Fatigue warning system",
    "Folding exterior mirrors",
    "Four-wheel drive",
    "Full Service History",
    "Hands-free kit",
    "Head-up display",
    "Heated seats",
    "Heated steering wheel",
    "High beam assist",
    "Hill-start assist",
    "Immobilizer",
    "Induction charging for smartphones",
    "Integrated music streaming",
    "Isofix",
    "Keyless central locking",
    "Lane change assist",
    "Leather steering wheel",
    "LED headlights",
    "LED running lights",
    "Light sensor",
    "Lumbar support",
    "Multifunction steering wheel",
    "Navigation preparation",
    "Navigation system",
    "Non-smoker vehicle",
    "On-board computer",
    "Power Steering",
    "Rain sensor",
    "Rear traffic alert",
    "Roof rack",
    "Sound system",
    "Speed limit control system",
    "Sport seats",
    "Sports package",
    "Sports suspension",
    "Start-stop system",
    "Summer tyres",
    "Tinted windows",
    "Touchscreen",
    "Traction control",
    "Traffic sign recognition",
    "Tuner/radio",
    "Tyre pressure monitoring",
    "USB port",
    "Voice control",
    "Warranty",
    "WLAN / Wi-Fi hotspot"
  ]
},
{
  "title": "BMW m3 Touring",
  "previewImage": "https://img.classistatic.de/api/v1/mo-prod/images/a9/a95d6839-823c-4051-8838-129356173000?rule=mo-1600.jpg",
  "category": "EstateCar",
  "brand": "BMW",
  "model": "M3",
  "url": "https://suchen.mobile.de/fahrzeuge/details.html?id=431727524",
  "price.total.amount": 92500,
  "priceRating": {
    "rating": "Good price",
    "priceRanges": {
      "Very good price": {
        "start": 68601,
        "end": 89200
      },
      "Good price": {
        "start": 89201,
        "end": 96000
      },
      "Fair price": {
        "start": 96001,
        "end": 106800
      },
      "Increased price": {
        "start": 106801,
        "end": 114700
      },
      "High price": {
        "start": 114701,
        "end": 127400
      }
    }
  },
  "description": "der M3 h&r gewindefdern\n3 Jahre Wartung frei\nGarantie bis 10/2027",
  "dealerDetails": {
    "sellerType": "Private Seller",
    "country": "DE",
    "address": "DE-66564 Ottweiler",
    "location": {
      "latitude": 49.40453,
      "longitude": 7.16778
    },
    "iconUrl": null,
    "reviewPageUrl": null,
    "score": null,
    "activeRatingCount": null,
    "vehicleAsDescribedPercentage": null,
    "recommendPercentage": null,
    "soldVehicleCount": null,
    "reviews": []
  },
  "attributes": {
    "Vehicle condition": "Used vehicle",
    "Category": "Estate car",
    "Mileage": "7,000 km",
    "Power": "390 kW (530 hp)",
    "Drive type": "Internal combustion engine",
    "Fuel": "Petrol",
    "Transmission": "Automatic",
    "First Registration": "10/2024",
    "HU": "10/2027",
    "Colour (Manufacturer)": "GREY"
  },
  "features": []
},
{
  "title": "BMW M3 Comp. ~Laser~Stzlft~Carbon~Prof~Brutto",
  "previewImage": "https://img.classistatic.de/api/v1/mo-prod/images/6e/6e454588-5a57-4afa-b889-7a9fae3ccadc?rule=mo-1600.jpg",
  "category": "Limousine",
  "brand": "BMW",
  "model": "M3",
  "url": "https://suchen.mobile.de/fahrzeuge/details.html?id=431635064",
  "price.total.amount": 91999,
  "priceRating": {
    "rating": "Fair price",
    "priceRanges": {
      "Very good price": {
        "start": 61301,
        "end": 79700
      },
      "Good price": {
        "start": 79701,
        "end": 85800
      },
      "Fair price": {
        "start": 85801,
        "end": 95500
      },
      "Increased price": {
        "start": 95501,
        "end": 102500
      },
      "High price": {
        "start": 102501,
        "end": 113900
      }
    }
  },
  "description": "Erstbesitzer, Deutsche Ausführung\nScheckheftgepflegt bei Nefzger Berlin (BMW)\nPreis versteht sich BRUTTO\n\nSkyscraper Grau metallic\nVOLLLEDER Merino Feinnarbe Schwarz/Schwarz\nGalvanikapplikation für Bedienelemente\nLenkradheizung\nAutomatische Heckklappenbetätigung\nKomfortzugang\nAkustikverlasung\nM-Compound Bremse, rot hochglänzend\nM Leuchten SHADOW LINE (schwarze Scheinwerfer)\nM Sicherheitsgurte\nM Interieueleisten Carbon Fibre\nM CARBON EXTERIEURPAKET\nINNOVATIONSPAKET\nSonnenschutzverglasung\nAktive Sitzbelüftung, vorn\nSitzheizung, vorn\nSitzverstellung elektrisch mit Memory Fahrersitz\nBMW LASERLICHT\nDriving Assistent PROFESSIONAL\nParking Assistent PROFESSIONAL\nHarmon Kardon Sourround Sound System\nBMW Drive Recorder (Dashcam)\nBMW Live Cockpit PROFESSIONAL\n\n2 Schlüssel + Komfortkarte\nOriginal Rechnung liegt vor\nGarantie ist noch bis 06/26",
  "dealerDetails": {
    "sellerType": "Private Seller",
    "country": "DE",
    "address": "DE-03099 Kolkwitz",
    "location": {
      "latitude": 51.751,
      "longitude": 14.24872
    },
    "iconUrl": null,
    "reviewPageUrl": null,
    "score": null,
    "activeRatingCount": null,
    "vehicleAsDescribedPercentage": null,
    "recommendPercentage": null,
    "soldVehicleCount": null,
    "reviews": []
  },
  "attributes": {
    "Vehicle condition": "Used vehicle",
    "Category": "Saloon",
    "Mileage": "11,800 km",
    "Power": "375 kW (510 hp)",
    "Drive type": "Internal combustion engine",
    "Fuel": "Petrol",
    "Transmission": "Automatic",
    "Emissions Sticker": "4 (Green)",
    "First Registration": "06/2024",
    "HU": "06/2027",
    "Climatisation": "A/C (man.)",
    "Parking sensors": "Rear",
    "Colour (Manufacturer)": "GREY"
  },
  "features": [
    "ABS",
    "Alloy wheels",
    "Bluetooth",
    "Cruise control",
    "Full Service History",
    "Hands-free kit",
    "Heated seats",
    "Navigation system",
    "Tuner/radio"
  ]
},
{
  "title": "BMW M3 Competition Lim. xDrive",
  "previewImage": "https://img.classistatic.de/api/v1/mo-prod/images/cd/cde1faae-66c3-40fc-8c8a-938e17d8e6ec?rule=mo-1600.jpg",
  "category": "Limousine",
  "brand": "BMW",
  "model": "M3",
  "url": "https://suchen.mobile.de/fahrzeuge/details.html?id=434386897",
  "price.total.amount": 93929,
  "priceRating": {
    "rating": "Good price",
    "priceRanges": {
      "Very good price": {
        "start": 71001,
        "end": 92300
      },
      "Good price": {
        "start": 92301,
        "end": 99400
      },
      "Fair price": {
        "start": 99401,
        "end": 110500
      },
      "Increased price": {
        "start": 110501,
        "end": 118600
      },
      "High price": {
        "start": 118601,
        "end": 131800
      }
    }
  },
  "description": "Fahrzeugnummer: man-180499\nSie erreichen uns direkt unter der Telefonnummer +49921959239004. \nFahrzeug wird als Vorführwagen angeboten.\n-Zulassung ab März 2026\n-Danach Nutzung 6 Monate / 18.000 KM\n-Anschließend Ummeldung und Auslieferung\n-Fahrzeug wird erst nach Kundenauftrag bestellt oder zugelassen \nNO EXPORT !\nKEIN VERKAUF AN HÄNDLER !\nNUR FÜR DEN DEUTSCHEN MARKT !\nHIGHLIGHTS & PAKETE\nSportpaket\nOptikpaket schwarz\n\n\nASSISTENZSYSTEME\nSpurwechselassistent\nParkhilfe(PDC) vorne + hinten\nAbstandstempomat\nSpurassistent\nVerkehrszeichenerkennung\nEinparkassistent\nNotbremsassistent\nRegensensor\nMüdigkeitswarnsystem\n360 Grad Kamera\nAbstandwarner\nTempomat\nStabilitätsprogramm (ESP)\nABS\nLichtsensor\nRückfahrkamera\n\nMOTOR GETRIEBE & FAHRWERK\nAutomatik\nSportfahrwerk\nTraktionskontrolle\nAllrad\n\nAUDIO & KOMMUNIKATION\nNavigation\nBluetooth(f. Handy)\nSprachsteuerung\nTouchscreen\nMusikstreaming\nAndroid Auto\nApple CarPlay\nBordcomputer\n\nINTERIEUR\nLederausstattung\nKlimaautomatik\nSportsitze\nHeadUp-Display\nel. Fensterheber vorne+hinten\nVirtualCockpit\nUhr&Drehzahlmesser\nSportlenkrad mit Schaltwippen&Uhr\nLenkradheizung\nUSB\nAmbientelicht\nInduktion\nFahrersitz höhenverstellbar\nRücksitzbank geteilt klappbar\nKopfairbag\nLordosenstütze\nIsoFix\nSitzheizung\nel. Sitzverstellung\nSeitenairbags\nFrontairbag\nNichtraucher\nMultifunktionslenkrad\nLederlenkrad\nMittelarmlehne\nMemorysitze (Fahrer)\n\nLICHT & SICHT\nLED-Scheinwerfer\nSpiegel autom. abblendend\nAdaptives Kurvenlicht\n\nRÄDER\nSommerreifen\nLeichtmetallfelgen\nReifendruckkontrolle\n\nTECHNIK & SICHERHEIT\nKeyless Entry (Open&Start)\nZentralverriegelung\nNotrufsystem\nAlarmanlage\nServolenkung\nBerganfahrhilfe\nelektr. Parkbremse\nWegfahrsperre\n\nEXTERIEUR\nAussenspiegel elektr. anklappbar\nAussenspiegel el. verstellbar und beheizbar\nAussenspiegel el. verstellbar\nSportabgasanlage\nPrivacy Verglasung\nbeheizte Aussenspiegel\nmetallic\nSonnenschutzverglasung\n\nSONSTIGE AUSSTATTUNGEN\nScheckheftgepflegt \nSie erreichen uns direkt unter der Telefonnummer +49921959239004. \n\nIhr Wunschfahrzeug konfigurieren wir Ihnen gerne im persönlichen Gespräch zu TOP-KONDITIONEN ! Bitte sprechen Sie uns an. \n\nIrrtum und Zwischenverkauf vorbehalten",
  "dealerDetails": {
    "id": 38944411,
    "name": "Autohaus Rhein Bayreuth, Zweigniederlassung der Autohaus Heermann und Rhein GmbH",
    "sellerType": "Dealer",
    "phones": [
      "+49 (0)921 5303996448"
    ],
    "languages": [
      "Deutsch"
    ],
    "country": "DE",
    "address": "Justus-Liebig-Straße 41, DE-95447 Bayreuth",
    "location": {
      "latitude": 49.9331127,
      "longitude": 11.563088
    },
    "activeSince": "2025-04-11T00:00:00.000Z",
    "homepageUrl": "https://home.mobile.de/home/redirect.html?customerId=38944411",
    "iconUrl": null,
    "reviewPageUrl": "https://www.mobile.de/bewertungen/AutohausRheinBayreuthZweigniederlassungderAutohausHeermannundRhe?lang=en",
    "score": {
      "total": 3.7,
      "responseTime": 4,
      "friendliness": 4,
      "advice": 3
    },
    "activeRatingCount": 1,
    "vehicleAsDescribedPercentage": null,
    "recommendPercentage": null,
    "soldVehicleCount": null,
    "reviews": []
  },
  "attributes": {
    "Vehicle condition": "Used vehicle, Accident-free",
    "Category": "Saloon, Demonstration Vehicle",
    "Model range": "G81",
    "Availability": "Now",
    "Origin": "German edition",
    "Mileage": "18,000 km",
    "Cubic Capacity": "2,993 ccm",
    "Power": "390 kW (530 hp)",
    "Drive type": "Internal combustion engine",
    "Fuel": "Petrol",
    "CO₂ class": "Based on CO₂ emissions (combined)",
    "Fuel consumption": [
      "10.1 l/100km (combined)",
      "15.3 l/100km (city)",
      "10.1 l/100km (suburban)",
      "8.7 l/100km (country road)",
      "9.5 l/100km (motorway)"
    ],
    "Energy costs for 15,000 km annual mileage": "€2,365/Year",
    "Fuel price": "€1.80/l (annual average 2025)",
    "Possible CO₂ costs over the next 10 years (15,000 km/year)": [
      "€4,362 (assuming an average CO₂ price of €127/t)",
      "€2,061 (assuming a low average CO₂ price of €60/t)",
      "€6,870 (assuming a high average CO₂ price of €200/t)"
    ],
    "Vehicle tax": "€456/Year",
    "Number of Seats": "5",
    "Door Count": "4/5",
    "Transmission": "Automatic",
    "Emissions Sticker": "4 (Green)",
    "First Registration": "08/2025",
    "Number of Vehicle Owners": "1",
    "Climatisation": "Automatic climatisation, 3 zones",
    "Parking sensors": "Front, Self-steering systems, Rear, 360° camera",
    "Airbags": "Front and Side and More Airbags",
    "Colour (Manufacturer)": "Skyscraper Grau",
    "Colour": "Grey Metallic",
    "Interior Design": "Full leather, Brown",
    "Cylinders": "6",
    "Energy consumption (comb.)": "10.1 l/100km",
    "CO₂ emissions (comb.)": "229 g/km"
  },
  "features": [
    "ABS",
    "Adaptive cornering lights",
    "Adaptive Cruise Control",
    "Alarm system",
    "Alloy wheels",
    "Ambient lighting",
    "Android Auto",
    "Apple CarPlay",
    "Arm rest",
    "Autom. dimming interior mirror",
    "Blind spot assist",
    "Bluetooth",
    "Central locking",
    "DAB radio",
    "Digital cockpit",
    "Distance warning system",
    "Dynamic chassis control",
    "Electric seat adjustment",
    "Electric side mirror",
    "Electric tailgate",
    "Electric windows",
    "Eletric seat adjustment with memory function",
    "Emergency brake assist",
    "Emergency call system",
    "ESP",
    "Fatigue warning system",
    "Folding exterior mirrors",
    "Four-wheel drive",
    "Full Service History",
    "Hands-free kit",
    "Head-up display",
    "Heated seats",
    "Heated steering wheel",
    "High beam assist",
    "Hill-start assist",
    "Immobilizer",
    "Induction charging for smartphones",
    "Integrated music streaming",
    "Isofix",
    "Keyless central locking",
    "Lane change assist",
    "Leather steering wheel",
    "LED headlights",
    "LED running lights",
    "Light sensor",
    "Lumbar support",
    "Multifunction steering wheel",
    "Navigation system",
    "Non-smoker vehicle",
    "On-board computer",
    "Paddle shifters",
    "Power Steering",
    "Rain sensor",
    "Speed limit control system",
    "Sport seats",
    "Sports package",
    "Sports suspension",
    "Summer tyres",
    "Tinted windows",
    "Touchscreen",
    "Traction control",
    "Traffic sign recognition",
    "Tuner/radio",
    "Tyre pressure monitoring",
    "USB port",
    "Voice control",
    "Warranty"
  ]
},
{
  "title": "BMW M3 xDrive Competition ACC 360° Sitzlüftung",
  "previewImage": "https://img.classistatic.de/api/v1/mo-prod/images/90/90b673b1-c1a9-40c4-9228-69172a492b76?rule=mo-1600.jpg",
  "category": "Limousine",
  "brand": "BMW",
  "model": "M3",
  "url": "https://suchen.mobile.de/fahrzeuge/details.html?id=434089520",
  "price.total.amount": 93989,
  "priceRating": {
    "rating": "Very good price",
    "priceRanges": {
      "Very good price": {
        "start": 73901,
        "end": 96100
      },
      "Good price": {
        "start": 96101,
        "end": 103500
      },
      "Fair price": {
        "start": 103501,
        "end": 115100
      },
      "Increased price": {
        "start": 115101,
        "end": 123600
      },
      "High price": {
        "start": 123601,
        "end": 137300
      }
    }
  },
  "description": "+WILLKOMMEN BEIM AUTOHAUS BAYERNCAR KÖNIGSBRUNN ...kaufen mit gutem Gefühl! ++ALLE FAHRZEUGE optional DEKRA geprüft !++Zwischenverkauf, Änderungen und Irrtümer vorbehalten ++WE ALSO SALE WITHOUT VAT FOR EXPORT-JUST ASK US!++ \nDeutschlandweite Zustellungen möglich!!!\n\nUnsere Serviceleistungen:\n- Allianz Automotive Garantie Erweiterung (optional)\n- Finanzierung über die BMW Premium Financial oder die Credit Plus Bank\nAb sofort sind wir über WhatsApp erreichbar.\nWhatsApp-/FaceTime Kontakt: +49-171 19 021 90\n\n++ BMW M3 Competition xDrive Limousine ++\nFarbe: 0475 Saphirschwarz Metallic\nPolster: LKSW Leder Merino Schwarz\n\nSonderausstattung:\n01MB M DRIVE PROFESSIONAL\n01U0 BMW LM Rad 826M JB\n0248 Lenkradheizung\n02PA Radschraubensicherung\n02T4 M Sportdifferenzial\n02VB Reifendruckanzeige\n02VC Reifenreparatur-Set\n02VF Adaptives M Fahrwerk\n0302 Alarmanlage\n0316 Automatische Heckklappenbetätigung\n0322 Komfortzugang\n03M6 M COMPOUND-BREMSE, SCHWARZ HOCHGL.\n03MF M Leuchten Shadow Line\n0420 Abgedunkelte Verglasung\n0428 Warndreieck und Verbandstasche\n0430 Innen-/Aussensp. mit Abblendautomatik\n0431 Innenspiegel automatisch abblendend\n0453 Klimatisierte Sitze vorne\n0459 Sitzverstellung elektrisch mit Memory\n0488 Lordosenstütze Fahrer u. Beifahrer\n0493 Ablagenpaket\n0494 Sitzheizung Fahrer/Beifahrer\n04GQ M Sicherheitsgurte\n04MC Interieurleisten Carbon Fibre\n04NE Blow-by-Heizer\n04U0 Galvanikapplikation Bedienelemente\n0534 Klimaautomatik\n0548 Kilometertacho\n0552 Adaptiver LED-Scheinwerfer\n05AC Fernlichtassistent\n05AL Active Protection\n05AU Driving Assistant Professional\n05AV Active Guard\n05DA Deaktivierung Airbag Beifahrer\n05DC Kopfstützen im Fond klappbar\n05DN Parkassistenzsystem Plus\n0654 DAB-Tuner (DAB+ fähig)\n0688 Harman/Kardon Surround Sound System\n06AE Teleservices\n06AF Gesetzlicher Notruf\n06AK Connected Drive Services\n06C4 Connected Package Professional\n06NX Storage tray wireless charging\n06PA Personal eSIM\n06U3 BMW Live Cockpit Professional\n06VB Steuerung Infotainment\n0712 M Sportsitz\n0760 Hochglanz Shadow-Line\n0775 Dachhimmel anthrazit\n07A2 Innovationspaket II\n07M9 M Shadow Line mit erweitertem Umfang\n​Serien-Ausstattung:\nAblage-Paket\nAdaptives Fahrwerk M-Technic\nAktives M Differential\nAlarmanlage\nAmbiente-Beleuchtung\nAntriebsart: Allradantrieb\nAusstattungs-Paket: Connected Professional\nAutomatische Stabilitäts-Control (ASC)\nShadow-Line Hochglanz (erweiterter Umfang)\nBlinkleuchte in Außenspiegel integriert\nBMW Live Cockpit Professional\nDachhimmel Anthrazit (BMW Individual)\nDiebstahl-Warnanlage\nDiebstahlsicherung für Räder (Felgenschlösser)\nDurchladeeinrichtung (Mittelarmlehne hinten)\nDynamische Stabilitäts-Control (DSC) mit erweiterter Umfang\nDynamische Tractions Control (DTC)\nEinstiegsleisten mit Einleger in Aluminium mit Schriftzug M\nActive Guard (Bremsassistent)\nFreisprecheinrichtung Bluetooth mit USB-/Audio-Schnittstelle\nGeschwindigkeits-Begrenzeranlage (Speed Limit Device)\nGetriebe Automatik - mit Steptronic und Drivelogic (8-Stufen)\nGetränkehalter\nHeckleuchten LED\nInduktionsladeschale für Smartphone (Wireless Charging)\nInnenspiegel mit Abblendautomatik\nIsofix-Aufnahmen für Kindersitz\nKennzeichenbeleuchtung LED\nKlimaautomatik 3-Zonen mit autom. Umluft-Control\nKopfstützen hinten klappbar\nLeichtbaudach (kohlefaserverstärkter Kunststoff, CFK)\nLendenwirbelstütze Sitz vorn links und rechts, elektr. verstellbar\nLenkrad (Leder) mit Multifunktion M-Technic\nLeuchtweitenregelung\nLicht- und Regensensor\nLichtassistent (Follow me home)\nM Drive Professional (Fahrprofilauswahl)\nMultifunktion für Lenkrad\nPersonalisierungssystem (BMW ID)\nPersonalisierungssystem (Personal eSIM)\nRadioempfang digital (DAB+)\nReifen-Reparaturset (Mobility-Pack)\nIntelligenter Notruf inkl. TeleServices\nSicherheitsgurte M\nSitze vorn elektr. verstellbar (mit Memory)\nSonnenschutzverglasung (hinten abgedunkelt)\nSound-System Harman-Kardon\nSpiegel-Paket\nSportdifferential\nSportsitze vorn (M-Technic)\nStart/Stop-Anlage (Funktion)\nSteckdose (12V-Anschluß) in Mittelkonsole vorn\nWärme-/Sonnenschutzverglasung\nZentralverriegelung mit Diebstahlsicherung und Crashsensor\n\nWir bieten unsere Fahrzeuge bereits kurz nach Kauf und ohne Bilder an. Sobald diese bei uns eingetroffen sind werden Bilder eingestellt.\nMit einer Bestellung versenden wir nochmal eine detaillierte Aufstellung der kompletten Fahrzeugausstattung. Wir bitten diese vor Vertragsabschluß sorgfältig zu lesen, da Fehler\nim Inserat vorbehaltlich sind und Irrtümer nicht ausgeschlossen werden können.",
  "dealerDetails": {
    "id": 451587,
    "name": "BayernCar GmbH",
    "sellerType": "Dealer",
    "phones": [
      "+49 (0)8231 926996802"
    ],
    "messengers": {
      "WHATS_APP": "+49 (0)171 1902190"
    },
    "languages": [
      "Deutsch",
      "English"
    ],
    "country": "DE",
    "address": "Dornierstraße 10, DE-86343 Königsbrunn",
    "location": {
      "latitude": 48.2539715,
      "longitude": 10.8711669
    },
    "activeSince": "2005-10-17T00:00:00.000Z",
    "homepageUrl": "https://home.mobile.de/home/redirect.html?customerId=451587",
    "iconUrl": "https://img.classistatic.de/api/v1/mo-prod/images/f7/f73f1ae9-a818-4727-830b-e5061e043ce7?rule=mo-640.jpg",
    "reviewPageUrl": "https://www.mobile.de/bewertungen/BAYERN-CAR?lang=en",
    "score": {
      "total": 4.6,
      "responseTime": 4.6,
      "friendliness": 4.7,
      "advice": 4.5
    },
    "activeRatingCount": 47,
    "vehicleAsDescribedPercentage": 94,
    "recommendPercentage": 94,
    "soldVehicleCount": null,
    "reviews": []
  },
  "attributes": {
    "Vehicle condition": "Used vehicle, Accident-free",
    "Category": "Saloon, Demonstration Vehicle",
    "Model range": "Baureihe M3 Lim. (G80N)(07.2024->)",
    "Trim line": "xDrive Competition M",
    "Vehicle Number": "25-32510",
    "Availability": "From Oct 31, 2025",
    "Mileage": "6,000 km",
    "Cubic Capacity": "2,993 ccm",
    "Power": "390 kW (530 hp)",
    "Drive type": "Internal combustion engine",
    "Fuel": "Petrol",
    "CO₂ class": "Based on CO₂ emissions (combined)",
    "Fuel consumption": [
      "10.1 l/100km (combined)"
    ],
    "Energy costs for 15,000 km annual mileage": "€2,802/Year",
    "Fuel price": "€1.85/l (annual average 2024)",
    "Possible CO₂ costs over the next 10 years (15,000 km/year)": [
      "€3,916 (assuming an average CO₂ price of €115/t)",
      "€1,702 (assuming a low average CO₂ price of €50/t)",
      "€6,470 (assuming a high average CO₂ price of €190/t)"
    ],
    "Number of Seats": "5",
    "Door Count": "4/5",
    "Transmission": "Automatic",
    "Emission Class": "Euro6",
    "Emissions Sticker": "4 (Green)",
    "First Registration": "06/2025",
    "Number of Vehicle Owners": "1",
    "HU": "06/2028",
    "Climatisation": "Automatic climatisation, 3 zones",
    "Parking sensors": "Front, 360° camera, Rear, Self-steering systems",
    "Airbags": "Front and Side and More Airbags",
    "Colour (Manufacturer)": "(0475) Saphirschwarz Metal",
    "Colour": "Black Metallic",
    "Interior Design": "Full leather, Black",
    "Weight": "1,855 kg",
    "Cylinders": "6",
    "Energy consumption (comb.)": "10.1 l/100km",
    "CO₂ emissions (comb.)": "227 g/km"
  },
  "features": [
    "ABS",
    "Adaptive cornering lights",
    "Adaptive Cruise Control",
    "Alarm system",
    "Alloy wheels",
    "Ambient lighting",
    "Android Auto",
    "Apple CarPlay",
    "Arm rest",
    "Autom. dimming interior mirror",
    "Blind spot assist",
    "Bluetooth",
    "Cargo barrier",
    "Central locking",
    "DAB radio",
    "Digital cockpit",
    "Distance warning system",
    "Dynamic chassis control",
    "Electric side mirror",
    "Electric windows",
    "Eletric seat adjustment with memory function",
    "Emergency brake assist",
    "Emergency call system",
    "ESP",
    "Fatigue warning system",
    "Fog lamp",
    "Folding exterior mirrors",
    "Four-wheel drive",
    "Full Service History",
    "Glare-free high beam headlights",
    "Hands-free kit",
    "Head-up display",
    "Heated seats",
    "Heated steering wheel",
    "High beam assist",
    "Hill-start assist",
    "Immobilizer",
    "Induction charging for smartphones",
    "Integrated music streaming",
    "Isofix",
    "Keyless central locking",
    "Lane change assist",
    "Leather steering wheel",
    "LED headlights",
    "LED running lights",
    "Light sensor",
    "Lumbar support",
    "Multifunction steering wheel",
    "Navigation system",
    "Non-smoker vehicle",
    "On-board computer",
    "Paddle shifters",
    "Power Steering",
    "Rain sensor",
    "Rear traffic alert",
    "Seat ventilation",
    "Ski bag",
    "Sound system",
    "Speed limit control system",
    "Sport seats",
    "Sports package",
    "Sports suspension",
    "Start-stop system",
    "Summer tyres",
    "Tinted windows",
    "Touchscreen",
    "Traction control",
    "Traffic sign recognition",
    "Tuner/radio",
    "Tyre pressure monitoring",
    "USB port",
    "Voice control",
    "Warranty",
    "WLAN / Wi-Fi hotspot"
  ]
},
{
  "title": "BMW M3 Touring M xDrive - IND. MODEGRAU *VERMITTLUNG",
  "previewImage": "https://img.classistatic.de/api/v1/mo-prod/images/80/80d69457-d9b5-46d3-a3a8-bef250bf946a?rule=mo-1600.jpg",
  "category": "EstateCar",
  "brand": "BMW",
  "model": "M3",
  "url": "https://suchen.mobile.de/fahrzeuge/details.html?id=402465252",
  "price.total.amount": 93500,
  "priceRating": {
    "rating": "Fair price",
    "priceRanges": {
      "Very good price": {
        "start": 61501,
        "end": 80000
      },
      "Good price": {
        "start": 80001,
        "end": 86100
      },
      "Fair price": {
        "start": 86101,
        "end": 95800
      },
      "Increased price": {
        "start": 95801,
        "end": 102800
      },
      "High price": {
        "start": 102801,
        "end": 114300
      }
    }
  },
  "description": "VERMITTLUNGSVERKAUF IM AUFTRAG EINES KUNDEN\n\nBMW Herstellergarantie vorhanden!\n\nKontakt:\n\nVerkaufsleiter Herr Matthias Hollinger\nmatthias.hollinger@unterberger.cc\n+43 5372 6945-142\n\nFahrzeugstandort:\n\nBMW UNTERBERGER Kufstein\n6360 Kufstein - Österreich\nEndach 32\n\n\nSonderausstattung:\n\nInnovationspaket\nKomfort Paket\nSitzheizung Fahrer und Beifahrer\nAktive Sitzbelüftung vorn\nBMW Drive Recorder (Dashcam)\nBMW Individual-Sonderlackierung Modegrau Uni\nBMW Live Cockpit Professional\nFahrassistenz-System: Driving Assistant Professional\nFernlichtassistent\nInterieurleisten Carbon\nLenkrad heizbar\nLM-Felgen\nParkassistent-Paket Plus\nReifen-Reparaturset (Mobility-Pack)\nScheinwerfer BMW Individual Shadow-Line\nScheinwerfer Laserlicht\nSicherheitssystem Active Protection\nSonnenschutzverglasung (hinten abgedunkelt)\nSound-System Harman-Kardon\nVerglasung Akustikglas\nAblage-Paket\nAdaptives Fahrwerk M-Technic,\nAirbag Beifahrerseite abschaltbar\nAktives M Differential\nAmbiente-Beleuchtung",
  "dealerDetails": {
    "id": 457359,
    "name": "AUTOHAUS UNTERBERGER GmbH (BMW Vertragshändler)",
    "sellerType": "Dealer",
    "phones": [
      "+49 (0)8051 640994172"
    ],
    "languages": [
      "Deutsch",
      "English",
      "Türkçe"
    ],
    "country": "DE",
    "address": "Am Reitbach 2, DE-83209 Prien am Chiemsee",
    "location": {
      "latitude": 47.8441159,
      "longitude": 12.3462083
    },
    "activeSince": "2003-01-28T00:00:00.000Z",
    "homepageUrl": "https://home.mobile.de/home/redirect.html?customerId=457359",
    "iconUrl": "https://img.classistatic.de/api/v1/mo-prod/images/4f/4faad3e0-2155-4f52-937b-634649de0acd?rule=mo-640.jpg",
    "reviewPageUrl": "https://www.mobile.de/bewertungen/UNTERBERGER-GMBH-AH?lang=en",
    "score": {
      "total": 4.3,
      "responseTime": 4.3,
      "friendliness": 4.5,
      "advice": 4.2
    },
    "activeRatingCount": 15,
    "vehicleAsDescribedPercentage": 91,
    "recommendPercentage": 86,
    "soldVehicleCount": null,
    "reviews": []
  },
  "attributes": {
    "Vehicle condition": "Used vehicle, Accident-free",
    "Category": "Estate car",
    "Model range": "Baureihe M3 Touring (G81)(2022->)",
    "Trim line": "xDrive Competition",
    "Mileage": "11,000 km",
    "Cubic Capacity": "2,993 ccm",
    "Power": "375 kW (510 hp)",
    "Drive type": "Internal combustion engine",
    "Fuel": "Petrol",
    "CO₂ class": "Based on CO₂ emissions (combined)",
    "Fuel consumption": [
      "10.3 l/100km (combined)"
    ],
    "Number of Seats": "5",
    "Door Count": "4/5",
    "Transmission": "Automatic",
    "First Registration": "01/2024",
    "Number of Vehicle Owners": "1",
    "Climatisation": "Automatic climatisation, 3 zones",
    "Parking sensors": "Rear, 360° camera, Front, Self-steering systems",
    "Airbags": "Front and Side and More Airbags",
    "Colour (Manufacturer)": "SONDERLACKIERUNG - MODEGRAU UNI ",
    "Colour": "Grey",
    "Interior Design": "Full leather, Other",
    "Weight": "1,940 kg",
    "Cylinders": "6",
    "Tank capacity": "59 l",
    "Energy consumption (comb.)": "10.3 l/100km",
    "CO₂ emissions (comb.)": "234 g/km"
  },
  "features": [
    "ABS",
    "Adaptive cornering lights",
    "Adaptive Cruise Control",
    "Alarm system",
    "Alloy wheels",
    "Ambient lighting",
    "Android Auto",
    "Apple CarPlay",
    "Arm rest",
    "Autom. dimming interior mirror",
    "Blind spot assist",
    "Bluetooth",
    "Central locking",
    "DAB radio",
    "Digital cockpit",
    "Distance warning system",
    "Electric seat adjustment",
    "Electric side mirror",
    "Electric tailgate",
    "Electric windows",
    "Eletric seat adjustment with memory function",
    "Emergency brake assist",
    "Emergency call system",
    "Emergency tyre repair kit",
    "ESP",
    "Fatigue warning system",
    "Folding exterior mirrors",
    "Four-wheel drive",
    "Full Service History",
    "Glare-free high beam headlights",
    "Hands-free kit",
    "Head-up display",
    "Heated seats",
    "Heated steering wheel",
    "High beam assist",
    "Hill-start assist",
    "Immobilizer",
    "Induction charging for smartphones",
    "Isofix",
    "Keyless central locking",
    "Lane change assist",
    "Laser headlights",
    "Leather steering wheel",
    "LED running lights",
    "Light sensor",
    "Multifunction steering wheel",
    "Navigation system",
    "Non-smoker vehicle",
    "On-board computer",
    "Paddle shifters",
    "Power Steering",
    "Rain sensor",
    "Rear traffic alert",
    "Roof rack",
    "Seat ventilation",
    "Sound system",
    "Speed limit control system",
    "Sport seats",
    "Sports suspension",
    "Start-stop system",
    "Summer tyres",
    "Tinted windows",
    "Touchscreen",
    "Traction control",
    "Traffic sign recognition",
    "Tuner/radio",
    "Tyre pressure monitoring",
    "USB port",
    "Voice control",
    "Warranty"
  ]
},
{
  "title": "BMW M3 Touring xDr.COMPETITION.DR.ASS.PRO.360°HARMAN",
  "previewImage": "https://img.classistatic.de/api/v1/mo-prod/images/41/41e8e66d-2f24-49ea-b14f-9255965b4eba?rule=mo-1600.jpg",
  "category": "EstateCar",
  "brand": "BMW",
  "model": "M3",
  "url": "https://suchen.mobile.de/fahrzeuge/details.html?id=431521266",
  "price.total.amount": 92990,
  "priceRating": {
    "rating": "Very good price",
    "priceRanges": {
      "Very good price": {
        "start": 71601,
        "end": 93100
      },
      "Good price": {
        "start": 93101,
        "end": 100300
      },
      "Fair price": {
        "start": 100301,
        "end": 111500
      },
      "Increased price": {
        "start": 111501,
        "end": 119700
      },
      "High price": {
        "start": 119701,
        "end": 133000
      }
    }
  },
  "description": "Sonderausstattung:\n\n01CB CO2 Umfang\n01DF Abgasnorm EU6 rde II\n01MB M DRIVE PROFESSIONAL\n01U0 BMW LM Rad 826M JB\n0230 Zusatzumfang EU-spezifisch\n0248 Lenkradheizung\n02PA Radschraubensicherung\n02T4 M Sportdifferenzial\n02VB Reifendruckanzeige\n02VC Reifenreparatur-Set\n02VF Adaptives M Fahrwerk\n0302 Alarmanlage\n0322 Komfortzugang\n0383 Dach und Spiegelkappen schwarz\n03KA Akustik Komfort Verglasung\n03M5 M COMPOUND-BREMSE, ROT HOCHGLAENZ.\n03MC M Dachreling Shadow Line\n03MF M Leuchten Shadow Line\n0420 Abgedunkelte Verglasung\n0428 Warndreieck und Verbandstasche\n0430 Innen-/Aussensp. mit Abblendautomatik\n0431 Innenspiegel automatisch abblendend\n0453 Klimatisierte Sitze vorne\n0459 Sitzverstellung elektrisch mit Memory\n0488 Lordosenstütze Fahrer u. Beifahrer\n0493 Ablagenpaket\n0494 Sitzheizung Fahrer/Beifahrer\n04GQ M Sicherheitsgurte\n04MC Interieurleisten Carbon Fibre\n04NE Blow-by-Heizer\n04U0 Galvanikapplikation Bedienelemente\n0534 Klimaautomatik\n0548 Kilometertacho\n0552 Adaptiver LED-Scheinwerfer\n05AC Fernlichtassistent\n05AU Driving Assistant Professional\n05AV Active Guard\n05DA Deaktivierung Airbag Beifahrer\n05DC Kopfstützen im Fond klappbar\n05DN Parkassistenzsystem Plus\n0654 DAB-Tuner\n0688 Harman/Kardon Surround Sound System\n06AE Teleservices\n06AF Gesetzlicher Notruf\n06AK Connected Drive Services\n06C3 Connected Package Professional\n06NX Storage tray wireless charging\n06PA Personal eSIM\n06U3 BMW Live Cockpit Professional\n06VB Steuerung Infotainment\n0712 M Sportsitz\n0760 Hochglanz Shadow-Line\n0775 Dachhimmel anthrazit\n07A2 Innovationspaket II\n07CG BMW Repair Inclusive\n07M9 M Shadow Line mit erweitertem Umfang\n08EK Dummy-SALAPA\n08KA Ölwartungsintervall 24 Monate/30.000 km\n08R3 COC ZUSATZUMFAENGE\n08R9 Kältemittel R1234yf\n08TF Aktiver Fussgängerschutz\n08TR Dekodierung Zusatzfunktionen\n08WD Steuerung Fahrerassistenzsysteme\n08WM Steuerung D\n\n\nUnsere Email-Adresse: blautomobilegmbh@gmail.com \n\n\nWhatsApp Nr.: +49 151 46335420 (Deutsch, English) \n\n\nNEUZUSTAND\nUNFALLFREI\nNACHLACKIERUNGSFREI\nZINSGÜNSTIGE FINANZIERUNG\nNETTO VERKAUF MÖGLICH\n\n\n\nWir bitten Sie, für eine Fahrzeugbesichtigung in jedem Fall einen Termin mit uns zu vereinbaren. Einige unserer Fahrzeuge sind wegen Platzmangel nicht vor Ort sondern in einem externen Lager. Besichtigungen sind nur in unserem Showroom möglich, auf Basis einer Terminvereinbarung. \n\n\n\nBitte haben Sie Verständnis dafür, dass auch uns einmal Fehler unterlaufen können. Deshalb behalten wir uns Zwischenverkauf, Irrtümer und/oder Tippfehler im Internet-und Printmedien, insbesondere zu den technischen Angaben und den beworbenen Ausstattungsumfang ausdrücklich vor. Die potenziellen Kunden und Interessenten verpflichten sich den Fahrzeugzustand, Fahrzeugangaben oder dazugehörige Dokumenten selbst zu überprüfen. Vertragsgemäße Beschaffenheit ist nur die, welche bei Kaufabschluss vor Ort besichtigt und schriftlich zugesichert wurde.\n\n\nÖffnungszeiten: \n\nMontag bis Freitag von 9:00 Uhr bis 18:00 Uhr.\nSamstag und andere Termine nur nach tel. Absprache.\nAußerhalb der Öffnungszeiten nur über Handy erreichbar!",
  "dealerDetails": {
    "id": 10465924,
    "name": "BL Automobile GmbH.",
    "sellerType": "Dealer",
    "phones": [
      "+49 (0)821 9998686202"
    ],
    "messengers": {
      "WHATS_APP": "+49 (0)1514 6335420"
    },
    "languages": [
      "Deutsch",
      "English"
    ],
    "country": "DE",
    "address": "Parkstrasse 2, DE-86462 Langweid",
    "location": {
      "latitude": 48.4681795,
      "longitude": 10.865216
    },
    "activeSince": "2013-08-27T00:00:00.000Z",
    "homepageUrl": "https://home.mobile.de/home/redirect.html?customerId=10465924",
    "iconUrl": null,
    "reviewPageUrl": "https://www.mobile.de/bewertungen/BLAUTOMOBILEGMBH?lang=en",
    "score": {
      "total": 4.7,
      "responseTime": 4.7,
      "friendliness": 4.7,
      "advice": 4.7
    },
    "activeRatingCount": 50,
    "vehicleAsDescribedPercentage": 95,
    "recommendPercentage": 94,
    "soldVehicleCount": null,
    "reviews": []
  },
  "attributes": {
    "Vehicle condition": "Used vehicle, Accident-free",
    "Category": "Estate car",
    "Model range": "Baureihe M3 Touring (G81N)(07.2024->)",
    "Trim line": "xDrive Competition M",
    "Origin": "EU edition",
    "Mileage": "4,100 km",
    "Cubic Capacity": "2,993 ccm",
    "Power": "390 kW (530 hp)",
    "Drive type": "Internal combustion engine",
    "Fuel": "Petrol",
    "Number of Seats": "5",
    "Door Count": "4/5",
    "Transmission": "Automatic",
    "Emission Class": "Euro 6e",
    "Emissions Sticker": "4 (Green)",
    "First Registration": "03/2025",
    "Number of Vehicle Owners": "1",
    "Climatisation": "Automatic climatisation, 3 zones",
    "Parking sensors": "Self-steering systems, Rear, 360° camera, Front",
    "Airbags": "Front and Side and More Airbags",
    "Colour (Manufacturer)": "ALPINWEISS III",
    "Colour": "White",
    "Interior Design": "Full leather, Brown",
    "Weight": "1,940 kg",
    "Cylinders": "6",
    "Tank capacity": "59 l"
  },
  "features": [
    "ABS",
    "Adaptive cornering lights",
    "Adaptive Cruise Control",
    "Alarm system",
    "Alloy wheels",
    "Ambient lighting",
    "Android Auto",
    "Apple CarPlay",
    "Arm rest",
    "Autom. dimming interior mirror",
    "Blind spot assist",
    "Bluetooth",
    "Cargo barrier",
    "Central locking",
    "DAB radio",
    "Digital cockpit",
    "Distance warning system",
    "Electric seat adjustment",
    "Electric side mirror",
    "Electric tailgate",
    "Electric windows",
    "Eletric seat adjustment with memory function",
    "Emergency brake assist",
    "Emergency call system",
    "Emergency tyre repair kit",
    "ESP",
    "Fatigue warning system",
    "Fog lamp",
    "Folding exterior mirrors",
    "Four-wheel drive",
    "Full Service History",
    "Glare-free high beam headlights",
    "Hands-free kit",
    "Head-up display",
    "Heated seats",
    "Heated steering wheel",
    "High beam assist",
    "Hill-start assist",
    "Immobilizer",
    "Induction charging for smartphones",
    "Integrated music streaming",
    "Isofix",
    "Keyless central locking",
    "Lane change assist",
    "Leather steering wheel",
    "LED headlights",
    "LED running lights",
    "Light sensor",
    "Lumbar support",
    "Multifunction steering wheel",
    "Navigation preparation",
    "Navigation system",
    "Non-smoker vehicle",
    "On-board computer",
    "Paddle shifters",
    "Particulate filter",
    "Passenger seat Isofix point",
    "Power Steering",
    "Rain sensor",
    "Rear traffic alert",
    "Roof rack",
    "Seat ventilation",
    "Sound system",
    "Speed limit control system",
    "Sport seats",
    "Sports package",
    "Sports suspension",
    "Start-stop system",
    "Summer tyres",
    "Tinted windows",
    "Touchscreen",
    "Traction control",
    "Traffic sign recognition",
    "Tuner/radio",
    "Tyre pressure monitoring",
    "USB port",
    "Voice control",
    "Warranty",
    "WLAN / Wi-Fi hotspot"
  ]
},
{
  "title": "BMW M3 Competition M xDr Tour Individual Carbon Ext.",
  "previewImage": "https://img.classistatic.de/api/v1/mo-prod/images/99/9995af63-7caa-4b3d-908b-0d964345e224?rule=mo-1600.jpg",
  "category": "EstateCar",
  "brand": "BMW",
  "model": "M3",
  "url": "https://suchen.mobile.de/fahrzeuge/details.html?id=434386935",
  "price.total.amount": 92840,
  "priceRating": {
    "rating": "Good price",
    "priceRanges": {
      "Very good price": {
        "start": 70901,
        "end": 92200
      },
      "Good price": {
        "start": 92201,
        "end": 99300
      },
      "Fair price": {
        "start": 99301,
        "end": 110400
      },
      "Increased price": {
        "start": 110401,
        "end": 118500
      },
      "High price": {
        "start": 118501,
        "end": 131700
      }
    }
  },
  "description": "Ehemalige unverbindliche Preisempfehlung des Automobilherstellers: 123.890 €\nAdaptives M Fahrwerk\nConnected Package Professional\nBMW Live Cockpit Professional\nInnovationspaket II\nM Sportsitz\nAdaptiver LED-Scheinwerfer\nM Shadow Line mit erweitertem Umfang\nHarman/Kardon Surround Sound System\nGalvanikapplikation Bedienelemente\nParkassistenzsystem Plus\nKomfortzugang\nHochglanz Shadow-Line\nDachhimmel anthrazit\nSitzverstellung elektrisch mit Memory\nAbgedunkelte Verglasung\nKlimaautomatik\nActive Protection\nFernlichtassistent\nDAB-Tuner\nM Sicherheitsgurte\nDach und Spiegelkappen schwarz\nM Dachreling Shadow Line\nLordosenstütze Fahrer u. Beifahrer\nSitzheizung Fahrer/Beifahrer\nConnected Drive Services\nGepäckraumpaket\nAblagenpaket\nInterieurleisten Carbon Fibre\nReifendruckanzeige\nInnen-/Aussensp. mit Abblendautomatik\nInnenspiegel automatisch abblendend\nAlarmanlage\nKopfstützen im Fond klappbar\nDeaktivierung Airbag Beifahrer \nDen genauen Ausstattungsumfang erhalten Sie von unserem Verkaufspersonal. Bitte kontaktieren Sie uns. Zwischenverkauf und Irrtuemer vorbehalten.",
  "dealerDetails": {
    "id": 453459,
    "name": "Auto Individuell Automotive GmbH",
    "sellerType": "Dealer",
    "phones": [
      "+49 (0)5251 5323900"
    ],
    "languages": [
      "Deutsch",
      "Pусский",
      "English",
      "Polski"
    ],
    "country": "DE",
    "address": "Schulze-Delitzsch-Str. 30, DE-33100 Paderborn",
    "location": {
      "latitude": 51.715487,
      "longitude": 8.77881
    },
    "activeSince": "2000-05-30T00:00:00.000Z",
    "homepageUrl": "https://home.mobile.de/home/redirect.html?customerId=453459",
    "iconUrl": "https://img.classistatic.de/api/v1/mo-prod/images/be/bed26bd0-d606-4322-a241-fca006b91f99?rule=mo-640.jpg",
    "reviewPageUrl": "https://www.mobile.de/bewertungen/AUTOMOBILE-INDIVIDUELL?lang=en",
    "score": {
      "total": 4.6,
      "responseTime": 4.6,
      "friendliness": 4.7,
      "advice": 4.5
    },
    "activeRatingCount": 54,
    "vehicleAsDescribedPercentage": 91,
    "recommendPercentage": 93,
    "soldVehicleCount": null,
    "reviews": []
  },
  "attributes": {
    "Vehicle condition": "Used vehicle",
    "Category": "Estate car, Employee's Car",
    "Model range": "G81",
    "Vehicle Number": "204831",
    "Availability": "Now",
    "Origin": "German edition",
    "Mileage": "8,900 km",
    "Cubic Capacity": "2,993 ccm",
    "Power": "390 kW (530 hp)",
    "Drive type": "Internal combustion engine",
    "Fuel": "Petrol, E10-enabled",
    "CO₂ class": "Based on CO₂ emissions (combined)",
    "Fuel consumption": [
      "10.4 l/100km (combined)"
    ],
    "Number of Seats": "5",
    "Door Count": "4/5",
    "Transmission": "Automatic",
    "Emission Class": "Euro6d",
    "Emissions Sticker": "4 (Green)",
    "First Registration": "04/2025",
    "Number of Vehicle Owners": "1",
    "Climatisation": "Automatic climatisation, 2 zones",
    "Parking sensors": "360° camera, Front, Self-steering systems, Rear",
    "Airbags": "Front and Side and More Airbags",
    "Colour (Manufacturer)": "Frozen Dark Grey II",
    "Colour": "Grey Metallic",
    "Interior Design": "Full leather, Other",
    "Energy consumption (comb.)": "10.4 l/100km",
    "CO₂ emissions (comb.)": "234 g/km"
  },
  "features": [
    "ABS",
    "Adaptive cornering lights",
    "Adaptive Cruise Control",
    "Alarm system",
    "Alloy wheels",
    "Ambient lighting",
    "Android Auto",
    "Apple CarPlay",
    "Arm rest",
    "Autom. dimming interior mirror",
    "Blind spot assist",
    "Bluetooth",
    "Cargo barrier",
    "Central locking",
    "DAB radio",
    "Daytime running lights",
    "Digital cockpit",
    "Distance warning system",
    "Electric seat adjustment",
    "Electric side mirror",
    "Electric tailgate",
    "Electric windows",
    "Emergency brake assist",
    "Emergency call system",
    "ESP",
    "Fatigue warning system",
    "Folding exterior mirrors",
    "Four-wheel drive",
    "Full Service History",
    "Glare-free high beam headlights",
    "Hands-free kit",
    "Head-up display",
    "Heated seats",
    "High beam assist",
    "Hill-start assist",
    "Immobilizer",
    "Induction charging for smartphones",
    "Integrated music streaming",
    "Isofix",
    "Keyless central locking",
    "Lane change assist",
    "LED headlights",
    "Light sensor",
    "Lumbar support",
    "Multifunction steering wheel",
    "Navigation system",
    "Non-smoker vehicle",
    "On-board computer",
    "Paddle shifters",
    "Particulate filter",
    "Power Steering",
    "Rain sensor",
    "Sound system",
    "Speed limit control system",
    "Sport seats",
    "Sports package",
    "Sports suspension",
    "Start-stop system",
    "Summer tyres",
    "Tinted windows",
    "Touchscreen",
    "Traction control",
    "Traffic sign recognition",
    "Tuner/radio",
    "Tyre pressure monitoring",
    "USB port",
    "Voice control",
    "Warranty",
    "WLAN / Wi-Fi hotspot"
  ]
},
{
  "title": "BMW M3 Competition M xDrive Touring ACC DA-Pro PA+",
  "previewImage": "https://img.classistatic.de/api/v1/mo-prod/images/d2/d2092d44-40d2-44b3-9a1b-8fe11d27d5ed?rule=mo-1600.jpg",
  "category": "EstateCar",
  "brand": "BMW",
  "model": "M3",
  "url": "https://suchen.mobile.de/fahrzeuge/details.html?id=433798417",
  "price.total.amount": 92890,
  "priceRating": {
    "rating": "Good price",
    "priceRanges": {
      "Very good price": {
        "start": 67501,
        "end": 87700
      },
      "Good price": {
        "start": 87701,
        "end": 94500
      },
      "Fair price": {
        "start": 94501,
        "end": 105100
      },
      "Increased price": {
        "start": 105101,
        "end": 112800
      },
      "High price": {
        "start": 112801,
        "end": 125300
      }
    }
  },
  "description": "Ablage für Wireless Charging\nAblagenpaket\nActive Guard\nActive Protection\nAdaptiver LED-Scheinwerfer\nAdaptives M Fahrwerk\nAktiver Fußgängerschutz\nAkustikverglasung\nAlarmanlage mit Fernbedienung\nAllrad\nBeifahrerairbag-Deaktivierung\nBMW Live Cockpit Professional (laufzeitgebundener Dienst)\nConnected Package Professional (laufzeitgebundener Dienst)\nConnectedDrive Services (laufzeitgebundener Dienst)\nDAB Tuner\nDriving Assistant Professional\nFernlichtassistent\nFondkopfstützen klappbar\nGalvanikapplikation für Bedienelemente\nGepäckraumpaket\nGesetzlicher Notruf\nHarman Kardon Surround Sound System\nInnen- und Außenspiegelpaket\nInnenspiegel automatisch abblendend\nInnovationspaket\nKlimaautomatik\nKomfortzugang\nLeder Merino Schwarz/Schwarz\nLenkradheizung\nLordosenstütze für Fahrer und Beifahrer\nM Compound-Bremse, schwarz hochglänzend\nM Dachreling Hochglanz Shadow Line\nM Drive Professional\nM Hochglanz Shadow Line\nM Hochglanz Shadow Line mit erweiterten Umfängen\nM Interieurleisten Aluminium Rhombicle Anthrazit\nM Leuchten Shadow Line\nM Sicherheitsgurte\nM Sportdifferenzial\nM Sportsitze\nParking Assistant Plus\nPersonal eSIM\nReifendruck-Kontrolle\nSitzheizung für Fahrer und Beifahrer\nSitzverstellung elektrisch mit Memory für Fahrersitz\nSonnenschutzverglasung\nMtl. Leasingrate: 831,60 EUR inkl. MwSt.\nAnschaffungspreis 70.126,01 EUR\nSonderzahlung: 22.763,99 EUR\nLaufleistung p.a. 10.000km\nLaufzeit 48 Monate\nSollzinssatz p.a.: 5,80% (gebunden für die gesamte Vertragslaufzeit)\nEffektiver Jahreszins 5,96%\nGesamtbetrag 62.681,16 EUR\nEin unverbindliches Leasingbeispiel der BMW Bank GmbH - Lilienthalallee 26 - 80939 München.\n\n* 19\"/20\" M Schmiederäder Doppelspeiche 825 M silber mit Mischbereifung Irrtümer und Zwischenverkauf vorbehalten.",
  "dealerDetails": {
    "id": 454208,
    "name": "Autohaus Unterberger GmbH",
    "sellerType": "Dealer",
    "phones": [
      "+49 (0)8022 915905487"
    ],
    "languages": [
      "Deutsch",
      "English"
    ],
    "country": "DE",
    "address": "Münchner Strasse 47-49, DE-83707 Bad Wiessee",
    "location": {
      "latitude": 47.7181371,
      "longitude": 11.718874
    },
    "activeSince": "2000-05-09T00:00:00.000Z",
    "homepageUrl": "https://home.mobile.de/home/redirect.html?customerId=454208",
    "iconUrl": "https://img.classistatic.de/api/v1/mo-prod/images/d4/d47f1e91-0963-4ba8-958c-f970d0643abf?rule=mo-640.jpg",
    "reviewPageUrl": "https://www.mobile.de/bewertungen/AH-KATHAN?lang=en",
    "score": {
      "total": 4.7,
      "responseTime": 4.7,
      "friendliness": 4.8,
      "advice": 4.6
    },
    "activeRatingCount": 36,
    "vehicleAsDescribedPercentage": 90,
    "recommendPercentage": 96,
    "soldVehicleCount": null,
    "reviews": []
  },
  "attributes": {
    "Vehicle condition": "Used vehicle, Accident-free",
    "Category": "Estate car, Employee's Car",
    "Model range": "G81",
    "Trim line": "M xDrive Touring ACC DA-Pro PA+",
    "Vehicle Number": "199889",
    "Availability": "Now",
    "Origin": "German edition",
    "Mileage": "15,038 km",
    "Cubic Capacity": "2,993 ccm",
    "Power": "390 kW (530 hp)",
    "Drive type": "Internal combustion engine",
    "Fuel": "Petrol, E10-enabled",
    "CO₂ class": "Based on CO₂ emissions (combined)",
    "Fuel consumption": [
      "10.4 l/100km (combined)",
      "15.8 l/100km (city)",
      "10.3 l/100km (suburban)",
      "8.8 l/100km (country road)",
      "9.8 l/100km (motorway)"
    ],
    "Energy costs for 15,000 km annual mileage": "€0/Year",
    "Fuel price": "€1.80/l (annual average 2024)",
    "Possible CO₂ costs over the next 10 years (15,000 km/year)": [
      "€0 (assuming an average CO₂ price of €127/t)",
      "€0 (assuming a low average CO₂ price of €60/t)",
      "€0 (assuming a high average CO₂ price of €200/t)"
    ],
    "Number of Seats": "5",
    "Door Count": "4/5",
    "Transmission": "Automatic",
    "Emission Class": "Euro6",
    "Emissions Sticker": "4 (Green)",
    "First Registration": "02/2025",
    "Construction Year": "2025",
    "Number of Vehicle Owners": "1",
    "HU": "02/2028",
    "Climatisation": "Automatic climatisation, 3 zones",
    "Parking sensors": "Front, Self-steering systems, Rear, 360° camera",
    "Airbags": "Front and Side and More Airbags",
    "Colour (Manufacturer)": "Skyscraper Grau",
    "Colour": "Grey Metallic",
    "Interior Design": "Full leather, Black",
    "Cylinders": "6",
    "Energy consumption (comb.)": "10.4 l/100km",
    "CO₂ emissions (comb.)": "235 g/km"
  },
  "features": [
    "ABS",
    "Adaptive cornering lights",
    "Adaptive Cruise Control",
    "Alarm system",
    "Alloy wheels",
    "Ambient lighting",
    "Android Auto",
    "Apple CarPlay",
    "Arm rest",
    "Autom. dimming interior mirror",
    "Blind spot assist",
    "Bluetooth",
    "Cargo barrier",
    "Central locking",
    "DAB radio",
    "Digital cockpit",
    "Distance warning system",
    "Dynamic chassis control",
    "Electric seat adjustment",
    "Electric side mirror",
    "Electric tailgate",
    "Electric windows",
    "Eletric seat adjustment with memory function",
    "Emergency brake assist",
    "Emergency call system",
    "ESP",
    "Fatigue warning system",
    "Folding exterior mirrors",
    "Four-wheel drive",
    "Full Service History",
    "Glare-free high beam headlights",
    "Hands-free kit",
    "Head-up display",
    "Heated seats",
    "Heated steering wheel",
    "High beam assist",
    "Hill-start assist",
    "Immobilizer",
    "Induction charging for smartphones",
    "Integrated music streaming",
    "Isofix",
    "Keyless central locking",
    "Lane change assist",
    "Leather steering wheel",
    "LED headlights",
    "LED running lights",
    "Light sensor",
    "Lumbar support",
    "Multifunction steering wheel",
    "Navigation system",
    "Non-smoker vehicle",
    "On-board computer",
    "Paddle shifters",
    "Particulate filter",
    "Power Steering",
    "Rain sensor",
    "Rear traffic alert",
    "Roof rack",
    "Sound system",
    "Speed limit control system",
    "Sport seats",
    "Sports package",
    "Sports suspension",
    "Start-stop system",
    "Summer tyres",
    "Tinted windows",
    "Touchscreen",
    "Traction control",
    "Traffic sign recognition",
    "Tuner/radio",
    "Tyre pressure monitoring",
    "USB port",
    "Voice control",
    "Warranty"
  ]
},
{
  "title": "BMW M3 Touring Competition M xDrive - UPE 112.100,- ",
  "previewImage": "https://img.classistatic.de/api/v1/mo-prod/images/8a/8a267c52-fade-46d4-a9cf-70046cebbfce?rule=mo-1600.jpg",
  "category": "EstateCar",
  "brand": "BMW",
  "model": "M3",
  "url": "https://suchen.mobile.de/fahrzeuge/details.html?id=426731610",
  "price.total.amount": 93900,
  "priceRating": {
    "rating": "Good price",
    "priceRanges": {
      "Very good price": {
        "start": 71501,
        "end": 93000
      },
      "Good price": {
        "start": 93001,
        "end": 100200
      },
      "Fair price": {
        "start": 100201,
        "end": 111400
      },
      "Increased price": {
        "start": 111401,
        "end": 119600
      },
      "High price": {
        "start": 119601,
        "end": 132900
      }
    }
  },
  "description": "Antrieb, Fahrwerk\nAdaptives M Fahrwerk\nAllrad\nM Sportdifferential\n\nAußenausstattung\nDachreling Hochglanz Shadow-Line\nHeckklappenbetätigung automatisch\nLM-Felgen\nSonnenschutzverglasung (hinten abgedunkelt)\n\nEditionen und Pakete\nAblagenpaket\nConnectedDrive Services\nConnectedPackage Professional\nInnovations-Paket (2)\n\nFahrerassistenz\nFahrassistenz-System: Driving Assistant\nGeschwindigkeitsregelung mit Bremsfunktion\nGesetzlicher Notruf\nHead-Up Display\nParkassistent-Paket Plus\nTeleServices\n\nIndividualumfänge\nBMW Individual Dachreling Hochglanz Shadow Line\nBMW Individual Hochglanz Shadow Line mit erweiterten Umfängen\nDachhimmel Individual anthrazit\nHochglanz Shadow Line\n\nKomfort, Innenausstattung\nAmbiente-Beleuchtung\nAußenspiegel elektr. anklappbar\nAutomatische Verriegelung beim Anfahren\nBMW Live Cockpit Professional\nDurchladeeinrichtung (Mittelarmlehne hinten)\nDurchladesystem\nEinparkhilfe selbstlenkendes System\nFensterheber elektrisch vorn + hinten\nFensterheber, elektrisch\nFondkopfstützen klappbar\nFreisprecheinrichtung Bluetooth mit USB-/Audio-Schnittstelle\nGalvanikapplikation für Bedienelemente\nGeschwindigkeits-Begrenzeranlage (Speed Limit Device)\nGeschwindigkeits-Regelanlage mit Bremsfunktion\nHead-up-Display Full Color\nInduktionsladeschale für Smartphone (Wireless Charging)\nInnen- und Aussenspiegel automatisch abblendend\nInnenausstattung: Interieurleisten Carbon\nInnenspiegel mit Abblendautomatik\nIsofix-Aufnahmen für Kindersitz\nKlimaautomatic\nKlimaautomatik 3-Zonen mit autom. Umluft-Control\nKomfortzugang (Öffnungs- und Schließsystem)\nLendenwirbelstütze Sitz vorn links und rechts, elektr. verstellbar\nLenkrad (Leder) mit Multifunktion M-Technic\nLicht- und Regensensor\nLordosenstuetze fuer Fahrer und Beifahrer\nM Sicherheitsgurte\nM Sportsitze\nMultifunktion für Lenkrad\nRadioempfang digital (DAB+)\nScheibenwischer mit Regensensor\nService-System: Augmented Reality für Navigation\nService-System: WiFi-Direct\nSitze vorn elektr. verstellbar (mit Memory)\nSitzheizung fuer Fahrer und Beifahrer\nSitzheizung vorn\nSitzverstellung, elektrisch mit Memory\nSkisack\nSonnenschutzverglasung\nSound-System Harman-Kardon\nStart/Stop-Anlage (Funktion)\n\nMultimedia\nBMW Live Cockpit Professional\nDAB Tuner\nFreisprecheinrichtung\nHarman Kardon Surround Sound System\nNavigationssystem\nTelefon\n\nRäder\nAlufelgen\nRadschraubensicherung\n\nSitzbezug\nLeder Merino Silverstone/Schwarz\n\nSonstiges\nAblage für Wireless Charging \nABS\nActive Guard\nBlow by-Heizer\nBMW Digital Key\nDeutsch / Bordliteratur\nDeutschland-Ausfuehrung\nElektrisch verstellbare Spiegel\nEntfall spezifischer Designumfänge Exterieur\nEU-spezifische Zusatzumfaenge\nFahrassistenz-System: Einparkhilfe Seite\nFahrassistenz-System: Frontkollisionswarnung\nFahrassistenz-System: Heckaufprall-Vermeidung (Prävention Heckkollision)\nFahrassistenz-System: Park-Assistent\nFahrassistenz-System: Querverkehrs-Assistent\nFahrassistenz-System: Rückfahr-Assistent\nFahrassistenz-System: Rückfahrhilfe Notbremsfunktion (Active PDC)\nFahrassistenz-System: Spurwechselassistent\nFahrassistenz-System: Spurwechsel-Warnsystem\nFahrerairbag\ninterne Steuerung\nKältemittel\nKilometertacho\nLeder\nLM-Felgen vorn/hinten: 9,5x19 / 10,5x20 (Doppelspeichen 826 M, Bicolor, Schwarz)\nM Drive Professional\nMultifunktionslenkrad\nÖlwartungsintervall 24 Monate/30.000 km\nPersonal eSIM \nReifenreparatur-Set\nRückfahrkamera\nRückfahrkamera (Top View)\nScheinwerfer BMW Individual Shadow-Line\nSeitenairbag\nService-System: Remote 3D View\nSitzbezug / Polsterung: Leder Merino Silverstone / Schwarz\nSportfahrwerk\nSportsitze\nSteuerung Infotainment\nSteuerung Karosserie\nSurround-Kamerasystem (Surround View)\nZentralverriegelung\n\nUmwelt, Sicherheit\nAbgasnorm EU6 RDE II\nAktiver Fussgängerschutz\nAlarmanlage\nBeifahrerairbag\nBeifahrerairbag-Deaktivierung\nESP\nFahrassistenz-System: Fernlichtassistent\nInnenspiegel, automatisch abblendend\nKindersitzbefestigung ISOFIX\nLED-Scheinwerfer\nPASM\nRegensensor\nReifen Druck Control\nScheinwerfer LED mit adaptiver Lichtverteilung\nTraction Control\nWarndreieck\n\n\nNeupreis: 112.100,00€ inkl. MwSt.\n\nUnser Angebotspreise verstehen sich zzgl. 1090,-€ für Zulassung und Überführung.\nAlle Preise inkl. MwSt.\n\nGesonderte Konditionen für Gewerbetreibende / Fahrschulen / Autovermieter / mobilitätseingeschränkte Personen / Journalisten.\nLassen Sie sich Ihr individuelles Angebot von uns erstellen!\n\nIhre Ansprechpartnerin im Haus: Violetta Blochin\nTel: 0521-16399-3117 oder violetta.blochin@becker-tiemann.de Irrtümer und Zwischenverkauf vorbehalten.",
  "dealerDetails": {
    "id": 12754808,
    "name": "Autohaus Becker-Tiemann Bielefeld GmbH & Co. KG",
    "sellerType": "Dealer",
    "phones": [
      "+49 (0)521 1639638725"
    ],
    "languages": [
      "Deutsch",
      "English",
      "Türkçe"
    ],
    "country": "DE",
    "address": "Am Niedermeyers Feld 6, DE-33719 Bielefeld",
    "location": {
      "latitude": 52.0152717,
      "longitude": 8.6201142
    },
    "activeSince": "2015-02-19T00:00:00.000Z",
    "homepageUrl": "https://home.mobile.de/home/redirect.html?customerId=12754808",
    "iconUrl": null,
    "reviewPageUrl": "https://www.mobile.de/bewertungen/AUTOHAUSBECKERTIEMANNBIELEFELDGMBHCOKGBIELEFELD?lang=en",
    "score": {
      "total": 4.7,
      "responseTime": 4.8,
      "friendliness": 4.7,
      "advice": 4.6
    },
    "activeRatingCount": 42,
    "vehicleAsDescribedPercentage": 100,
    "recommendPercentage": 100,
    "soldVehicleCount": null,
    "reviews": []
  },
  "attributes": {
    "Vehicle condition": "New vehicle, Accident-free",
    "Category": "Estate car",
    "Model range": "G81",
    "Trim line": "Competition M xDrive - UPE 112.100,- € #exclusive",
    "Vehicle Number": "BTBIFV26331",
    "Availability": "Now",
    "Origin": "German edition",
    "Mileage": "10 km",
    "Cubic Capacity": "2,993 ccm",
    "Power": "390 kW (530 hp)",
    "Drive type": "Internal combustion engine",
    "Fuel": "Petrol, E10-enabled",
    "CO₂ class": "Based on CO₂ emissions (combined)",
    "Fuel consumption": [
      "10.4 l/100km (combined)",
      "15.8 l/100km (city)",
      "10.3 l/100km (suburban)",
      "8.8 l/100km (country road)",
      "9.8 l/100km (motorway)"
    ],
    "Energy costs for 15,000 km annual mileage": "€2,802/Year",
    "Fuel price": "€1.80/l (annual average 2024)",
    "Possible CO₂ costs over the next 10 years (15,000 km/year)": [
      "€4,458 (assuming an average CO₂ price of €127/t)",
      "€2,106 (assuming a low average CO₂ price of €60/t)",
      "€7,020 (assuming a high average CO₂ price of €200/t)"
    ],
    "Vehicle tax": "€476/Year",
    "Number of Seats": "5",
    "Door Count": "4/5",
    "Transmission": "Automatic",
    "Emission Class": "Euro6",
    "Emissions Sticker": "4 (Green)",
    "Construction Year": "2025",
    "Number of Vehicle Owners": "0",
    "HU": "New",
    "Climatisation": "Automatic climatisation, 3 zones",
    "Parking sensors": "Front, Self-steering systems, Rear, 360° camera",
    "Airbags": "Front and Side and More Airbags",
    "Colour (Manufacturer)": "Alpinweiß uni",
    "Colour": "White",
    "Interior Design": "Full leather, Grey",
    "Weight": "1,940 kg",
    "Tank capacity": "59 l",
    "Energy consumption (comb.)": "10.4 l/100km",
    "CO₂ emissions (comb.)": "234 g/km"
  },
  "features": [
    "ABS",
    "Adaptive lighting",
    "Alarm system",
    "Alloy wheels",
    "Ambient lighting",
    "Android Auto",
    "Apple CarPlay",
    "Arm rest",
    "Autom. dimming interior mirror",
    "Blind spot assist",
    "Bluetooth",
    "Cargo barrier",
    "Central locking",
    "Cruise control",
    "DAB radio",
    "Digital cockpit",
    "Distance warning system",
    "Dynamic chassis control",
    "Electric seat adjustment",
    "Electric side mirror",
    "Electric tailgate",
    "Electric windows",
    "Eletric seat adjustment with memory function",
    "Emergency brake assist",
    "Emergency call system",
    "ESP",
    "Four-wheel drive",
    "Full Service History",
    "Glare-free high beam headlights",
    "Hands-free kit",
    "Head-up display",
    "Heated seats",
    "High beam assist",
    "Hill-start assist",
    "Immobilizer",
    "Induction charging for smartphones",
    "Integrated music streaming",
    "Isofix",
    "Keyless central locking",
    "Lane change assist",
    "Leather steering wheel",
    "LED headlights",
    "LED running lights",
    "Light sensor",
    "Lumbar support",
    "Multifunction steering wheel",
    "Navigation preparation",
    "Navigation system",
    "Non-smoker vehicle",
    "On-board computer",
    "Paddle shifters",
    "Particulate filter",
    "Passenger seat Isofix point",
    "Power Steering",
    "Rain sensor",
    "Roof rack",
    "Ski bag",
    "Sound system",
    "Speed limit control system",
    "Sport seats",
    "Sports package",
    "Sports suspension",
    "Start-stop system",
    "Summer tyres",
    "Tinted windows",
    "Touchscreen",
    "Traction control",
    "Traffic sign recognition",
    "Tuner/radio",
    "Tyre pressure monitoring",
    "USB port",
    "Voice control",
    "WLAN / Wi-Fi hotspot"
  ]
},
{
  "title": "BMW M3 xDrive Competition *NAVI*LED*SHZ*HEAD-UP*",
  "previewImage": "https://img.classistatic.de/api/v1/mo-prod/images/69/691c70aa-415b-4113-857b-7c7ab3b720fd?rule=mo-1600.jpg",
  "category": "Limousine",
  "brand": "BMW",
  "model": "M3",
  "url": "https://suchen.mobile.de/fahrzeuge/details.html?id=430079071",
  "price.total.amount": 92990,
  "priceRating": {
    "rating": "Good price",
    "priceRanges": {
      "Very good price": {
        "start": 67601,
        "end": 87800
      },
      "Good price": {
        "start": 87801,
        "end": 94600
      },
      "Fair price": {
        "start": 94601,
        "end": 105200
      },
      "Increased price": {
        "start": 105201,
        "end": 112900
      },
      "High price": {
        "start": 112901,
        "end": 125500
      }
    }
  },
  "description": "Sonderausstattung:\n\nM Sportdifferenzial\nAdaptives M Fahrwerk\nM Drive Professional\nM Sportsitze\nM Dachhimmer anthrazit\nBremsanlage: Compound - M Bremssystem (Bremssättel Schwarz)\nBMW Individuallackierung Tansanit-Blau II Metallic\nFahrassistenz-System: Driving Assistant Professional\nFahrassistenz-System: Fernlichtassistent\nParkassistenzsystem Plus\nDriving Assistant Professional\nInnenausstattung: Interieurleisten Carbon\nInnovations-Paket 2\nLM-Felgen\nParkassistent-Paket Plus\nScheinwerfer BMW Individual Shadow-Line\nSitzbezug / Polsterung: Voll-Leder Merino\nHarman/Kardon Surround Sound System\nBMW Live Cockpit Professional\n\n\nIm Fahrzeugpreis wurde eine Gebrauchtwagen-Inzahlungnahmeaktion in Höhe von 1.000,00 € berücksichtigt.\n\n\nWeitere Ausstattung:\nAblage-Paket, Adaptives Fahrwerk M-Technic, Airbag Beifahrerseite abschaltbar, Airbag Fahrer-/Beifahrerseite, Aktives M Differential, Ambiente-Beleuchtung, Anhänger-Stabilisierungs-Programm (ASL), Ausstattungs-Paket: Connected Professional, Automatische Stabilitäts-Control (ASC), Außenausstattung: Shadow-Line Hochglanz, Außenausstattung: Shadow-Line Hochglanz (erweiterter Umfang), Bedienelemente galvanisiert, Blinkleuchte in Außenspiegel integriert, BMW Live Cockpit Professional, Competition, Dachhimmel Anthrazit (BMW Individual), Diebstahlsicherung für Räder (Felgenschlösser), Durchladeeinrichtung (Mittelarmlehne hinten), Dynamische Stabilitäts-Control (DSC) mit erweiterter Umfang, Dynamische Tractions Control (DTC), Einstiegsleisten mit Einleger in Aluminium mit Schriftzug M, Erste Hilfe-Kasten / Verbandkasten, Fahrassistenz-System: Active Guard (Bremsassistent), Fensterheber elektrisch vorn + hinten, Freisprecheinrichtung Bluetooth mit USB-/Audio-Schnittstelle, Getriebe Automatik - mit Steptronic und Drivelogic (8-Stufen), Getränkehalter, Heckleuchten LED, Induktionsladeschale für Smartphone (Wireless Charging), Innenausstattung: Interieurleisten Alu Rhombicle mit Akzentleiste, Innenspiegel mit Abblendautomatik, Isofix-Aufnahmen für Kindersitz, Karosserie: 4-türig, Kennzeichenbeleuchtung LED, Klimaautomatik 3-Zonen mit autom. Umluft-Control, Knieairbag Fahrerseite, Kopf-Airbag-System hinten, Kopf-Airbag-System vorn, Kopfstützen hinten klappbar, Leichtbaudach (kohlefaserverstärkter Kunststoff, CFK), Lendenwirbelstütze Sitz vorn links und rechts, elektr. verstellbar, Lenksäule (Lenkrad) mechan. verstellbar, Leuchtweitenregelung, Lichtassistent (Follow me home), LM-Felgen, M Drive (Fahrprofilauswahl), M Drive Professional (Fahrprofilauswahl), Modellpflege, Motor 3,0 Ltr. - 390 kW 24V TwinPower Turbo (S58), Multifunktion für Lenkrad, Otto-Partikelfilter (OPF), Parkbremse elektrisch, Personalisierungssystem (BMW ID), Personalisierungssystem (Personal eSIM), Radioempfang digital (DAB+), Reifen-Reparaturset (Mobility-Pack), Reifendruck-Kontrollsystem, Reifenpannen-Anzeige, Schadstoffarm nach Abgasnorm Euro 6e, Schaltpunktanzeige, Scheinwerfer LED, Seitenairbag vorn, Service-System: ConnectedDrive Services, Service-System: Gesetzlicher Notruf, Service-System: Intelligenter Notruf inkl. TeleServices, Sicherheitsgurte M, Sitzbezug / Polsterung: Leder Merino, Sitze vorn elektr. verstellbar (mit Memory), Sitzheizung vorn, Sonnenschutzverglasung (hinten abgedunkelt), Sound-System Harman-Kardon, Spiegel-Paket, Sportdifferential, Sportsitze vorn (M-Technic), Start/Stop-Anlage (Funktion), Steckdose (12V-Anschluß) in Mittelkonsole vorn, Warndreieck, Wärme-/Sonnenschutzverglasung\n\n\nÜber uns:\n\nWir sind Volkswagen und Audi Partner in Ostfriesland und einer von über 13 Standorte der AZA Gruppe. Unser Autohaus liegt zwischen Leer und Oldenburg. Bremen ist ca. 45 Minuten von uns entfernt. Sollten Sie mit dem Zug anreisen, ist eine Abholung vom Bahnhof 26689 Augustfehn (ca. 10 Minuten entfernt) kein Problem. Auch in Bezug auf Überführungskennzeichen helfen wir Ihnen gerne weiter. Eine Bitte haben wir noch.\nBevor Sie sich auf den Weg zu uns machen, rufen Sie uns noch einmal an, damit wir das Fahrzeug während Ihrer Anreise reservieren. Somit ist sichergestellt, dass während Ihrer Anreise kein zwischenzeitlicher Verkauf stattfinden kann.\n\n.... mehr über uns unter www.aza.de\n\nDenken Sie bitte an unsere Sonderkonditionen für Finanzierung ohne Anzahlung.Sollten Sie noch Fragen haben, nehmen Sie gerne Kontakt mit uns auf.\nIhre Ansprechpartner :\n\nFrau Janina Jelken - Herr Joachim Hoppmann - Herr Klaus Gathen - Herr Timon Mildenberger\n\nDIREKTDURCHWAHL : 04956 – 929130",
  "dealerDetails": {
    "id": 482881,
    "name": "AZA Pollmann & Reuter OHG",
    "sellerType": "Dealer",
    "phones": [
      "+49 (0)4956 712982621"
    ],
    "languages": [
      "Deutsch",
      "English"
    ],
    "country": "DE",
    "address": "Ostertorstrasse 85-89, DE-26670 Uplengen",
    "location": {
      "latitude": 53.3065395,
      "longitude": 7.756114600000001
    },
    "activeSince": "2000-06-13T00:00:00.000Z",
    "homepageUrl": "https://home.mobile.de/home/redirect.html?customerId=482881",
    "iconUrl": null,
    "reviewPageUrl": "https://www.mobile.de/bewertungen/AZA-REMELS?lang=en",
    "score": {
      "total": 4.9,
      "responseTime": 4.9,
      "friendliness": 4.9,
      "advice": 4.9
    },
    "activeRatingCount": 15,
    "vehicleAsDescribedPercentage": 100,
    "recommendPercentage": 100,
    "soldVehicleCount": null,
    "reviews": []
  },
  "attributes": {
    "Vehicle condition": "Used vehicle, Accident-free",
    "Category": "Saloon",
    "Model range": "Baureihe M3 Lim. (G80N)(07.2024->)",
    "Trim line": "xDrive Competition M",
    "Origin": "German edition",
    "Mileage": "8,341 km",
    "Cubic Capacity": "2,993 ccm",
    "Power": "390 kW (530 hp)",
    "Drive type": "Internal combustion engine",
    "Fuel": "Petrol",
    "CO₂ class": "Based on CO₂ emissions (combined)",
    "Fuel consumption": [
      "9.9 l/100km (combined)"
    ],
    "Number of Seats": "5",
    "Door Count": "4/5",
    "Transmission": "Automatic",
    "Emission Class": "Euro6",
    "Emissions Sticker": "4 (Green)",
    "First Registration": "12/2024",
    "Number of Vehicle Owners": "1",
    "HU": "12/2027",
    "Climatisation": "Automatic climatisation, 3 zones",
    "Parking sensors": "Rear, 360° camera, Front, Self-steering systems",
    "Airbags": "Front and Side and More Airbags",
    "Colour (Manufacturer)": "TANSANITBLAU",
    "Colour": "Blue Metallic",
    "Interior Design": "Full leather, Black",
    "Weight": "1,855 kg",
    "Cylinders": "6",
    "Tank capacity": "59 l",
    "Energy consumption (comb.)": "9.9 l/100km",
    "CO₂ emissions (comb.)": "229 g/km"
  },
  "features": [
    "ABS",
    "Adaptive Cruise Control",
    "Air suspension",
    "Alarm system",
    "Alloy wheels",
    "Ambient lighting",
    "Android Auto",
    "Apple CarPlay",
    "Arm rest",
    "Autom. dimming interior mirror",
    "Blind spot assist",
    "Bluetooth",
    "Central locking",
    "DAB radio",
    "Digital cockpit",
    "Distance warning system",
    "Dynamic chassis control",
    "Electric seat adjustment",
    "Electric side mirror",
    "Electric tailgate",
    "Electric windows",
    "Eletric seat adjustment with memory function",
    "Emergency brake assist",
    "Emergency call system",
    "Emergency tyre repair kit",
    "ESP",
    "Fatigue warning system",
    "Folding exterior mirrors",
    "Four-wheel drive",
    "Full Service History",
    "Hands-free kit",
    "Head-up display",
    "Heated seats",
    "High beam assist",
    "Hill-start assist",
    "Immobilizer",
    "Induction charging for smartphones",
    "Integrated music streaming",
    "Isofix",
    "Keyless central locking",
    "Lane change assist",
    "Leather steering wheel",
    "LED headlights",
    "LED running lights",
    "Light sensor",
    "Lumbar support",
    "Multifunction steering wheel",
    "Navigation system",
    "Non-smoker vehicle",
    "On-board computer",
    "Paddle shifters",
    "Power Steering",
    "Rain sensor",
    "Seat ventilation",
    "Sound system",
    "Speed limit control system",
    "Sport seats",
    "Sports package",
    "Sports suspension",
    "Start-stop system",
    "Tinted windows",
    "Touchscreen",
    "Traction control",
    "Traffic sign recognition",
    "Tuner/radio",
    "Tyre pressure monitoring",
    "USB port",
    "Voice control",
    "Warranty",
    "Winter package"
  ]
},
{
  "title": "BMW Verkaufe BMW M3 Competition Touring",
  "previewImage": "https://img.classistatic.de/api/v1/mo-prod/images/c5/c554cc9f-d785-45f9-97da-059fd9efd078?rule=mo-1600.jpg",
  "category": "EstateCar",
  "brand": "BMW",
  "model": "M3",
  "url": "https://suchen.mobile.de/fahrzeuge/details.html?id=433657516",
  "price.total.amount": 93999,
  "priceRating": {
    "rating": "Fair price",
    "priceRanges": {
      "Very good price": {
        "start": 62101,
        "end": 80700
      },
      "Good price": {
        "start": 80701,
        "end": 86900
      },
      "Fair price": {
        "start": 86901,
        "end": 96700
      },
      "Increased price": {
        "start": 96701,
        "end": 103800
      },
      "High price": {
        "start": 103801,
        "end": 115300
      }
    }
  },
  "description": "Angeboten wird mein BMW M3 Competition M xDrive Touring.\nDas Fahrzeug wird nur bei schönem Wetter bewegt, immer ordentlich warm und kalt gefahren, ist ein Garagenfahrzeug und wurde auf keiner Rennstrecke gefahren.\nAußerdem ist es ein Nichtraucherfahrzeug.\n\nEinfahrkundendienst und erster normaler Kundendienst wurden beim BMW Fachhändler durchgeführt.\n\nGarantieverlängerung bis 08/2028.\n\nUm das Auto optisch abzurunden wurden KW Gewindefedernsätze verbaut inkl. Spureinstellung und Eintragung im Fahrzeugschein.\nOriginal Federnsätze werden beim Kauf mit dazu gegeben.\n\nAngebote ohne eine 9. voraus werden ignoriert. Kein Tausch und keine Finanzierung.\n\nFahrzeugspezifikation:\nP0C4P M Brooklyn Grau metallic\nFLKSW Leder Merino Schwarz/Schwarz\nS07R7 Innovationspaket\nS05AU Driving Assistant Professional\nS01CB Steuerung Efficient Dynamics\nS01DF Abgasnorm EU6 RDE II\nS01MB M Drive Professional\nS01U0 19\"/20\" M Schmiederäder Doppelspeiche 826 M Schwarz / MB\nS0230 EU spezifische Umfänge\nS0248 Lenkradheizung\nS02PA Radschraubensicherung\nS02T4 M Sportdifferenzial\nS02VB Reifendruck-Kontrolle\nS02VF Adaptives M Fahrwerk\nS0302 Alarmanlage\nS0320 Modellschriftzug Entfall\nS0383 Dach und Spiegelkappen schwarz\nS03M5 M Compound-Bremse, rot hochglänzend\nS03MC M Dachreling Hochglanz Shadow Line\nS03MF M Leuchten Shadow Line\nS0418 Gepäckraumpaket\nS0420 Sonnenschutzverglasung\nS0428 Warndreieck und Verbandkasten\nS0430 Innen- und Außenspiegelpaket\nS0431 Innenspiegel automatisch abblendend\nS0459 Sitzverstellung, elektrisch mit Memory für Fahrersitz\nS048C M Carbon Schalensitze\nS0493 Ablagenpaket\nS0494 Sitzheizung für Fahrer und Beifahrer\nS04MC M Interieurleisten 'Carbon Fibre'\nS04NE Blow by-Heizer\nS04U0 Galvanikapplikation für Bedienelemente\nS0534 Klimaautomatik\nS0548 Kilometertacho\nS05DA Deaktivierung Beifahrerairbag\nS05DC Fondkopfstützen klappbar\nS05DN Parking Assistant Plus\nS0654 DAB-Tuner\nS0688 Harman Kardon Surround Sound System\nS06AE Teleservices\nS06AF Gesetzlicher Notruf\nS06AK ConnectedDrive Services\nS06C4 Connected Package Professional\nS06NX Ablage für Wireless Charging\nS06U3 BMW Live Cockpit Professional\nS06VB Interne Steuerung\nS071C M Carbon Exterieurpaket\nS0760 M Hochglanz Shadow Line\nS0775 M Dachhimmel anthrazit\nS07M9 M Hochglanz Shadow Line mit erweiterten Umfängen\nS07ME M Driver's Package\nS0801 Deutschland-Ausführung\nS0851 Sprachversion Deutsch\nS0879 Deutsch/Betriebsanleitung/Serviceheft\nS08KA Ölwartungsintervall 30000 km / 24 Monate\nS08R9 Kältemittel\nS08TF Aktiver Fussgängerschutz\nS08TR Dekodierung Zusatzfunktionen\n\nPrivatverkauf - kein Ausweis von Umsatzsteuer bzw. Mehrwertsteuer!\nFür weitere Infos würde ich mich über eine Nachricht freuen, gerne kann dann auch telefonisch Kontakt aufgenommen werden.",
  "dealerDetails": {
    "sellerType": "Private Seller",
    "country": "DE",
    "address": "DE-84307 Eggenfelden",
    "location": {
      "latitude": 48.40164,
      "longitude": 12.76978
    },
    "iconUrl": null,
    "reviewPageUrl": null,
    "score": null,
    "activeRatingCount": null,
    "vehicleAsDescribedPercentage": null,
    "recommendPercentage": null,
    "soldVehicleCount": null,
    "reviews": []
  },
  "attributes": {
    "Vehicle condition": "Used vehicle",
    "Category": "Estate car",
    "Mileage": "8,760 km",
    "Power": "375 kW (510 hp)",
    "Drive type": "Internal combustion engine",
    "Fuel": "Petrol",
    "Transmission": "Automatic",
    "Emissions Sticker": "4 (Green)",
    "First Registration": "08/2023",
    "HU": "08/2026",
    "Climatisation": "A/C (man.)",
    "Parking sensors": "Rear",
    "Colour (Manufacturer)": "GREY"
  },
  "features": [
    "ABS",
    "Alloy wheels",
    "Bluetooth",
    "Cruise control",
    "Full Service History",
    "Hands-free kit",
    "Heated seats",
    "Navigation system",
    "Tuner/radio"
  ]
},
{
  "title": "BMW M3 Schalter, Hellrot 314, Keramik, Schalensitze",
  "previewImage": "https://img.classistatic.de/api/v1/mo-prod/images/96/96789e86-5e74-4208-bc1a-956bc9b91396?rule=mo-1600.jpg",
  "category": "Limousine",
  "brand": "BMW",
  "model": "M3",
  "url": "https://suchen.mobile.de/fahrzeuge/details.html?id=434469821",
  "price.total.amount": 93140,
  "priceRating": {
    "rating": "Fair price",
    "priceRanges": {
      "Very good price": {
        "start": 64001,
        "end": 83200
      },
      "Good price": {
        "start": 83201,
        "end": 89600
      },
      "Fair price": {
        "start": 89601,
        "end": 99600
      },
      "Increased price": {
        "start": 99601,
        "end": 106900
      },
      "High price": {
        "start": 106901,
        "end": 118800
      }
    }
  },
  "description": "Guten Tag,\n\nich verkaufe meinen M3 G80 Schalter in Individual Hellrot 314. Die Ausstattung kann den Bildern entnommen werden. Service inklusive (5 Jahre, 60000km). \n\n3. Fahrzeug, immer abgedeckt in beheizter Halle gestanden. Kein Winterbetrieb. Das Auto wird 8-Fach bereift verkauft (inkl. 1000M Felgen).\n\nBei Fragen gerne melden.\nKein Tausch.",
  "dealerDetails": {
    "id": 2628303,
    "sellerType": "Private Seller",
    "country": "DE",
    "address": "DE-21762 Otterndorf",
    "location": {
      "latitude": 53.8088535,
      "longitude": 8.904119
    },
    "iconUrl": null,
    "reviewPageUrl": null,
    "score": null,
    "activeRatingCount": null,
    "vehicleAsDescribedPercentage": null,
    "recommendPercentage": null,
    "soldVehicleCount": null,
    "reviews": []
  },
  "attributes": {
    "Vehicle condition": "Used vehicle, Accident-free",
    "Category": "Saloon",
    "Mileage": "2,190 km",
    "Cubic Capacity": "2,993 ccm",
    "Power": "353 kW (480 hp)",
    "Drive type": "Internal combustion engine",
    "Fuel": "Petrol",
    "Number of Seats": "5",
    "Door Count": "4/5",
    "Transmission": "Manual gearbox",
    "Emission Class": "Euro6",
    "Emissions Sticker": "4 (Green)",
    "First Registration": "04/2023",
    "Number of Vehicle Owners": "1",
    "HU": "04/2026",
    "Climatisation": "Automatic climatisation, 3 zones",
    "Parking sensors": "Front, Rear",
    "Airbags": "Front and Side and More Airbags",
    "Colour": "Red",
    "Interior Design": "Full leather, Red"
  },
  "features": [
    "ABS",
    "Adaptive cornering lights",
    "Alarm system",
    "Alloy wheels",
    "Android Auto",
    "Apple CarPlay",
    "Arm rest",
    "Autom. dimming interior mirror",
    "Bluetooth",
    "Central locking",
    "Cruise control",
    "DAB radio",
    "Digital cockpit",
    "Distance warning system",
    "Electric seat adjustment",
    "Electric side mirror",
    "Electric windows",
    "Emergency brake assist",
    "Emergency call system",
    "Emergency tyre repair kit",
    "ESP",
    "Fatigue warning system",
    "Fog lamp",
    "Full Service History",
    "Hands-free kit",
    "Heated seats",
    "High beam assist",
    "Hill-start assist",
    "Immobilizer",
    "Induction charging for smartphones",
    "Isofix",
    "Lane change assist",
    "Laser headlights",
    "Leather steering wheel",
    "LED running lights",
    "Light sensor",
    "Lumbar support",
    "Multifunction steering wheel",
    "Navigation system",
    "Non-smoker vehicle",
    "On-board computer",
    "Particulate filter",
    "Power Steering",
    "Rain sensor",
    "Rear wheel drive",
    "Speed limit control system",
    "Sport seats",
    "Sports suspension",
    "Start-stop system",
    "Summer tyres",
    "Sunroof",
    "Touchscreen",
    "Traction control",
    "Traffic sign recognition",
    "Tuner/radio",
    "Tyre pressure monitoring",
    "USB port",
    "Voice control",
    "WLAN / Wi-Fi hotspot"
  ]
},
{
  "title": "BMW M3 Competition Touring M xDrive",
  "previewImage": "https://img.classistatic.de/api/v1/mo-prod/images/8b/8b4e7537-3774-4853-a4a7-d5ef16a89191?rule=mo-1600.jpg",
  "category": "EstateCar",
  "brand": "BMW",
  "model": "M3",
  "url": "https://suchen.mobile.de/fahrzeuge/details.html?id=433005879",
  "price.total.amount": 92990,
  "priceRating": {
    "rating": "Fair price",
    "priceRanges": {
      "Very good price": {
        "start": 60301,
        "end": 78400
      },
      "Good price": {
        "start": 78401,
        "end": 84500
      },
      "Fair price": {
        "start": 84501,
        "end": 94000
      },
      "Increased price": {
        "start": 94001,
        "end": 100900
      },
      "High price": {
        "start": 100901,
        "end": 112100
      }
    }
  },
  "description": "Paket: M Race Track Paket - 19\"\"/20\"\" M Schmiederäder Doppelspeiche 826 M Schwarz mit Mischbereifung, vorn 9,5J x 19 mit Bereifung 275/35 R19 hinten 10,5J x 20 mit Bereifung 285/30 R20 - M Carbon-Keramik-Bremse - M Carbon Schalensitze - M Interieurleisten 'Carbon Fibre' - BMW Live Cockpit Professional inkl. BMW Head-Up Display - M Driver's Package\nDriving Assistant Professional Akt. Geschwindigkeitsreg. mit Stop&amp;Go-F. Aut. Speed Limit Assist Lenk- und Spurführungsassis.: unterstützt im Geschwindigkeitsbereich bis 210 km/h die Spurmitte durch korrigierende Lenkeingriffe zu halten Spurhalteassis. mit akt. Seitenkollisionsschutz: korrigierende Lenkeingriffe im Geschwindigkeitsbereich 70 km/h bis 210 km/h, zum Halten der Spur Querverkehrswarn. vorne Ausweichhilfe Kreuzungswarn. mit City-Bremsfunk. Falschfahrwarn. Nothalteassis. Rettungsgassenassis. Ampelerkennung\nPaket: Innovationspaket - Komfortzugang - Fernlichtassistent - Driving Assistant: Spurverlassenswarnung, Spurwechselwarnung und Frontkollisionswarnung mit Bremseingriff, Querverkehrswarnung hinten, Prävention Heckkollision, Speed Limit Info (Verkehrszeichenerkennung) - BMW Laserlicht: Abblendlicht, Tagfahrlicht, adaptives Kurvenlicht, Abbiegelicht, Fahrtrichtungsanzeiger in der äusseren Ikone (LED-Technologie) und Fernlicht (LED-Technologie mit Laser-Modul ab 60 km/h) [Spurwechselassistent, Totwinkel-Assistent]\nPolster: Vollleder Merino Schwarz umfasst: - Vorder und Rücksitze - Mittelarmlehne vorn - Türspiegel und Armauflage vorn/hinten - Instrumententafel Oberteil in Leder Nappa Schwarz mit Kontrastnaht Schwarzgrau - Instrumententafel Unterteil in Leder Merino in Polsterfarbe - Türbrüstung/Seitenverkleidung in Leder Nappa Schwarz mit Kontrastnaht Schwarzgrau Zusätzlich bei M3 Competition / M4 Competition: Kneepads in Leder Merino Schwarz\nParking Assistant Plus - Parking Assistant - Surround View, Top View, Panorama View und 3D View, Kameras vorne und in den Außenspiegeln, 360°-Rundumblick um das Fahrzeug, automatische Aktivierung über Speicherung persönlicher Ortspunkte, Remote 3D View, Übertragung von statischen Bildern vom Fahrzeugumfeld via Mobilfunk auf mobile Endgeräte\nBMW Live Cockpit Professional - Volldig. 12,3\"\" Instrumentendisplay und 14,9\"\" Control Display mit Touchbe. - Navigation - Freisprecheinrich. - Intelligent Personal Assist. (Sprachbedienung),BMW Controller mit Dreh-,Drück-und Touchfunk.,Direktwahltasten - Fahrerprofil, ermög. persönliche Einstel. in einem Fahrerprofil zu speichern - Tuner mit Diversity-Empf.und RDS - 2 USB-Anschlüsse, Laden/Daten - Bluetooth/WiFi Schnittstelle - 4G LTE Connectivity, festverb. SIM-Karte - Remote Software Upgrade - BMW Head-Up Display\nRadiozubehör: Harman/Kardon Surround Sound System digitaler Verstärker mit individuell einstellbarem Equalizing, 464 W Verstärkerleistung, 9 Kanäle. Lautsprecherblenden mit Harman Kardon Schriftzug 16 Lautsprecher: 1 Center-Hochtöner und 1 Center-Mitteltöner in der Mitte der Instrumententafel 2 Hochtöner und 2 Mitteltöner in den vorderen Türverkleidungen 2 Zentralbässe unter den Vordersitzen 2 Mitteltöner und 2 Hochtöner in den hinteren Türverkleidungen 2 Mitteltöner und 2 Hochtöner in der Heckablage\nAirbag für Fahrer und Beifahrer\nAirbag: 2 Seitenairbags vorne\nAirbag: Beifahrerairbag-Deaktivierung\nAirbag: Knieairbag für Fahrer\nAirbag: Kopfairbags für 4 äuß.Sitzplät.\nAlarmanlage\nAllradantrieb xDrive\nAmbientes Licht\nAnti-Blockier-System (ABS) inkl. Bremsas\nAußenspiegel M spezifisch\nBMW Controller\nBMW Drive Recorder Der DriveRecorder ermöglicht die Aufnahme eines Videos von der Fahrzeugumgebung und das Abspielen dieses Videos auf dem dem zentralen Informationsdisplay oder über USB-Export auch auf dem CE-Device.\nBMW ID\nBMW Laserlicht - Abblendlicht (LED-Technologie) - Fernlicht (LED-Technologie mit Laser-Modul ab 60 km/h) - Tagfahrlicht Iconlight in 3/4 Rahmenform (LED-Technologie) - Fahrtrichtungsanzeiger in der äusseren Ikone (LED-Technologie) - adaptives Kurvenlicht (LED-Technologie) - Abbiegelicht (LED-Technologie) - inklusive BMW Selective Beam, der blendfreie Fernlichtassistent von BMW - Licht aus blauen Hochleistungs-Laserdioden wird auf einem Phosphorplättchen in hochintensives weißes Licht konzentriert\nBordcomputer inkl. Check-Control\nBremsleuchte, dritte\nConnectedDrive Services\nCrash Sensor\nDach: Leichtbaudach aus Carbon (CFK)\nDriving Assistant Kamera- und radarbasiertes Fahrerassistenzsystem bestehend aus: - Spurverlassenswarnung - Spurwechselwarnung und Frontkollisionswarnung mit Bremseingriff - Querverkehrswarnung hinten - Prävention Heckkollision - Speed Limit Info (Verkehrszeichenerkennung) [Spurwechselassistent, Totwinkel-Assistent]\nDurchladesystem\nDynamische Stabilitäts Control (DSC)\nEinstiegs. mit Alu.einleger u Modellschr\nFahrwerk: Adaptives Fahrwerk\nFensterheber elektrisch (2)\n\nEs sind keine sicherheitsrelevanten Mängel am Fahrzeug bekannt! \n\nIrrtümer und Zwischenverkauf vorbehalten!\n\nAchtung! Der Standort des Fahrzeuges kann abweichend sein. Bitte vor Besichtigung erfragen.",
  "dealerDetails": {
    "id": 2017281,
    "name": "Ernst + König GmbH",
    "sellerType": "Dealer",
    "phones": [
      "+49 (0)7731 169011905"
    ],
    "languages": [
      "Deutsch",
      "English"
    ],
    "country": "DE",
    "address": "Georg-Fischer-Straße 19, DE-78224 Singen",
    "location": {
      "latitude": 47.7531811,
      "longitude": 8.8484947
    },
    "activeSince": "2008-11-20T00:00:00.000Z",
    "homepageUrl": "https://home.mobile.de/home/redirect.html?customerId=2017281",
    "iconUrl": "https://img.classistatic.de/api/v1/mo-prod/images/06/0684b3c7-052f-4460-ab51-e1cef8842ef8?rule=mo-640.jpg",
    "reviewPageUrl": "https://www.mobile.de/bewertungen/ERNSTKOENIGGMBHSINGEN?lang=en",
    "score": {
      "total": 4.7,
      "responseTime": 4.7,
      "friendliness": 4.8,
      "advice": 4.7
    },
    "activeRatingCount": 12,
    "vehicleAsDescribedPercentage": 100,
    "recommendPercentage": 100,
    "soldVehicleCount": null,
    "reviews": []
  },
  "attributes": {
    "Vehicle condition": "Used vehicle, Accident-free",
    "Category": "Estate car",
    "Vehicle Number": "59578741_68079",
    "Mileage": "27,011 km",
    "Cubic Capacity": "2,993 ccm",
    "Power": "375 kW (510 hp)",
    "Drive type": "Internal combustion engine",
    "Fuel": "Petrol",
    "Number of Seats": "5",
    "Door Count": "4/5",
    "Transmission": "Automatic",
    "Emission Class": "Euro6d",
    "Emissions Sticker": "4 (Green)",
    "First Registration": "06/2024",
    "Number of Vehicle Owners": "1",
    "HU": "New",
    "Climatisation": "Automatic climatisation, 3 zones",
    "Parking sensors": "Rear, Front, Self-steering systems, 360° camera",
    "Airbags": "Front and Side and More Airbags",
    "Colour (Manufacturer)": "BROOKLYN GRAU METALLIC",
    "Colour": "Grey Metallic",
    "Interior Design": "Full leather, Black"
  },
  "features": [
    "ABS",
    "Adaptive Cruise Control",
    "Adaptive lighting",
    "Alarm system",
    "Alloy wheels",
    "Ambient lighting",
    "Android Auto",
    "Apple CarPlay",
    "Arm rest",
    "Autom. dimming interior mirror",
    "Blind spot assist",
    "Bluetooth",
    "Cargo barrier",
    "Central locking",
    "DAB radio",
    "Digital cockpit",
    "Distance warning system",
    "Electric seat adjustment",
    "Electric side mirror",
    "Electric tailgate",
    "Electric windows",
    "Emergency brake assist",
    "Emergency call system",
    "ESP",
    "Folding exterior mirrors",
    "Four-wheel drive",
    "Full Service History",
    "Hands-free kit",
    "Head-up display",
    "Heated seats",
    "Heated steering wheel",
    "High beam assist",
    "Hill-start assist",
    "Immobilizer",
    "Induction charging for smartphones",
    "Isofix",
    "Keyless central locking",
    "Lane change assist",
    "Laser headlights",
    "Leather steering wheel",
    "LED running lights",
    "Light sensor",
    "Lumbar support",
    "Multifunction steering wheel",
    "Navigation system",
    "Non-smoker vehicle",
    "On-board computer",
    "Paddle shifters",
    "Particulate filter",
    "Passenger seat Isofix point",
    "Power Steering",
    "Rain sensor",
    "Roof rack",
    "Sound system",
    "Speed limit control system",
    "Sport seats",
    "Sports package",
    "Tinted windows",
    "Touchscreen",
    "Traction control",
    "Traffic sign recognition",
    "Tuner/radio",
    "Tyre pressure monitoring",
    "USB port",
    "Voice control",
    "Warranty",
    "WLAN / Wi-Fi hotspot"
  ]
},
{
  "title": "BMW M3 Competition M xDrive Touring UPE: 110.809€",
  "previewImage": "https://img.classistatic.de/api/v1/mo-prod/images/8a/8aed1b4e-948f-4ef5-9552-d580b956e1dc?rule=mo-1600.jpg",
  "category": "EstateCar",
  "brand": "BMW",
  "model": "M3",
  "url": "https://suchen.mobile.de/fahrzeuge/details.html?id=434423993",
  "price.total.amount": 92845,
  "priceRating": {
    "rating": "Good price",
    "priceRanges": {
      "Very good price": {
        "start": 68301,
        "end": 88700
      },
      "Good price": {
        "start": 88701,
        "end": 95600
      },
      "Fair price": {
        "start": 95601,
        "end": 106300
      },
      "Increased price": {
        "start": 106301,
        "end": 114100
      },
      "High price": {
        "start": 114101,
        "end": 126800
      }
    }
  },
  "description": "Sonstiges\nAblage für Wireless Charging\nActive Guard\nBlow by-Heizer\nBMW Apps\nKaeltemittel\nM Interieurleisten Aluminium Rhombicle Anthrazit\nMWSt ausweisbar\nPersonal eSIM\nProbefahrt\nSteuerung EfficientDynamics\nSteuerung Karosserie\nUnfallfrei\n\nAntrieb, Fahrwerk\nAdaptives M Fahrwerk\nAllrad\nM Compound-Bremse, rot hochglänzend\nM Drive Professional\nM Sportdifferenzial\nSportfahrwerk\n\nEditionen und Pakete\nAblagenpaket\nConnected Package Professional (laufzeitgebundener Dienst)\nConnectedDrive Services (laufzeitgebundener Dienst)\nInnovationspaket\n\nExterieur\nDach und Spiegelkappen schwarz\nDachreling\n\nFahrerassistenz\nGeschwindigkeitsregelung mit Bremsfunktion\nGesetzlicher Notruf\nParking Assistant\nTeleservices\n\nIndividualumfänge\nIndividual\nM Dachreling Hochglanz Shadow Line\nM Hochglanz Shadow Line\nM Hochglanz Shadow Line mit erweiterten Umfängen\nM Leuchten Shadow Line\n\nKomfort, Innenausstattung\nFondkopfstützen klappbar\nGalvanikapplikation für Bedienelemente\nInnen- und Außenspiegelpaket\nKlimaautomatik\nKomfortzugang\nLeder\nLordose\nLordosenstütze für Fahrer und Beifahrer\nM Sicherheitsgurte\nM Sportsitze\nSitzheizung für Fahrer und Beifahrer\nSitzverstellung elektrisch mit Memory für Fahrersitz\nSonnenschutzverglasung\n\nMultimedia\nBMW Live Cockpit Professional (laufzeitgebundener Dienst)\nDAB Tuner\nHarman Kardon Surround Sound System\n\nRäder\n19\"/20\" M Schmiederäder Doppelspeiche 826 M Schwarz / MB\nRadschraubensicherung\nReifenreparatur Set\n\nSitzbezug\nLeder Merino Silverstone/Schwarz\n\nUmwelt, Sicherheit\nAbgasnorm EU6 RDE II\nABS\nActive Protection\nAdaptiver LED-Scheinwerfer\nAktiver Fußgängerschutz\nAlarmanlage mit Fernbedienung\nBeifahrerairbag-Deaktivierung\nDriving Assistant\nFernlichtassistent\nInnenspiegel automatisch abblendend\nReifendruck-Kontrolle\nIrrtümer und Zwischenverkauf vorbehalten.",
  "dealerDetails": {
    "id": 453279,
    "name": "Cloppenburg GmbH",
    "sellerType": "Dealer",
    "phones": [
      "+49 (0)981 2155018660"
    ],
    "languages": [
      "Deutsch",
      "Pусский",
      "English"
    ],
    "country": "DE",
    "address": "Rudolf-Diesel-Straße 2, DE-91522 Ansbach",
    "location": {
      "latitude": 49.2600201,
      "longitude": 10.6121825
    },
    "activeSince": "1999-08-27T00:00:00.000Z",
    "homepageUrl": "https://home.mobile.de/home/redirect.html?customerId=453279",
    "iconUrl": null,
    "reviewPageUrl": "https://www.mobile.de/bewertungen/CLOPPENBURG-GMBH-ANSBACH?lang=en",
    "score": {
      "total": 4.5,
      "responseTime": 4.5,
      "friendliness": 4.6,
      "advice": 4.4
    },
    "activeRatingCount": 41,
    "vehicleAsDescribedPercentage": 90,
    "recommendPercentage": 84,
    "soldVehicleCount": null,
    "reviews": []
  },
  "attributes": {
    "Vehicle condition": "Used vehicle",
    "Category": "Estate car, Employee's Car",
    "Model range": "M3 touring",
    "Trim line": "M xDrive Touring UPE: 110.809€",
    "Vehicle Number": "B02813533817",
    "Availability": "Now",
    "Mileage": "8,399 km",
    "Cubic Capacity": "2,993 ccm",
    "Power": "390 kW (530 hp)",
    "Drive type": "Internal combustion engine",
    "Fuel": "Petrol, E10-enabled",
    "CO₂ class": "Based on CO₂ emissions (combined)",
    "Fuel consumption": [
      "10.4 l/100km (combined)",
      "15.8 l/100km (city)",
      "10.3 l/100km (suburban)",
      "8.8 l/100km (country road)",
      "9.8 l/100km (motorway)"
    ],
    "Energy costs for 15,000 km annual mileage": "€0/Year",
    "Fuel price": "€1.80/l (annual average 2024)",
    "Possible CO₂ costs over the next 10 years (15,000 km/year)": [
      "€0 (assuming an average CO₂ price of €127/t)",
      "€0 (assuming a low average CO₂ price of €60/t)",
      "€0 (assuming a high average CO₂ price of €200/t)"
    ],
    "Number of Seats": "5",
    "Door Count": "4/5",
    "Transmission": "Manual gearbox",
    "Emission Class": "Euro6",
    "First Registration": "01/2025",
    "Number of Vehicle Owners": "1",
    "HU": "New",
    "Climatisation": "Automatic air conditioning",
    "Parking sensors": "Camera, Self-steering systems, Rear, Front",
    "Airbags": "Front and Side and More Airbags",
    "Colour (Manufacturer)": "M Brooklyn Grau",
    "Colour": "Grey Metallic",
    "Interior Design": "Full leather, Black",
    "Cylinders": "6",
    "Energy consumption (comb.)": "10.4 l/100km",
    "CO₂ emissions (comb.)": "234 g/km"
  },
  "features": [
    "ABS",
    "Adaptive lighting",
    "Alarm system",
    "Alloy wheels",
    "Ambient lighting",
    "Arm rest",
    "Autom. dimming interior mirror",
    "Bluetooth",
    "Cargo barrier",
    "CD player",
    "Central locking",
    "Cruise control",
    "DAB radio",
    "Digital cockpit",
    "Electric seat adjustment",
    "Electric side mirror",
    "Electric windows",
    "Eletric seat adjustment with memory function",
    "Emergency call system",
    "ESP",
    "Four-wheel drive",
    "Full Service History",
    "Glare-free high beam headlights",
    "Hands-free kit",
    "Heated seats",
    "High beam assist",
    "Hill-start assist",
    "Immobilizer",
    "Induction charging for smartphones",
    "Isofix",
    "Keyless central locking",
    "LED headlights",
    "LED running lights",
    "Light sensor",
    "Lumbar support",
    "Multifunction steering wheel",
    "Navigation system",
    "Non-smoker vehicle",
    "On-board computer",
    "Power Steering",
    "Roof rack",
    "Sound system",
    "Sport seats",
    "Sports suspension",
    "Start-stop system",
    "Tinted windows",
    "Touchscreen",
    "Traction control",
    "Tuner/radio",
    "Tyre pressure monitoring",
    "Voice control",
    "Warranty",
    "Winter package"
  ]
},
{
  "title": "BMW M3 Touring Competition/Carbon/ACC/Sitzbelüftung",
  "previewImage": "https://img.classistatic.de/api/v1/mo-prod/images/7b/7b42bf03-ffb4-4bac-a8c4-8f8c8b5c38df?rule=mo-1600.jpg",
  "category": "EstateCar",
  "brand": "BMW",
  "model": "M3",
  "url": "https://suchen.mobile.de/fahrzeuge/details.html?id=433825988",
  "price.total.amount": 92900,
  "priceRating": {
    "rating": "Very good price",
    "priceRanges": {
      "Very good price": {
        "start": 72101,
        "end": 93700
      },
      "Good price": {
        "start": 93701,
        "end": 100900
      },
      "Fair price": {
        "start": 100901,
        "end": 112300
      },
      "Increased price": {
        "start": 112301,
        "end": 120500
      },
      "High price": {
        "start": 120501,
        "end": 133900
      }
    }
  },
  "description": "Wir freuen uns Ihnen unseren BMW M3 Touring Competition mit xDrive in Skyscraper Grau Metallic anbieten zu dürfen. Die hochwertige und umfangreiche Sonderausstattung erstreckt sich von den M Interieurleisten \"Carbon Fibre\" über die Aktive Sitzbelüftung vorn bis zum Instrumententafel Luxury.\nDie M spezifischen Merkmale wie u. a. die M Sicherheitsgurte, das M Drive Professional sowie das Adaptive M Fahrwerk besitzt das Fahrzeug ebenfalls.\n\n\nUm sicherzustellen, dass Sie die bestmögliche Betreuung genießen und Ihre Erwartungen umfassend erfüllt werden, laden wir Sie herzlich ein, im Voraus einen Termin für Ihre persönliche Beratung zu vereinbaren.Relevante Informationen zum Fahrzeug:\ndeutsches Fahrzeug\n1. Hand\nBMW Neuwagen-Garantie bis 05.2028\nBMW Reifen-Garantie bis 05.2028\n\n\nSonderausstattung:\nInnovationspaket\nBMW Head-Up Display\nAutomatische Heckklappenbetätigung\nAktive Sitzbelüftung vorn\nKomfortzugang\nAdaptiver LED-Scheinwerfer\nFernlichtassistent\nDach und Spiegelkappen schwarz\nSonnenschutzrollo für hintere Türseitenscheiben\nM Dachreling Hochglanz Shadow Line\nDriving Assistant Professional\nAbstandsregelung (ACC mit Stop&Go)\nAmpelerkennung\nFrontkollisionswarnung mit Bremseingriff\nLenk- und Spurführungsassistent\nLokale Gefahrenwarnung mit BMW Live Cockpit Professional\nQuerverkehrswarnung\nSpeed Limit Info mit Überholverbotsanzeige\nSpurhalteassistent mit aktivem Seitenkollisionsschutz\nSpurverlassenswarnung mit Fahrbahnrückführung\nSpurwechselassistent\nSpurwechselwarnung\nM Drive Professional\nM Sportdifferenzial\nAdaptives M Fahrwerk\nAlarmanlage\nM Compound-Bremse, schwarz hochglänzend\nSonnenschutzverglasung\nLenkradheizung\nAkustikverglasung\nM Leuchten Shadow Line\nInnen- und Außenspiegelpaket\nInnenspiegel automatisch abblendend\nSitzverstellung, elektrisch mit Memory für Fahrersitz\nLordosenstütze für Fahrer und Beifahrer\nAblagenpaket\nM Interieurleisten \"Carbon Fibre\"\nSitzheizung für Fahrer und Beifahrer\nInstrumententafel Luxury\nParking Assistant Plus\nParkassistent\nSurround View\nM Sicherheitsgurte\nGalvanikapplikation für Bedienelemente\nDAB-Tuner\nHarman Kardon Surround Sound System\nConnected Package Professional\nAblage für Wireless Charging\nBMW Live Cockpit Professional\nM Sportsitze\nM Hochglanz Shadow Line\nM Hochglanz Shadow Line mit erweiterten Umfängen\n19\"/20\" M Schmiederäder Doppelspeiche 826 M Schwarz\n3-Zonen Klimaautomatik\nWir sind Ihr zuverlässiger Partner, für die leistungsstarken Modelle der Premium-Automobilhersteller, in Bayern. Unsere Leidenschaft für sportliche Fahrzeuge steht im Mittelpunkt unseres Unternehmens. Jedes Fahrzeug in unserem Sortiment wird mit äußerster Sorgfalt und Hingabe ausgewählt, wobei wir besonderen Wert auf die Historie und den Zustand der Fahrzeuge legen.Alle Angaben freibleibend. Änderungen, Druck- und Übermittlungsfehler sowie Zwischenverkauf vorbehalten.",
  "dealerDetails": {
    "id": 36486266,
    "name": "sportivo Neutraubling GmbH",
    "sellerType": "Dealer",
    "phones": [
      "+49 (0)9401 539907583"
    ],
    "languages": [
      "Deutsch",
      "English"
    ],
    "country": "DE",
    "address": "Saazer Straße 3, DE-93073 Neutraubling",
    "location": {
      "latitude": 48.9770347,
      "longitude": 12.1916664
    },
    "activeSince": "2024-08-01T00:00:00.000Z",
    "homepageUrl": "https://home.mobile.de/home/redirect.html?customerId=36486266",
    "iconUrl": null,
    "reviewPageUrl": "https://www.mobile.de/bewertungen/sportivoNeutraublingGmbH?lang=en",
    "score": {
      "total": 5,
      "responseTime": 5,
      "friendliness": 5,
      "advice": 5
    },
    "activeRatingCount": 22,
    "vehicleAsDescribedPercentage": 100,
    "recommendPercentage": 100,
    "soldVehicleCount": null,
    "reviews": []
  },
  "attributes": {
    "Vehicle condition": "Used vehicle, Accident-free",
    "Category": "Estate car",
    "Model range": "G81",
    "Trim line": "Competition",
    "Vehicle Number": "31756",
    "Origin": "German edition",
    "Mileage": "5,219 km",
    "Cubic Capacity": "2,993 ccm",
    "Power": "390 kW (530 hp)",
    "Drive type": "Internal combustion engine",
    "Fuel": "Petrol",
    "CO₂ class": "Based on CO₂ emissions (combined)",
    "Number of Seats": "5",
    "Door Count": "4/5",
    "Transmission": "Automatic",
    "Emission Class": "Euro 6e",
    "Emissions Sticker": "4 (Green)",
    "First Registration": "05/2025",
    "Number of Vehicle Owners": "1",
    "HU": "05/2028",
    "Climatisation": "Automatic climatisation, 3 zones",
    "Parking sensors": "Self-steering systems, Rear, 360° camera, Front",
    "Airbags": "Front and Side and More Airbags",
    "Colour (Manufacturer)": "Skyscraper Grau Metallic",
    "Colour": "Grey Metallic",
    "Interior Design": "Full leather, Black",
    "Weight": "1,940 kg",
    "Cylinders": "6",
    "Tank capacity": "59 l",
    "Energy consumption (comb.)": "-- l/100km",
    "CO₂ emissions (comb.)": "-- g/km"
  },
  "features": [
    "ABS",
    "Adaptive cornering lights",
    "Adaptive Cruise Control",
    "Alarm system",
    "Alloy wheels",
    "Ambient lighting",
    "Android Auto",
    "Apple CarPlay",
    "Arm rest",
    "Autom. dimming interior mirror",
    "Blind spot assist",
    "Bluetooth",
    "Cargo barrier",
    "Central locking",
    "DAB radio",
    "Digital cockpit",
    "Distance warning system",
    "Dynamic chassis control",
    "Electric seat adjustment",
    "Electric side mirror",
    "Electric tailgate",
    "Electric windows",
    "Eletric seat adjustment with memory function",
    "Emergency brake assist",
    "Emergency call system",
    "Emergency tyre repair kit",
    "ESP",
    "Fatigue warning system",
    "Folding exterior mirrors",
    "Four-wheel drive",
    "Full Service History",
    "Hands-free kit",
    "Head-up display",
    "Heated seats",
    "Heated steering wheel",
    "High beam assist",
    "Hill-start assist",
    "Immobilizer",
    "Induction charging for smartphones",
    "Integrated music streaming",
    "Isofix",
    "Keyless central locking",
    "Lane change assist",
    "Leather steering wheel",
    "LED headlights",
    "LED running lights",
    "Light sensor",
    "Lumbar support",
    "Multifunction steering wheel",
    "Navigation system",
    "Non-smoker vehicle",
    "On-board computer",
    "Paddle shifters",
    "Particulate filter",
    "Passenger seat Isofix point",
    "Power Steering",
    "Rain sensor",
    "Rear traffic alert",
    "Roof rack",
    "Seat ventilation",
    "Sound system",
    "Speed limit control system",
    "Sport seats",
    "Sports package",
    "Sports suspension",
    "Start-stop system",
    "Summer tyres",
    "Tinted windows",
    "Touchscreen",
    "Traction control",
    "Traffic sign recognition",
    "Tuner/radio",
    "Tyre pressure monitoring",
    "USB port",
    "Voice control",
    "Warranty",
    "Winter package",
    "WLAN / Wi-Fi hotspot"
  ]
},
{
  "title": "BMW M3 xDrive Competition ACC 360° Sitzlüftung LCI",
  "previewImage": "https://img.classistatic.de/api/v1/mo-prod/images/16/16e851d0-c03c-42b0-91fa-5da8a4ac2c2e?rule=mo-1600.jpg",
  "category": "EstateCar",
  "brand": "BMW",
  "model": "M3",
  "url": "https://suchen.mobile.de/fahrzeuge/details.html?id=434089522",
  "price.total.amount": 93488.99,
  "priceRating": {
    "rating": "Good price",
    "priceRanges": {
      "Very good price": {
        "start": 70801,
        "end": 92000
      },
      "Good price": {
        "start": 92001,
        "end": 99100
      },
      "Fair price": {
        "start": 99101,
        "end": 110200
      },
      "Increased price": {
        "start": 110201,
        "end": 118300
      },
      "High price": {
        "start": 118301,
        "end": 131400
      }
    }
  },
  "description": "+WILLKOMMEN BEIM AUTOHAUS BAYERNCAR KÖNIGSBRUNN ...kaufen mit gutem Gefühl! ++ALLE FAHRZEUGE optional DEKRA geprüft !++Zwischenverkauf, Änderungen und Irrtümer vorbehalten ++WE ALSO SALE WITHOUT VAT FOR EXPORT-JUST ASK US!++ \nDeutschlandweite Zustellungen möglich!!!\n\nUnsere Serviceleistungen:\n- Allianz Automotive Garantie Erweiterung (optional)\n- Finanzierung über die BMW Premium Financial oder die Credit Plus Bank\nAb sofort sind wir über WhatsApp erreichbar.\nWhatsApp-/FaceTime Kontakt: +49-171 19 021 90\n\n++ BMW M3 xDrive Competition Touring LCI ++\nRepair inclusive 3Jahre/200.000km\nFarbe: 0C4W Skyscraper Grey Metallic\nPolster: X3IA Vollleder Merino Silverstone /Schwarz\n\nSonderausstattung:\n\n01MB M DRIVE PROFESSIONAL\n01U0 BMW LM Rad 826M JB\n0248 Lenkradheizung\n02PA Radschraubensicherung\n02T4 M Sportdifferenzial\n02VB Reifendruckanzeige\n02VC Reifenreparatur-Set\n02VF Adaptives M Fahrwerk\n0302 Alarmanlage\n0322 Komfortzugang\n0383 Dach und Spiegelkappen schwarz\n03KA Akustik Komfort Verglasung\n03M5 M COMPOUND-BREMSE, ROT HOCHGLAENZ.\n03MC Individual Dachreling Hochgl Shadow Line\n03MF BMW INDIVIDUAL LEUCHTEN SHADOW LINE\n0418 Gepäckraumpaket\n0420 Abgedunkelte Verglasung\n0430 Innen-/Aussensp. mit Abblendautomatik\n0431 Innenspiegel automatisch abblendend\n0453 Klimatisierte Sitze vorne\n0459 Sitzverstellung elektrisch mit Memory\n0488 Lordosenstütze Fahrer u. Beifahrer\n0493 Ablagenpaket\n0494 Sitzheizung Fahrer/Beifahrer\n04GQ M Sicherheitsgurte\n04MC Interieurleisten Carbon Fibre\n04NE Blow-by-Heizer\n04U0 Galvanikapplikation Bedienelemente\n0534 Klimaautomatik\n0548 Kilometertacho\n0552 Adaptiver LED-Scheinwerfer\n05AC Fernlichtassistent\n05AU Driving Assistant Professional\n05AV Active Guard\n05DA Deaktivierung Airbag Beifahrer\n05DC Kopfstützen im Fond klappbar\n05DN Parkassistenzsystem Plus\n0654 DAB-Tuner (DAB+ fähig)\n0688 Harman/Kardon Surround Sound System\n06AE Teleservices\n06AF Gesetzlicher Notruf\n06AK Connected Drive Services\n06C3 Connected Package Professional\n06DR BMW drive recorder\n06NX Storage tray wireless charging\n06PA Personal eSIM\n06U3 BMW Live Cockpit Professional\n06VB Steuerung Infotainment\n0712 M Sportsitz\n0760 Hochglanz Shadow-Line\n0775 Dachhimmel anthrazit\n07A2 Innovationspaket II\n07M9 M Hochglanz Shadow Line mit erweiterten Umfängen \n\nSerienausstattung:\nAblage-Paket\nAdaptives Fahrwerk M-Technic\nAktives M Differential\nAußenausstattung: Shadow-Line Hochglanz (erweiterter Umfang)\nBedienelemente galvanisiert\nBlinkleuchte in Außenspiegel integriert\nBMW Live Cockpit Professional\nService-System: WiFi-Direct\nHead-up-Display Full Color\nBMW Curved Display\nControl-Display mit Farbmonitor (14,9 Zoll)\nService-System: Augmented Reality für Navigation\nDach schwarz lackiert\nDurchladeeinrichtung (Mittelarmlehne hinten)\nDynamische Stabilitäts-Control (DSC) mit erweiterter Umfang\nFahrassistenz-System: Active Guard (Bremsassistent)\nFreisprecheinrichtung Bluetooth mit USB-/Audio-Schnittstelle\nGepäckraum-Abtrennung (Netz)\nGeschwindigkeits-Begrenzeranlage (Speed Limit Device)\nGetriebe Automatik - mit Steptronic und Drivelogic (8-Stufen)\nGetränkehalter\nHeckleuchten LED\nInduktionsladeschale für Smartphone (Wireless Charging)\nInnenspiegel mit Abblendautomatik\nLendenwirbelstütze Sitz vorn links und rechts, elektr. verstellbar\nLenkrad (Leder) mit Multifunktion M-Technic\nLenksäule (Lenkrad) mechan. verstellbar\nLeuchtweitenregelung\nLicht- und Regensensor\nLichtassistent (Follow me home)\nM Drive (Fahrprofilauswahl)\nPersonalisierungssystem (BMW ID)\nPersonalisierungssystem (Personal eSIM)\nRadioempfang digital (DAB+)\nScheibenwischer mit Regensensor\nScheinwerfer LED\nSeitenairbag vorn\nSicherheitsgurte M\nSitze vorn elektr. verstellbar (mit Memory)\nSitzheizung vorn\nSonnenschutzverglasung (hinten abgedunkelt)\nSound-System Harman-Kardon\nSpiegel-Paket\nAußenspiegel elektr. anklappbar\nAußenspiegel mit Abblendautomatik, links\nAußenspiegel mit Bordsteinautomatik, rechts\nSportdifferential\nSportsitze vorn (M-Technic)\nWärme-/Sonnenschutzverglasung\nZentralverriegelung mit Diebstahlsicherung und Crashsensor\n\nEin Angebot von BMW-Bank Premium Financial:\nLaufzeit: 36 Monate\nAnzahlung: 15.725,00 €\neffekt. Jahreszins: 6,99 %\nSchlussrate: 60.078,00 €\nNettokreditbetrag: 82.764,00 €\nBruttokreditbetrag: 97.322,00 €\nAbschlussgebühr: 0,00 €\nRatensicherung: 0,00 €\nSollzinssatz: 6,78 %\n\nmonatl. Rate: 1.064,00 €\nWir bieten unsere Fahrzeuge bereits kurz nach Kauf und ohne Bilder an. Sobald diese bei uns eingetroffen sind werden Bilder eingestellt.\nMit einer Bestellung versenden wir nochmal eine detaillierte Aufstellung der kompletten Fahrzeugausstattung. Wir bitten diese vor Vertragsabschluß sorgfältig zu lesen, da Fehler\nim Inserat vorbehaltlich sind und Irrtümer nicht ausgeschlossen werden können.",
  "dealerDetails": {
    "id": 451587,
    "name": "BayernCar GmbH",
    "sellerType": "Dealer",
    "phones": [
      "+49 (0)8231 926973285"
    ],
    "messengers": {
      "WHATS_APP": "+49 (0)171 1902190"
    },
    "languages": [
      "Deutsch",
      "English"
    ],
    "country": "DE",
    "address": "Dornierstraße 10, DE-86343 Königsbrunn",
    "location": {
      "latitude": 48.2539715,
      "longitude": 10.8711669
    },
    "activeSince": "2005-10-17T00:00:00.000Z",
    "homepageUrl": "https://home.mobile.de/home/redirect.html?customerId=451587",
    "iconUrl": "https://img.classistatic.de/api/v1/mo-prod/images/f7/f73f1ae9-a818-4727-830b-e5061e043ce7?rule=mo-640.jpg",
    "reviewPageUrl": "https://www.mobile.de/bewertungen/BAYERN-CAR?lang=en",
    "score": {
      "total": 4.6,
      "responseTime": 4.6,
      "friendliness": 4.7,
      "advice": 4.5
    },
    "activeRatingCount": 47,
    "vehicleAsDescribedPercentage": 94,
    "recommendPercentage": 94,
    "soldVehicleCount": null,
    "reviews": []
  },
  "attributes": {
    "Vehicle condition": "Used vehicle, Accident-free",
    "Category": "Estate car, Demonstration Vehicle",
    "Model range": "G81N",
    "Trim line": "Competition",
    "Vehicle Number": "25-26046",
    "Availability": "Now",
    "Mileage": "9,103 km",
    "Cubic Capacity": "2,993 ccm",
    "Power": "390 kW (530 hp)",
    "Drive type": "Internal combustion engine",
    "Fuel": "Petrol",
    "CO₂ class": "Based on CO₂ emissions (combined)",
    "Fuel consumption": [
      "10.4 l/100km (combined)"
    ],
    "Energy costs for 15,000 km annual mileage": "€2,886/Year",
    "Fuel price": "€1.85/l (annual average 2024)",
    "Possible CO₂ costs over the next 10 years (15,000 km/year)": [
      "€4,036 (assuming an average CO₂ price of €115/t)",
      "€1,755 (assuming a low average CO₂ price of €50/t)",
      "€6,669 (assuming a high average CO₂ price of €190/t)"
    ],
    "Number of Seats": "5",
    "Door Count": "4/5",
    "Transmission": "Automatic",
    "Emission Class": "Euro6",
    "Emissions Sticker": "4 (Green)",
    "First Registration": "01/2025",
    "Number of Vehicle Owners": "1",
    "HU": "01/2028",
    "Climatisation": "Automatic climatisation, 3 zones",
    "Parking sensors": "Rear, 360° camera, Self-steering systems, Front",
    "Airbags": "Front and Side and More Airbags",
    "Colour (Manufacturer)": "(0C4W) Skyscraper Grey Met",
    "Colour": "Grey Metallic",
    "Interior Design": "Full leather, Grey",
    "Weight": "1,940 kg",
    "Cylinders": "6",
    "Energy consumption (comb.)": "10.4 l/100km",
    "CO₂ emissions (comb.)": "234 g/km"
  },
  "features": [
    "ABS",
    "Adaptive cornering lights",
    "Adaptive Cruise Control",
    "Alarm system",
    "Alloy wheels",
    "Ambient lighting",
    "Android Auto",
    "Apple CarPlay",
    "Arm rest",
    "Autom. dimming interior mirror",
    "Blind spot assist",
    "Bluetooth",
    "Cargo barrier",
    "Central locking",
    "DAB radio",
    "Digital cockpit",
    "Distance warning system",
    "Dynamic chassis control",
    "Electric seat adjustment",
    "Electric side mirror",
    "Electric tailgate",
    "Electric windows",
    "Eletric seat adjustment with memory function",
    "Emergency brake assist",
    "Emergency call system",
    "ESP",
    "Fatigue warning system",
    "Folding exterior mirrors",
    "Four-wheel drive",
    "Full Service History",
    "Glare-free high beam headlights",
    "Hands-free kit",
    "Head-up display",
    "Heated seats",
    "Heated steering wheel",
    "High beam assist",
    "Hill-start assist",
    "Immobilizer",
    "Induction charging for smartphones",
    "Integrated music streaming",
    "Isofix",
    "Keyless central locking",
    "Lane change assist",
    "Leather steering wheel",
    "LED headlights",
    "LED running lights",
    "Light sensor",
    "Lumbar support",
    "Multifunction steering wheel",
    "Navigation system",
    "Non-smoker vehicle",
    "On-board computer",
    "Paddle shifters",
    "Particulate filter",
    "Power Steering",
    "Rain sensor",
    "Rear traffic alert",
    "Roof rack",
    "Seat ventilation",
    "Sound system",
    "Speed limit control system",
    "Sport seats",
    "Sports package",
    "Sports suspension",
    "Start-stop system",
    "Summer tyres",
    "Tinted windows",
    "Touchscreen",
    "Traction control",
    "Traffic sign recognition",
    "Tuner/radio",
    "Tyre pressure monitoring",
    "USB port",
    "Voice control",
    "Warranty",
    "WLAN / Wi-Fi hotspot"
  ]
},
{
  "title": "BMW M3 Competition xDrive Touring [HUD, ACC, Carbon ",
  "previewImage": "https://img.classistatic.de/api/v1/mo-prod/images/9e/9e39a67c-e024-4e12-943c-c1193b5f7299?rule=mo-1600.jpg",
  "category": "EstateCar",
  "brand": "BMW",
  "model": "M3",
  "url": "https://suchen.mobile.de/fahrzeuge/details.html?id=426496838",
  "price.total.amount": 93490,
  "priceRating": {
    "rating": "Fair price",
    "priceRanges": {
      "Very good price": {
        "start": 65901,
        "end": 85700
      },
      "Good price": {
        "start": 85701,
        "end": 92300
      },
      "Fair price": {
        "start": 92301,
        "end": 102700
      },
      "Increased price": {
        "start": 102701,
        "end": 110200
      },
      "High price": {
        "start": 110201,
        "end": 122500
      }
    }
  },
  "description": "Sonstiges\nAblage für Wireless Charging\nActive Guard\nBlow by-Heizer\nBMW Apps\nDekodierung Zusatzfunktionen\nKaeltemittel\nM Interieurleisten Aluminium Rhombicle Anthrazit\nMWSt ausweisbar\nPersonal eSIM\nProbefahrt\nSteuerung EfficientDynamics\nSteuerung Karosserie\nUnfallfrei\n\nAntrieb, Fahrwerk\nAdaptives M Fahrwerk\nAllrad\nM Drive Professional\nM Sportdifferenzial\nSportfahrwerk\n\nEditionen und Pakete\nAblagenpaket\nConnected Package Professional (laufzeitgebundener Dienst)\nConnectedDrive Services (laufzeitgebundener Dienst)\nGepäckraumpaket\nInnovationspaket\nM Carbon Exterieurpaket\n\nExterieur\nDach und Spiegelkappen schwarz\nDachreling\n\nFahrerassistenz\nDriving Assistant Professional\nGesetzlicher Notruf\nParking Assistant Plus\nTeleservices\n\nIndividualumfänge\nIndividual\nM Dachreling Hochglanz Shadow Line\nM Hochglanz Shadow Line\nM Hochglanz Shadow Line mit erweiterten Umfängen\nM Leuchten Shadow Line\n\nKomfort, Innenausstattung\nFondkopfstützen klappbar\nGalvanikapplikation für Bedienelemente\nInnen- und Außenspiegelpaket\nKlimaautomatik\nKomfortzugang\nLeder\nLordose\nLordosenstütze für Fahrer und Beifahrer\nM Sicherheitsgurte\nM Sportsitze\nSitzheizung für Fahrer und Beifahrer\nSitzverstellung elektrisch mit Memory für Fahrersitz\nSonnenschutzverglasung\n\nMultimedia\nBMW Live Cockpit Professional (laufzeitgebundener Dienst)\nDAB Tuner\nHarman Kardon Surround Sound System\n\nRäder\n19\"/20\" M Schmiederäder Doppelspeiche 826 M Bicolor Schwarz / MB\nRadschraubensicherung\nReifenreparatur Set\n\nSitzbezug\nLeder Merino Silverstone/Schwarz\n\nUmwelt, Sicherheit\nAbgasnorm EU6 RDE II\nABS\nActive Protection\nAdaptiver LED-Scheinwerfer\nAktiver Fußgängerschutz\nAlarmanlage mit Fernbedienung\nBeifahrerairbag-Deaktivierung\nFernlichtassistent\nInnenspiegel automatisch abblendend\nReifendruck-Kontrolle\nWir unterbreiten Ihnen gerne ein auf Sie zugeschnittenes Finanzierungs- oder Leasingangebot der BMW-Bank. Fahrzeug Inzahlungnahme auf Anfrage möglich. \nBei Fragen kontaktieren Sie einfach unser kompetentes Verkaufsteam. \nIrrtum und Zwischenverkauf vorbehalten! Irrtümer und Zwischenverkauf vorbehalten.",
  "dealerDetails": {
    "id": 463975,
    "name": "Hubauer GmbH (BMW Vertragshändler, MINI Agent)",
    "sellerType": "Dealer",
    "phones": [
      "+49 (0)871 2065912257"
    ],
    "languages": [
      "Deutsch",
      "English"
    ],
    "country": "DE",
    "address": "Ingolstädter Str. 19, DE-84030 Landshut",
    "location": {
      "latitude": 48.5633675,
      "longitude": 12.136574
    },
    "activeSince": "2001-12-04T00:00:00.000Z",
    "homepageUrl": "https://home.mobile.de/home/redirect.html?customerId=463975",
    "iconUrl": null,
    "reviewPageUrl": "https://www.mobile.de/bewertungen/HUBAUER-GMBH?lang=en",
    "score": {
      "total": 4.3,
      "responseTime": 4.5,
      "friendliness": 4.3,
      "advice": 4.1
    },
    "activeRatingCount": 31,
    "vehicleAsDescribedPercentage": 88,
    "recommendPercentage": 85,
    "soldVehicleCount": null,
    "reviews": []
  },
  "attributes": {
    "Vehicle condition": "Used vehicle, Accident-free",
    "Category": "Estate car, Employee's Car",
    "Model range": "M3 touring",
    "Trim line": "xDrive Touring [HUD, ACC, Carbon Exterieur]",
    "Vehicle Number": "9000988",
    "Availability": "Now",
    "Origin": "German edition",
    "Mileage": "17,700 km",
    "Cubic Capacity": "2,993 ccm",
    "Power": "390 kW (530 hp)",
    "Drive type": "Internal combustion engine",
    "Fuel": "Petrol",
    "CO₂ class": "Based on CO₂ emissions (combined)",
    "Fuel consumption": [
      "10.4 l/100km (combined)",
      "15.8 l/100km (city)",
      "10.3 l/100km (suburban)",
      "8.8 l/100km (country road)",
      "9.8 l/100km (motorway)"
    ],
    "Energy costs for 15,000 km annual mileage": "€0/Year",
    "Fuel price": "€1.80/l (annual average 2024)",
    "Possible CO₂ costs over the next 10 years (15,000 km/year)": [
      "€0 (assuming an average CO₂ price of €127/t)",
      "€0 (assuming a low average CO₂ price of €60/t)",
      "€0 (assuming a high average CO₂ price of €200/t)"
    ],
    "Number of Seats": "5",
    "Door Count": "4/5",
    "Transmission": "Automatic",
    "Emission Class": "Euro6",
    "First Registration": "11/2024",
    "Number of Vehicle Owners": "1",
    "HU": "11/2027",
    "Climatisation": "Automatic climatisation, 2 zones",
    "Parking sensors": "Rear, 360° camera, Self-steering systems, Front",
    "Airbags": "Front and Side and More Airbags",
    "Colour (Manufacturer)": "M Isle of Man Grün",
    "Colour": "Green Metallic",
    "Interior Design": "Full leather, Other",
    "Cylinders": "6",
    "Energy consumption (comb.)": "10.4 l/100km",
    "CO₂ emissions (comb.)": "234 g/km"
  },
  "features": [
    "ABS",
    "Adaptive Cruise Control",
    "Adaptive lighting",
    "Alarm system",
    "Alloy wheels",
    "Ambient lighting",
    "Apple CarPlay",
    "Arm rest",
    "Autom. dimming interior mirror",
    "Blind spot assist",
    "Bluetooth",
    "CD player",
    "Central locking",
    "DAB radio",
    "Digital cockpit",
    "Distance warning system",
    "Electric seat adjustment",
    "Electric side mirror",
    "Electric tailgate",
    "Electric windows",
    "Eletric seat adjustment with memory function",
    "Emergency brake assist",
    "Emergency call system",
    "ESP",
    "Four-wheel drive",
    "Glare-free high beam headlights",
    "Hands-free kit",
    "Head-up display",
    "Heated seats",
    "High beam assist",
    "Hill-start assist",
    "Immobilizer",
    "Induction charging for smartphones",
    "Isofix",
    "Keyless central locking",
    "Lane change assist",
    "Leather steering wheel",
    "LED headlights",
    "LED running lights",
    "Light sensor",
    "Lumbar support",
    "Multifunction steering wheel",
    "Navigation system",
    "On-board computer",
    "Paddle shifters",
    "Power Steering",
    "Rain sensor",
    "Roof rack",
    "Sound system",
    "Speed limit control system",
    "Sport seats",
    "Sports package",
    "Sports suspension",
    "Start-stop system",
    "Summer tyres",
    "Tinted windows",
    "Touchscreen",
    "Traction control",
    "Traffic sign recognition",
    "Tuner/radio",
    "Tyre pressure monitoring",
    "USB port",
    "Voice control",
    "Warranty"
  ]
},
{
  "title": "BMW M3*Touring*xDrive*Competition*3.000*KM*MWST*",
  "previewImage": "https://img.classistatic.de/api/v1/mo-prod/images/3e/3e88c380-52fd-4200-8514-b5b66add71c7?rule=mo-1600.jpg",
  "category": "EstateCar",
  "brand": "BMW",
  "model": "M3",
  "url": "https://suchen.mobile.de/fahrzeuge/details.html?id=433563419",
  "price.total.amount": 93999,
  "priceRating": {
    "rating": "Good price",
    "priceRanges": {
      "Very good price": {
        "start": 71201,
        "end": 92500
      },
      "Good price": {
        "start": 92501,
        "end": 99700
      },
      "Fair price": {
        "start": 99701,
        "end": 110900
      },
      "Increased price": {
        "start": 110901,
        "end": 119000
      },
      "High price": {
        "start": 119001,
        "end": 132200
      }
    }
  },
  "description": "Wir freuen uns Ihnen einen unfallfreien BMW M3 aus seriösem Vorbesitz anbieten zu dürfen. Der Wagen ist sehr gut ausgestattet und zeigt sich in einem neuwertigen Zustand.\n\nDer sportliche Kombi hat folgende Ausstattung:\n\n-MAILANFRAGEN WERDEN NICHT BEANTWORTET!!!\n-NO E-MAIL!!!\n\n\n-Unfallfrei\n-1-Hand\n-sofort verfügbar\n-Aktive Sitzbelüftung vorn\n-BMW Drive Recorder (Dashcam)\n-BMW Individuallackierung Dravit-Grau Metallic\n-Bremsanlage: Compound - M Bremssystem (Bremssättel Rot)\n-Fahrassistenz-System: Driving Assistant Professional\n-Fahrassistenz-System: Fernlichtassistent\n-Gepäckraum-Paket\n-Innenausstattung: Interieurleisten CarboN\n-M Driver´s Package\n-Metallic-Lackierung\n-Sitzbezug / Polsterung: Voll-Leder Merino Yas Marina Blau / Schwarz\n-Ultimate-Paket\n-Verglasung Akustikglas\n\nWeitere Ausstattung:\nAblage-Paket, Adaptives Fahrwerk M-Technic, Airbag Beifahrerseite abschaltbar, Airbag Fahrer-/Beifahrerseite, Aktives M Differential, Ambiente-Beleuchtung, Anhänger-Stabilisierungs-Programm (ASL), Ausstattungs-Paket: Connected Professional, Automatische Stabilitäts-Control (ASC), Außenausstattung: Shadow-Line Hochglanz, Außenausstattung: Shadow-Line Hochglanz (erweiterter Umfang), Bedienelemente galvanisiert, Blinkleuchte in Außenspiegel integriert, BMW Live Cockpit Professional, Competition, Dach schwarz lackiert, Dachhimmel Anthrazit (BMW Individual), Dachreling Hochglanz Shadow-Line, Diebstahlsicherung für Räder (Felgenschlösser), Durchladeeinrichtung (Mittelarmlehne hinten), Dynamische Stabilitäts-Control (DSC) mit erweiterter Umfang, Dynamische Tractions Control (DTC), Einstiegsleisten mit Einleger in Aluminium mit Schriftzug M, Erste Hilfe-Kasten / Verbandkasten, Fahrassistenz-System: Active Guard (Bremsassistent), Fensterheber elektrisch vorn + hinten, Freisprecheinrichtung Bluetooth mit USB-/Audio-Schnittstelle, Gepäckraum-Abtrennung (Netz), Getriebe Automatik - mit Steptronic und Drivelogic (8-Stufen), Getränkehalter, Heckklappenbetätigung automatisch, Heckleuchten LED, Induktionsladeschale für Smartphone (Wireless Charging), Innenausstattung: Interieurleisten Alu Rhombicle mit Akzentleiste, Innenspiegel mit Abblendautomatik, Isofix-Aufnahmen für Kindersitz, Karosserie: 5-türig, Kennzeichenbeleuchtung LED, Klimaautomatik 3-Zonen mit autom. Umluft-Control, Knieairbag Fahrerseite, Kopf-Airbag-System hinten, Kopf-Airbag-System vorn, Kopfstützen hinten klappbar, Lendenwirbelstütze Sitz vorn links und rechts, elektr. verstellbar, Lenksäule (Lenkrad) mechan. verstellbar, Leuchtweitenregelung, Lichtassistent (Follow me home), LM-Felgen, M Drive (Fahrprofilauswahl), M Drive Professional (Fahrprofilauswahl), Modellpflege, Motor 3,0 Ltr. - 390 kW 24V TwinPower Turbo (S58), Multifunktion für Lenkrad, Otto-Partikelfilter (OPF), Personalisierungssystem (BMW ID), Personalisierungssystem (Personal eSIM), Radioempfang digital (DAB+), Reifen-Reparaturset (Mobility-Pack), Reifendruck-Kontrollsystem, Reifenpannen-Anzeige, Schadstoffarm nach Abgasnorm Euro 6e, Schaltpunktanzeige, Scheinwerfer LED, Seitenairbag vorn, Service-System: ConnectedDrive Services, Service-System: Gesetzlicher Notruf, Service-System: Intelligenter Notruf inkl. TeleServices, Sicherheitsgurte M, Sitzbezug / Polsterung: Leder Merino, Sitze vorn elektr. verstellbar (mit Memory), Sitzheizung vorn, Sonnenschutzverglasung (hinten abgedunkelt), Sound-System Harman-Kardon, Spiegel-Paket, Sportdifferential, Sportsitze vorn (M-Technic), Start/Stop-Anlage (Funktion), Steckdose (12V-Anschluß) in Mittelkonsole vorn, Warndreieck, Wärme-/Sonnenschutzverglasung\n\n\nFahrzeugbesichtigung nur mit Termin möglich!\n\nSie haben Interesse an diesem Fahrzeug? Zögern Sie nicht und kontaktieren Sie uns für eine unverbindliche Besichtigung.\n\nGerne nehmen wir Ihren Gebrauchtwagen inzahlung.\n\nBei Interesse stehen wir Ihnen gerne telefonisch zur Verfügung.\n\nSie können uns gerne für einen unverbindlichen Besichtigungstermin kontaktieren.\n\nBesichtigung von MO-SO möglich, nach Terminvereinabrung.\n\nDie gemachten Angaben in den Anzeigen,inkl. Bildern sind unverbindliche Beschreibungen und dienen nicht als zugesicherte Eigenschaften. Eingabefehler,Irrtümer und Zwischenverkauf vorbehalten! Aufgeführte Ausstattungen sind ggfs.gesondert zu prüfen!",
  "dealerDetails": {
    "id": 13034450,
    "name": "Lehner Handels GmbH",
    "sellerType": "Dealer",
    "phones": [
      "+49 (0)9435 399002303"
    ],
    "messengers": {
      "WHATS_APP": "+49 (0)171 9002835"
    },
    "languages": [
      "Deutsch",
      "English"
    ],
    "country": "DE",
    "address": "Kurnethweg 5, DE-92269 Fensterbach",
    "location": {
      "latitude": 49.400376,
      "longitude": 12.0778182
    },
    "activeSince": "2015-04-17T00:00:00.000Z",
    "homepageUrl": "https://home.mobile.de/home/redirect.html?customerId=13034450",
    "iconUrl": null,
    "reviewPageUrl": "https://www.mobile.de/bewertungen/LAMobile?lang=en",
    "score": {
      "total": 4.9,
      "responseTime": 4.9,
      "friendliness": 4.9,
      "advice": 5
    },
    "activeRatingCount": 27,
    "vehicleAsDescribedPercentage": 100,
    "recommendPercentage": 96,
    "soldVehicleCount": null,
    "reviews": []
  },
  "attributes": {
    "Vehicle condition": "Used vehicle, Accident-free",
    "Category": "Estate car",
    "Model range": "Baureihe M3 Touring (G81N)(07.2024->)",
    "Trim line": "xDrive Competition M",
    "Mileage": "2,999 km",
    "Cubic Capacity": "2,993 ccm",
    "Power": "390 kW (530 hp)",
    "Drive type": "Internal combustion engine",
    "Fuel": "Petrol, E10-enabled",
    "Number of Seats": "5",
    "Door Count": "4/5",
    "Transmission": "Automatic",
    "Emission Class": "Euro6",
    "Emissions Sticker": "4 (Green)",
    "First Registration": "07/2024",
    "Number of Vehicle Owners": "1",
    "HU": "07/2027",
    "Climatisation": "Automatic climatisation, 2 zones",
    "Parking sensors": "360° camera, Rear, Front",
    "Airbags": "Front and Side and More Airbags",
    "Colour (Manufacturer)": "DRAVITGRAU METALLIC",
    "Colour": "Grey Metallic",
    "Interior Design": "Full leather, Blue",
    "Weight": "1,940 kg",
    "Cylinders": "6",
    "Tank capacity": "59 l"
  },
  "features": [
    "ABS",
    "Adaptive cornering lights",
    "Adaptive Cruise Control",
    "Alarm system",
    "Ambient lighting",
    "Android Auto",
    "Apple CarPlay",
    "Arm rest",
    "Autom. dimming interior mirror",
    "Blind spot assist",
    "Bluetooth",
    "Cargo barrier",
    "Central locking",
    "DAB radio",
    "Distance warning system",
    "Electric seat adjustment",
    "Electric side mirror",
    "Electric tailgate",
    "Electric windows",
    "Eletric seat adjustment with memory function",
    "Emergency brake assist",
    "Emergency call system",
    "ESP",
    "Folding exterior mirrors",
    "Four-wheel drive",
    "Full Service History",
    "Glare-free high beam headlights",
    "Hands-free kit",
    "Head-up display",
    "Heated seats",
    "Heated windshield",
    "High beam assist",
    "Hill-start assist",
    "Immobilizer",
    "Induction charging for smartphones",
    "Integrated music streaming",
    "Isofix",
    "Keyless central locking",
    "Lane change assist",
    "Leather steering wheel",
    "LED headlights",
    "LED running lights",
    "Light sensor",
    "Lumbar support",
    "Multifunction steering wheel",
    "Navigation preparation",
    "Navigation system",
    "Non-smoker vehicle",
    "On-board computer",
    "Paddle shifters",
    "Power Steering",
    "Rain sensor",
    "Roof rack",
    "Seat ventilation",
    "Sound system",
    "Speed limit control system",
    "Sport seats",
    "Sports package",
    "Sports suspension",
    "Start-stop system",
    "Summer tyres",
    "Tinted windows",
    "Touchscreen",
    "Traction control",
    "Traffic sign recognition",
    "Tuner/radio",
    "Tyre pressure monitoring",
    "USB port",
    "Voice control",
    "Warranty"
  ]
},
{
  "title": "BMW M3 Competition xDrive Touring UPE: 133.080 ,- Ca",
  "previewImage": "https://img.classistatic.de/api/v1/mo-prod/images/64/64551f85-3d95-4697-93eb-c423fcbf10f3?rule=mo-1600.jpg",
  "category": "EstateCar",
  "brand": "BMW",
  "model": "M3",
  "url": "https://suchen.mobile.de/fahrzeuge/details.html?id=405735238",
  "price.total.amount": 92999,
  "priceRating": {
    "rating": "Fair price",
    "priceRanges": {
      "Very good price": {
        "start": 63401,
        "end": 82400
      },
      "Good price": {
        "start": 82401,
        "end": 88700
      },
      "Fair price": {
        "start": 88701,
        "end": 98600
      },
      "Increased price": {
        "start": 98601,
        "end": 105900
      },
      "High price": {
        "start": 105901,
        "end": 117700
      }
    }
  },
  "description": "Getriebe\nAutomatik\nTechnik\nKeramikbremse\nAllrad\nBordcomputer\nSperrdifferential\nAdaptives Daempfungssystem\nPartikelfilter\nStart-Stop-Automatik\nSportabgasanlage\nSchaltwippen\nVolldigitales Kombiinstrument\nAssistenten\nTotwinkel-Assistent\nMüdigkeitserkennung\nVerkehrszeichenerkennung\nPark-Lenk-Assistent\nRegensensor\nFernlichtassistent\nLichtsensor\nNotbremsassistent\nBerganfahrassistent\nSpurhalteassistent\nSpurwechselassistent\nAbstandsregeltempomat\nAusparkassistent\nAbstands-/Kollisionswarner\nKomfort\nServolenkung\nZentralverriegelung\nElektrischer Fensterheber\nLederausstattung\nSitzheizung\nElektrische Aussenspiegel\nTempomat\nMultifunktionslenkrad\nKeyless Go Startfunktion\nElektrische Sitze\nInnenspiegel autom. abblendbar\nMittelarmlehne\nInnenraumfilter\nLenksaeule einstellbar\nSportsitze\nParkDistanceControl vorne und hinten\nElektrische Heckklappe\nKeyless Entry\nMemory Sitze\nAmbientebeleuchtung\nLordosenstütze\nLederlenkrad\nSitzheizung hinten\nGeschwindigkeitsbegrenzungsanlage\nKlimaautomatik-2-Zonen\nKlimaautomatik-3-Zonen\nFunkfernbedienung\nSicht\nLaserlicht\nadaptives Kurvenlicht\nBlendfreies Fernlicht\nLED-Tagfahrlicht\n360 Grad Kamera\nHEAD-UP-Display\nLED-Rueckleuchten\nScheinwerferregulierung\nColorverglasung\nAussenspiegel beheizbar\nPrivacyverglasung\nSicherheit\nABS\nAirbag\nBeifahrer-Airbag\nWegfahrsperre\nSeitenairbags\nAlarmanlage\nESP\nReifendruckkontrolle\nTraktionskontrolle\nKopfairbag\nKnieairbag\nKindersitzbefestigung\nNotrufsystem\nPannenkit\nEntertainment\nNavigationssystem\nSoundsystem\nRadio\nTelefonvorbereitung\nUSB-Anschluss\nMP3\nHarman-Kardon\nBluetooth\nFreisprecheinrichtung\nApple CarPlay\nAndroid Auto\nSprachsteuerung\nDAB\nWLAN\nTouchscreen\nInduktionsladen für Smartphones\nMusikstreaming\nUmwelt\nAbgasnorm Euro 6D\nGrüne Umweltplakette\nQualität\nScheckheftgepflegt\nNichtraucherfahrzeug\nSonstiges\nKatalysator\nMetallic\nSportausstattung\nAlufelgen\nDachreling\nStossfaenger in Wagenfarbe\nSportpaket\nSportfahrwerk\nElektrische Parkbremse\nFahrerprofilauswahl\nSommerreifen\nSpoiler\nScheibenwischer mit Regensensor\nHeckleuchten LED\nAmbiente-Beleuchtung\nLeuchtweitenregelung\nReifendruck-Kontrollsystem\nWärme-/Sonnenschutzverglasung kombiniert (hinten abgedunkelt)\nAlarmanlage\nPark-Distance-Control (PDC) vorn und hinten\nKlimaautomatik 3-Zonen mit autom. Umluft-Control\nSportdifferential\nDachreling Hochglanz Shadow-Line\nAktives M Differential\nEinstiegsleisten mit Einleger in Aluminium mit Schriftzug M3\nAdaptives Fahrwerk M-Technic\nHead-up-Display\nSonnenschutzverglasung (hinten abgedunkelt)\nGeschwindigkeits-Regelanlage\nAktiv mit Stop&Go-Funktion\nScheinwerfer Laserlicht\nKomfortzugang (Öffnungs- und Schließsystem)\nLM-Felgen\nControl-Display mit Farbmonitor (14\n9 Zoll)\nAnti-Blockier-System (ABS)\nSeitenairbag vorn\nStart-Stop-Knopf\nAußenspiegel elektr. verstell- und heizbar\nFensterheber elektrisch\nKopf-Airbag-System hinten\nKopf-Airbag-System vorn\nService-System: Intelligenter Notruf inkl. TeleServices\nReifenpannen-Anzeige\nDynamische Stabilitäts-Control (DSC) mit erweiterter Umfang\nFreisprecheinrichtung BMW Live Cockpit Professional\nMetallic-Lackierung\nRückfahrkamera (Top View)\nM Schalensitze Carbon\n12V-Steckdose\nAblage-Paket\nActive Guard (Bremsassistent)\naktiver Spurhalteassistent\nAmpel-Erkennung\nAntriebsart: xDrive (Allrad)\nAufmerksamkeits-Assistent\nAußenspiegel elektr. anklappbar\nAußenspiegel mit Abblendautomatik\nAußenspiegel rechts mit Bordsteinautomatik\nAusweich-Assistent\nAutomatik - mit Steptronic und Drivelogic (8-Stufen)\nBeifahrerairbag abschaltbar\nBMW Curved Display\nCompetition\nConnected Professional\nDAB-Tuner Driving Assistant\nDriving Assistant Professional\nDurchladeeinrichtung\nelektr. Sitze/Memory\nExterieur-Paket M Carbon\nFalschfahrwarnung\nFernlichtassistent\nFrontkollisionswarnung\nGepäckraum-Paket\nGeschwindigkeits-Begrenzeranlage (Speed Limit Device)\nGetränkehalter\nHeckaufprall-Vermeidung (Prävention Heckkollision)\nHeckklappenbetätigung automatisch\nInduktionsladeschale für Smartphone\nInnenspiegel mit Abblendautomatik\nInnovations-Paket\nInterieurleisten Carbon\nKennzeichenbeleuchtung LED\nKreuzungs-Assistent\nLeder-Lenkrad M-Technic\nLendenwirbelstützen elektr. verstellbar\nLenksäule elektr. verstellbar\nM Drive Professional (Fahrprofilauswahl)\nM Driver´s Package\nM Race Track Paket\nMotor 3\n0 Parkassistent-Paket Plus\nParkbremse elektrisch\nPersonalisierungssystem (Personal eSIM)\nPolster: Voll-Leder Merino\nQuerverkehrs-Assistent\nRückfahr-Assistent\nSchaltpunktanzeige\nService-System: ConnectedDrive Services\nService-System: Real Time Traffic Information (RTTI)\nSicherheitssystem Active Protection\nStzheizung vorn und hinten\nSound-System Harman-Kardon\nSpiegel-Paket\nSpurwechselassistent\nSpurwechsel-Warnsystem\n\nInt.KnNr: 115092\nÄnderungen, Zwischenverkauf und Irrtümer vorbehalten.\nquality by dotzilla",
  "dealerDetails": {
    "id": 478426,
    "name": "May & Olde GmbH",
    "sellerType": "Dealer",
    "phones": [
      "+49 (0)4121 7897065"
    ],
    "languages": [
      "Deutsch",
      "English"
    ],
    "country": "DE",
    "address": "Hamburger Str. 134, DE-25337 Elmshorn",
    "location": {
      "latitude": 53.7484797,
      "longitude": 9.687494
    },
    "activeSince": "2006-04-19T00:00:00.000Z",
    "homepageUrl": "https://home.mobile.de/home/redirect.html?customerId=478426",
    "iconUrl": "https://img.classistatic.de/api/v1/mo-prod/images/4e/4e8eb1eb-1cdd-42e6-bd7f-13c2a4abf40c?rule=mo-640.jpg",
    "reviewPageUrl": "https://www.mobile.de/bewertungen/AHMAYOLDE?lang=en",
    "score": {
      "total": 4.4,
      "responseTime": 4.6,
      "friendliness": 4.5,
      "advice": 4.2
    },
    "activeRatingCount": 10,
    "vehicleAsDescribedPercentage": 88,
    "recommendPercentage": 87,
    "soldVehicleCount": null,
    "reviews": []
  },
  "attributes": {
    "Vehicle condition": "Used vehicle",
    "Category": "Estate car, Demonstration Vehicle",
    "Model range": "G80",
    "Trim line": "m3 competition",
    "Vehicle Number": "115092",
    "Availability": "Now",
    "Origin": "German edition",
    "Mileage": "16,999 km",
    "Cubic Capacity": "2,993 ccm",
    "Power": "375 kW (510 hp)",
    "Drive type": "Internal combustion engine",
    "Fuel": "Petrol",
    "CO₂ class": "Based on CO₂ emissions (combined)",
    "Fuel consumption": [
      "10.4 l/100km (combined)",
      "15.5 l/100km (city)",
      "10.3 l/100km (suburban)",
      "9.0 l/100km (country road)",
      "9.8 l/100km (motorway)"
    ],
    "Energy costs for 15,000 km annual mileage": "€2,802/Year",
    "Fuel price": "€1.80/l (annual average 2024)",
    "Possible CO₂ costs over the next 10 years (15,000 km/year)": [
      "€4,477 (assuming an average CO₂ price of €127/t)",
      "€2,115 (assuming a low average CO₂ price of €60/t)",
      "€7,050 (assuming a high average CO₂ price of €200/t)"
    ],
    "Vehicle tax": "€480/Year",
    "Number of Seats": "5",
    "Door Count": "4/5",
    "Transmission": "Automatic",
    "Emission Class": "Euro6d",
    "Emissions Sticker": "4 (Green)",
    "First Registration": "10/2024",
    "Construction Year": "2024",
    "Number of Vehicle Owners": "1",
    "HU": "10/2027",
    "Climatisation": "Automatic climatisation, 3 zones",
    "Parking sensors": "360° camera, Self-steering systems, Front, Rear",
    "Airbags": "Front and Side and More Airbags",
    "Colour (Manufacturer)": "Brooklyn Grau metallic",
    "Colour": "Grey Metallic",
    "Interior Design": "Full leather, Black",
    "Cylinders": "6",
    "Energy consumption (comb.)": "10.4 l/100km",
    "CO₂ emissions (comb.)": "235 g/km"
  },
  "features": [
    "ABS",
    "Adaptive cornering lights",
    "Adaptive Cruise Control",
    "Alarm system",
    "Alloy wheels",
    "Ambient lighting",
    "Android Auto",
    "Apple CarPlay",
    "Arm rest",
    "Autom. dimming interior mirror",
    "Blind spot assist",
    "Bluetooth",
    "Central locking",
    "DAB radio",
    "Digital cockpit",
    "Distance warning system",
    "Dynamic chassis control",
    "Electric seat adjustment",
    "Electric side mirror",
    "Electric tailgate",
    "Electric windows",
    "Eletric seat adjustment with memory function",
    "Emergency brake assist",
    "Emergency call system",
    "Emergency tyre repair kit",
    "ESP",
    "Fatigue warning system",
    "Folding exterior mirrors",
    "Four-wheel drive",
    "Full Service History",
    "Glare-free high beam headlights",
    "Hands-free kit",
    "Head-up display",
    "Heated rear seats",
    "Heated seats",
    "High beam assist",
    "Hill-start assist",
    "Immobilizer",
    "Induction charging for smartphones",
    "Integrated music streaming",
    "Isofix",
    "Keyless central locking",
    "Lane change assist",
    "Laser headlights",
    "Leather steering wheel",
    "LED running lights",
    "Light sensor",
    "Lumbar support",
    "Multifunction steering wheel",
    "Navigation system",
    "Non-smoker vehicle",
    "On-board computer",
    "Paddle shifters",
    "Particulate filter",
    "Power Steering",
    "Rain sensor",
    "Rear traffic alert",
    "Roof rack",
    "Sound system",
    "Speed limit control system",
    "Sport seats",
    "Sports package",
    "Sports suspension",
    "Start-stop system",
    "Summer tyres",
    "Tinted windows",
    "Touchscreen",
    "Traction control",
    "Traffic sign recognition",
    "Tuner/radio",
    "Tyre pressure monitoring",
    "USB port",
    "Voice control",
    "WLAN / Wi-Fi hotspot"
  ]
},
{
  "title": "BMW M3 xDrive Competition Carbon MDrivers Faceli. 20",
  "previewImage": "https://img.classistatic.de/api/v1/mo-prod/images/b2/b2141b3b-7625-49e4-8ed9-cee178c3a03c?rule=mo-1600.jpg",
  "category": "EstateCar",
  "brand": "BMW",
  "model": "M3",
  "url": "https://suchen.mobile.de/fahrzeuge/details.html?id=434271545",
  "price.total.amount": 92650,
  "priceRating": {
    "rating": "Good price",
    "priceRanges": {
      "Very good price": {
        "start": 66201,
        "end": 86100
      },
      "Good price": {
        "start": 86101,
        "end": 92700
      },
      "Fair price": {
        "start": 92701,
        "end": 103100
      },
      "Increased price": {
        "start": 103101,
        "end": 110700
      },
      "High price": {
        "start": 110701,
        "end": 123000
      }
    }
  },
  "description": "Ausstattungslinien\nAblage-Paket\nTechnik\nAntriebsart: Allradantrieb\nLeuchtweitenregulierung\nOtto-Partikelfilter (OPF)\nKomfort\nLenkrad beheizbar\nLenksäule (Lenkrad) mechan. verstellbar\nLicht- und Regensensor\nMultifunktion für Lenkrad\nRückfahrkamera\nScheibenwischer mit Regensensor\nSitze vorn elektr. verstellbar (mit memory)\nSitzheizung vorn\nExterieur\nKarosserie 5-türig\nLM-Felgen\nMetallic-Lackierung\nReifendruck-Kontrollsystem\nInterieur\nAmbiente-Beleuchtung\nFensterheber elektrisch vorn + hinten\nSicherheit\nAirbag Beifahrerseite abschaltbar\nAirbag Fahrer-/Beifahrerseite\nAnti-Blockier-System (ABS)\nDynamische Stabilitäts-Control (DSC)\nKnieairbag Fahrerseite\nKopf-Airbag-System hinten\nKopf-Airbag-System vorn\nSeitenairbag vorn\nSpiegel-Paket\nWarndreieck\nWeiteres\nAdaptives Fahrwerk M-Technic\nAktive Sitzbelüftung vorn\nAktives M Differential\nAlarmanlage\nAnhänger-Stabilisierungs-Programm (ASL)\nAntriebsart: xDrive (Allrad)\nASD Sportdifferential\nAugmented Reality für Navigation\nAusstattungs-Paket: Connected Professional\nAutomatische Stabilitäts-Control (ASC)\nAußenausstattung: Shadow-Line Hochglanz\nAußenausstattung: Shadow-Line Hochglanz (erweiterter Umfang)\nAußenspiegel elektr. anklappbar\nAußenspiegel mit Abblendautomatik, links\nAußenspiegel mit Bordsteinautomatik, rechts\nBedienelemente galvanisiert\nBlinkleuchte in Außenspiegel integriert\nBMW Curved Display\nBMW Digital Key\nBMW Live Cockpit Professional\nBremsanlage: Compound - M Bremssystem (Bremssättel Rot)\nCompetition\nControl-Display mit Farbmonitor (14,9 Zoll)\nDachhimmel Anthrazit (BMW Individual)\nDachreling Hochglanz Shadow-Line\nDach schwarz lackiert\nDiebstahlsicherung für Räder (Felgenschlösser)\nDurchladeeinrichtung (Mittelarmlehne hinten)\nDynamic Traction Control (DTC)\nDynamische Stabilitäts-Control (DSC) mit erweiterter Umfang\nEinstiegsleisten mit Einleger in Aluminium mit Schriftzug M3\nErste Hilfe-Kasten / Verbandkasten\nFahrassistenz-System: Active Guard (Bremsassistent)\nFahrassistenz-System: aktiver Spurhalteassistent\nFahrassistenz-System: Ampel-Erkennung\nFahrassistenz-System: Ausweich-Assistent\nFahrassistenz-System: Driving Assistant Professional\nFahrassistenz-System: Einparkhilfe Seite\nFahrassistenz-System: Falschfahrwarnung\nFahrassistenz-System: Fernlichtassistent\nFahrassistenz-System: Frontkollisionswarnung\nFahrassistenz-System: Heckaufprall-Vermeidung (Prävention Heckkollision)\nFahrassistenz-System: Kreuzungs-Assistent\nFahrassistenz-System: Park-Assistent\nFahrassistenz-System: Querverkehrs-Assistent\nFahrassistenz-System: Rückfahr-Assistent\nFahrassistenz-System: Rückfahrhilfe Notbremsfunktion (Active PDC)\nFahrassistenz-System: Spurwechsel-Warnsystem\nFahrassistenz-System: Spurwechselassistent (Side Assist)\nFreisprecheinrichtung Bluetooth mit USB-/Audio-Schnittstelle\nGepäckraum-Abtrennung (Netz)\nGeschwindigkeits-Begrenzeranlage (Speed Limit Device)\nGeschwindigkeits-Regelanlage, aktiv mit Stop&Go-Funktion\nGeschwindigkeits-Regelanlage mit Bremsfunktion\nGetriebe Automatik - mit Steptronic und Drivelogic (8-Stufen)\nGetränkehalter\nHead-up-Display Full Color\nHeckklappenbetätigung automatisch\nHeckleuchten LED\nInduktionsladeschale für Smartphone (Wireless Charging)\nInnenausstattung: Interieurleisten Alu Rhombicle mit Akzentleiste\nInnenspiegel mit Abblendautomatik\nInterieurleisten Carbon\nIsofix-Aufnahmen für Kindersitz\nKlimaautomatik 3-Zonen mit autom. Umluft-Control\nKomfortzugang (Öffnungs- und Schließsystem)\nKopfstützen hinten klappbar\nLED-Kennzeichenbeleuchtung\nLendenwirbelstütze Sitz vorn links und rechts, elektr. verstellbar\nLenkrad (Sport/Leder M-Technic) mit Multifunktion\nLichtassistent (Follow me home)\nLM-Felgen vorn/hinten: 9,5x19 / 10,5x20 (Doppelspeichen 826 M, Bicolor, Schwarz)\nM Drive (Fahrprofilauswahl)\nM Drive Professional (Fahrprofilauswahl)\nM Driver´s Package\nMotor 3,0 Ltr. - 390 kW 24V\nMotor 3,0 Ltr. - 390 kW 24V TwinPower Turbo (S58)\nParkassistent-Paket Plus\nPersonalisierungssystem (BMW ID)\nPersonalisierungssystem (Personal eSIM)\nRadioempfang digital (DAB+)\nReifen-Reparaturset (Mobility-Pack)\nReifenpannen-Anzeige\nRückfahrkamera (Top View)\nSchadstoffarm nach Abgasnorm Euro 6e\nScheinwerfer BMW Individual Shadow-Line\nScheinwerfer LED\nService-System: Remote 3D View\n\nSonstiges:\n\nKeine Haftung für Druck & Schreibfehler\nIrrtum und Zwischenverkauf vorbehalten\nLeasing und Finanzierung möglich\nGebrauchtwageninzahlungnahme möglich\nWir bitten um telefonische Terminvereinbarung\n.",
  "dealerDetails": {
    "id": 484684,
    "name": "Autohaus Beineke GmbH & Co. KG",
    "sellerType": "Dealer",
    "phones": [
      "+49 (0)5531 998462883"
    ],
    "languages": [
      "Deutsch",
      "English"
    ],
    "country": "DE",
    "address": "Stahler Ufer 5-6, DE-37603 Holzminden",
    "location": {
      "latitude": 51.8293837,
      "longitude": 9.438452999999999
    },
    "activeSince": "2007-09-17T00:00:00.000Z",
    "homepageUrl": "https://home.mobile.de/home/redirect.html?customerId=484684",
    "iconUrl": null,
    "reviewPageUrl": "https://www.mobile.de/bewertungen/BEINEKE?lang=en",
    "score": {
      "total": 4.9,
      "responseTime": 4.9,
      "friendliness": 5,
      "advice": 4.9
    },
    "activeRatingCount": 9,
    "vehicleAsDescribedPercentage": 100,
    "recommendPercentage": 100,
    "soldVehicleCount": null,
    "reviews": []
  },
  "attributes": {
    "Vehicle condition": "Used vehicle, Accident-free",
    "Category": "Estate car",
    "Vehicle Number": "55247",
    "Origin": "German edition",
    "Mileage": "14,103 km",
    "Cubic Capacity": "2,993 ccm",
    "Power": "390 kW (530 hp)",
    "Drive type": "Internal combustion engine",
    "Fuel": "Petrol",
    "CO₂ class": "Based on CO₂ emissions (combined)",
    "Fuel consumption": [
      "10.4 l/100km (combined)",
      "15.7 l/100km (city)",
      "10.3 l/100km (suburban)",
      "8.8 l/100km (country road)",
      "9.8 l/100km (motorway)"
    ],
    "Energy costs for 15,000 km annual mileage": "€2,802/Year",
    "Fuel price": "€1.80/l (annual average 2024)",
    "Possible CO₂ costs over the next 10 years (15,000 km/year)": [
      "€4,458 (assuming an average CO₂ price of €127/t)",
      "€2,106 (assuming a low average CO₂ price of €60/t)",
      "€7,020 (assuming a high average CO₂ price of €200/t)"
    ],
    "Vehicle tax": "€476/Year",
    "Number of Seats": "5",
    "Door Count": "4/5",
    "Transmission": "Automatic",
    "Emission Class": "Euro 6e",
    "Emissions Sticker": "4 (Green)",
    "First Registration": "09/2024",
    "Construction Year": "2024",
    "Number of Vehicle Owners": "1",
    "HU": "New",
    "Climatisation": "Automatic climatisation, 3 zones",
    "Parking sensors": "Rear, Front, Self-steering systems, 360° camera",
    "Airbags": "Front and Side and More Airbags",
    "Colour (Manufacturer)": "BLACK SAPPHIRE ",
    "Colour": "Black Metallic",
    "Interior Design": "Full leather, Black",
    "Cylinders": "6",
    "Energy consumption (comb.)": "10.4 l/100km",
    "CO₂ emissions (comb.)": "234 g/km"
  },
  "features": [
    "ABS",
    "Adaptive cornering lights",
    "Adaptive Cruise Control",
    "Alarm system",
    "Alloy wheels",
    "Ambient lighting",
    "Android Auto",
    "Apple CarPlay",
    "Arm rest",
    "Autom. dimming interior mirror",
    "Blind spot assist",
    "Bluetooth",
    "Cargo barrier",
    "Central locking",
    "DAB radio",
    "Digital cockpit",
    "Distance warning system",
    "Dynamic chassis control",
    "Electric seat adjustment",
    "Electric side mirror",
    "Electric tailgate",
    "Electric windows",
    "Eletric seat adjustment with memory function",
    "Emergency brake assist",
    "Emergency call system",
    "Emergency tyre repair kit",
    "ESP",
    "Fatigue warning system",
    "Folding exterior mirrors",
    "Four-wheel drive",
    "Full Service History",
    "Glare-free high beam headlights",
    "Hands-free kit",
    "Head-up display",
    "Heated seats",
    "Heated steering wheel",
    "High beam assist",
    "Hill-start assist",
    "Immobilizer",
    "Induction charging for smartphones",
    "Integrated music streaming",
    "Isofix",
    "Keyless central locking",
    "Lane change assist",
    "Leather steering wheel",
    "LED headlights",
    "LED running lights",
    "Light sensor",
    "Lumbar support",
    "Multifunction steering wheel",
    "Navigation preparation",
    "Navigation system",
    "Non-smoker vehicle",
    "On-board computer",
    "Paddle shifters",
    "Particulate filter",
    "Power Steering",
    "Rain sensor",
    "Roof rack",
    "Seat ventilation",
    "Sound system",
    "Speed limit control system",
    "Sport seats",
    "Sports package",
    "Sports suspension",
    "Start-stop system",
    "Tinted windows",
    "Touchscreen",
    "Traction control",
    "Traffic sign recognition",
    "Tuner/radio",
    "Tyre pressure monitoring",
    "USB port",
    "Voice control",
    "Warranty",
    "WLAN / Wi-Fi hotspot"
  ]
},
{
  "title": "BMW M3 Touring xDrive Competition NAVI HUD LED 360°",
  "previewImage": "https://img.classistatic.de/api/v1/mo-prod/images/7b/7b29a096-bff0-4111-95f5-8e0b8f190f59?rule=mo-1600.jpg",
  "category": "EstateCar",
  "brand": "BMW",
  "model": "M3",
  "url": "https://suchen.mobile.de/fahrzeuge/details.html?id=415211444",
  "price.total.amount": 92990,
  "priceRating": {
    "rating": "Very good price",
    "priceRanges": {
      "Very good price": {
        "start": 73401,
        "end": 95500
      },
      "Good price": {
        "start": 95501,
        "end": 102800
      },
      "Fair price": {
        "start": 102801,
        "end": 114300
      },
      "Increased price": {
        "start": 114301,
        "end": 122700
      },
      "High price": {
        "start": 122701,
        "end": 136400
      }
    }
  },
  "description": "Fahrzeug-Nr.: 178516.\nGarantie & Qualitätssiegel:\nWerksgarantie.\nAssistenzsysteme:\nPDC (Einparkhilfe), Speed Limit Info, Spurassistent, Surround View, Tempomat, Parkassistent, 360-Grad-Kamera, Überholverbotsanzeige, Frontkamera, Parking Assistant, Rückfahrkamera, City-/Notbremsassistent / Funktion, Müdigkeitserkennung / Aufmerksamkeitsassistent, Rückfahrassistent, AutoHold Funktion/Halteassistent, Berganfahrassistent, Lichtsensor, Regensensor, 3D View / Vorbereitung, Fußgängererkennung, Umgebungskamera, Active Guard, BMW Drive Recorder, Einparkhilfe Seite, Einparkhilfe vorne, intelligenter Notruf, Multifunktionskamera, Parking Assistant Plus, Speed Limit Device, TeleServices.\nLicht:\nLED Scheinwerfer, LED (Teil)-Rückleuchten, LED Tagfahrlicht, Heimleuchtautomatik, Blinkleuchten seitlich in die Außenspiegel integriert, LED Kennzeichenleuchte.\nMedia & Infotainment:\nNavigation / Online Navigation, Harman Kardon Surround Sound System, Bluetooth Schnittstelle, DAB Tuner, Freisprecheinrichtung, USB-Schnittstelle/Anschluss, 3D-Kartendarstellung, BMW Live Cockpit Professional, Splitscreen-Funktion, APPS, Touchscreen-Display, Connected Package Professional, Radio, Audiosystem MP3-fähig, iPod®/iPhone®/Android Schnittstelle, Controller auf Mittelkonsole, Sprachsteuerung-/Bedienung, Telefonvorbereitung mit Bluetooth, Telefonie mit Wireless Charging, BMW Connected, BMW Online / Vorbereitung, ConnectedDrive Services.\nSicherheit & Technik:\nM Drive, adaptives M-Fahrwerk, Dynamic Stability Control (DSC), Dynamische Traktions Control (DTC), Sportdifferenzial, Cornering Brake Control, Beifahrerairbag, Beifahrerairbag-Deaktivierung, Fahrerairbag, Knieairbag, Kopfairbags hinten, Kopfairbagsystem, Seitenairbags vorn, Alarmanlage, Antiblockiersystem (ABS), Bremsassistent (BAS), Fahrzeugfront mit Fußgängerschutz, Gespannstabilisierung, Gurtanlegekontrolle, Gurtkraftbegrenzer, M Drive Professional, M Traction Control, Seitenaufprallschutz, Sicherheitsgurte mit Gurtstraffern, Wegfahrsperre.\nKomfort & Klima:\nHead-Up Display, Sitzheizung, Klimaautomatik, Innen-/Aussenspiegel automatisch abblendend, elektrische Sitzverstellung Fahrer/Beifahrer mit Fahrermemory, Top View, Spiegel elektrisch klappbar, Telematik/Notrufsystem (Vorbereitung), Außenspiegel mit Beifahrerspiegelabsenkung, Bordcomputer, elektrische Parkbremse, Komfortblinker (1xAntippen = 3xBlinken), Lordose / Lendenwirbelstütze, elektr. Spiegel beheizt, elektrische Fensterheber, ISOFIX Kindersitzbefestigung, Zentralverriegelung mit Fernbedienung, (3-Zonen Klimaautomatik), 12V Steckdose, abgedunkelte Scheibe(n), Akustikverglasung, ATA / Aussentemperaturanzeige, Begrüßungslicht über Funkfernbedienung, Center Lock Schalter, Colorglas, Heckfenster separat zu öffnen, Heckscheibenwischer, Komfortschliessung / -öffnung der Fenster, Luftgütesensor, Mittelarmlehne, Servolenkung, Sportsitz(e), teilbare Rücksitzbank/-Lehne, Top Tether, verstellbare Oberschenkelauflage.\nReifen & Felgen:\n19/20 Zoll Alufelgen, Pannenset, Reifendruck-Kontrolle.\nExterieur & Design:\nDachreling, Außenspiegelpaket, Carbon Heckdiffusor, Shadow Line, Bremssättel schwarz glänzend, Compoundbremsscheiben innenbelüftet, Carbon Exterieurpaket, Carbon Spiegelkappen, Dachspoiler, Laptimer, M Drift Analyser.\nInterieur & Design:\nLenkradheizung, Multifunktionslenkrad, Dachhimmel anthrazit, virtuelle Instrumente, M Fahrerfußstütze, Schaltwippen am Lenkrad, Sportlederlenkrad, Widescreen Display, Ambientebeleuchtung, Applikationen Innenraum in Carbon, Bedienelemente am Lenkrad, Einstiegsleisten mit M-Schriftzug, Getränkehalter, Lenkradverstellung, M Sicherheitsgurte.\nGepäck- / Ladehilfen:\nautomatische Heckklappe-/Deckel, Fernentriegelung für Gepäckraumklappe, Ablagenpaket, Durchladesystem/-funktion, Gepäcknetz(e), Ladekantenschutz, Laderaumabdeckung.\nUmwelt & Laden:\nBremsenergie-Rückgewinnung, E10 geeignet, EURO 6e, Katalysator, Ottopartikelfilter, Start/Stopp Automatic, Umweltplakette 4.\nGetriebe:\nDKG Drivelogic.\nWeitere Informationen:\nFacelift, Erstbesitz, M xDrive, Scheckheft.\nRadschraubensicherung, Dach und Spiegelkappen schwarz, Blow by-Heizer, Galvanikapplikation fuer bedien eleme, Personal eSIM, COC Zusatzumfaenge, Steuerung F AS 18, Steuerung D\nWir nehmen Ihr Fahrzeug in Zahlung. Jedes Modell, jedes Alter.\n\nDie genauen Verbrauchswerte erfragen Sie bitte bei unserem Verkaufspersonal\nIhren Ansprechpartner für dieses Fahrzeug erreichen Sie unter Tel.: 030-7900950\nZwischenverkauf und Irrtümer vorbehalten. Die Fahrzeugbeschreibung dient ausschließlich der allgemeinen Identifikation des Fahrzeugs und stellt keine rechtsverbindliche Gewährleistung dar. Verbindlich sind nur die Vereinbarungen im Kaufvertrag und der Auftragsbestätigung. Bitte beachten Sie, dass bestimmte Sonderausstattungen zusätzliche Kosten verursachen können. Detaillierte Informationen zum Ausstattungsumfang erhalten Sie von unserem Verkaufspersonal.",
  "dealerDetails": {
    "id": 453658,
    "name": "Riller & Schnauck GmbH, BMW und MINI Vertragshändler",
    "sellerType": "Dealer",
    "phones": [
      "+49 (0)30 9210858930"
    ],
    "languages": [
      "Deutsch",
      "English",
      "Français",
      "Polski",
      "Türkçe"
    ],
    "country": "DE",
    "address": "Hindenburgdamm 68, DE-12203 Berlin",
    "location": {
      "latitude": 52.45081,
      "longitude": 13.3128977
    },
    "activeSince": "2004-09-15T00:00:00.000Z",
    "homepageUrl": "https://home.mobile.de/home/redirect.html?customerId=453658",
    "iconUrl": null,
    "reviewPageUrl": "https://www.mobile.de/bewertungen/RILLER-SCHNAUCK-GROUP?lang=en",
    "score": {
      "total": 4.5,
      "responseTime": 4.6,
      "friendliness": 4.7,
      "advice": 4.3
    },
    "activeRatingCount": 21,
    "vehicleAsDescribedPercentage": 88,
    "recommendPercentage": 93,
    "soldVehicleCount": null,
    "reviews": []
  },
  "attributes": {
    "Vehicle condition": "Used vehicle",
    "Category": "Estate car, Demonstration Vehicle",
    "Trim line": "M3 Touring xDrive Competition",
    "Vehicle Number": "2367751",
    "Availability": "Now",
    "Mileage": "3,999 km",
    "Cubic Capacity": "2,993 ccm",
    "Power": "390 kW (530 hp)",
    "Drive type": "Internal combustion engine",
    "Fuel": "Petrol, E10-enabled",
    "CO₂ class": "Based on CO₂ emissions (combined)",
    "Fuel consumption": [
      "10.4 l/100km (combined)",
      "15.8 l/100km (city)",
      "10.3 l/100km (suburban)",
      "8.8 l/100km (country road)",
      "9.8 l/100km (motorway)"
    ],
    "Energy costs for 15,000 km annual mileage": "€2,886/Year",
    "Fuel price": "€1.85/l (annual average 2023)",
    "Possible CO₂ costs over the next 10 years (15,000 km/year)": [
      "€4,054 (assuming an average CO₂ price of €115/t)",
      "€1,763 (assuming a low average CO₂ price of €50/t)",
      "€6,698 (assuming a high average CO₂ price of €190/t)"
    ],
    "Vehicle tax": "€480/Year",
    "Number of Seats": "5",
    "Door Count": "4/5",
    "Transmission": "Automatic",
    "Emission Class": "Euro 6e",
    "Emissions Sticker": "4 (Green)",
    "First Registration": "04/2025",
    "Number of Vehicle Owners": "1",
    "Climatisation": "Automatic climatisation, 3 zones",
    "Parking sensors": "Self-steering systems, Front, 360° camera, Rear",
    "Airbags": "Front and Side and More Airbags",
    "Colour (Manufacturer)": "saphirschwarz",
    "Colour": "Black Metallic",
    "Interior Design": "Full leather, Black",
    "Weight": "1,940 kg",
    "Cylinders": "6",
    "Tank capacity": "59 l",
    "Energy consumption (comb.)": "10.4 l/100km",
    "CO₂ emissions (comb.)": "235 g/km"
  },
  "features": [
    "ABS",
    "Alarm system",
    "Alloy wheels",
    "Ambient lighting",
    "Arm rest",
    "Autom. dimming interior mirror",
    "Bluetooth",
    "Central locking",
    "Cruise control",
    "DAB radio",
    "Digital cockpit",
    "Distance warning system",
    "Dynamic chassis control",
    "Electric seat adjustment",
    "Electric side mirror",
    "Electric tailgate",
    "Electric windows",
    "Eletric seat adjustment with memory function",
    "Emergency brake assist",
    "Emergency call system",
    "Emergency tyre repair kit",
    "ESP",
    "Fatigue warning system",
    "Folding exterior mirrors",
    "Four-wheel drive",
    "Full Service History",
    "Hands-free kit",
    "Head-up display",
    "Heated seats",
    "Heated steering wheel",
    "Hill-start assist",
    "Immobilizer",
    "Induction charging for smartphones",
    "Integrated music streaming",
    "Isofix",
    "Lane change assist",
    "Leather steering wheel",
    "LED headlights",
    "LED running lights",
    "Light sensor",
    "Lumbar support",
    "Multifunction steering wheel",
    "Navigation system",
    "On-board computer",
    "Paddle shifters",
    "Particulate filter",
    "Power Steering",
    "Rain sensor",
    "Roof rack",
    "Sound system",
    "Speed limit control system",
    "Sport seats",
    "Sports suspension",
    "Start-stop system",
    "Tinted windows",
    "Touchscreen",
    "Traction control",
    "Traffic sign recognition",
    "Tuner/radio",
    "Tyre pressure monitoring",
    "USB port",
    "Voice control",
    "Warranty"
  ]
},
{
  "title": "BMW M3 Competition xDrive | Schalensitze | Carbon Ex",
  "previewImage": "https://img.classistatic.de/api/v1/mo-prod/images/56/56440848-4027-4192-b933-9ce438093be6?rule=mo-1600.jpg",
  "category": "Limousine",
  "brand": "BMW",
  "model": "M3",
  "url": "https://suchen.mobile.de/fahrzeuge/details.html?id=430776432",
  "price.total.amount": 93999,
  "priceRating": {
    "rating": "Fair price",
    "priceRanges": {
      "Very good price": {
        "start": 62101,
        "end": 80700
      },
      "Good price": {
        "start": 80701,
        "end": 86900
      },
      "Fair price": {
        "start": 86901,
        "end": 96700
      },
      "Increased price": {
        "start": 96701,
        "end": 103800
      },
      "High price": {
        "start": 103801,
        "end": 115300
      }
    }
  },
  "description": "Biete hier meinen M3 an, es ist kein Notverkauf, Grund Neuanschaffung.\nHabe das Auto immer gepflegt, wurde nur per Hand gewaschen, hat keinen Winter gesehen(war abgemeldet und stand abgedeckt mit einem Batterieerhaltungsgerät in der Garage), Garagenfahrzeug, hat nur Super Plus gesehen (Tankbelege vorhanden) und wurde immer warm und kalt gefahren. \nNichtraucherfahrzeug und Tierfrei.\nKeine Rennstrecke, keine Drifts, keine Burnouts.\nUnfallfrei und Nachlackierungsfrei.\n\nFahrzeug bis auf eine Carbon Niere von Carbonheld (NP: 1200€) komplett Serie, originale Niere natürlich vorhanden.\n\n01CB CO2 Umfang\n01DF Abgasnorm EU6 rde\n01MB M DRIVE PROFESSIONAL\n01UO BMW LM Rad 826M JB\n0230 EU-spezifische Zusatzumfange\n02PA Radschraubensicherung\n02T4 M Sportdifferenzial\n02VB Reifendruckanzeige\n02VC Reifenreparatur-Set\nO2VF Adaptives M Fahrwerk\n0302 Alarmanlage\n0316 Automatische Heckklappenbetätigung\n0322 Komfortzugang\n03MP M Leuchten Shadow Line\n0420 Abgedunkelte Verglasung\n0428 Warndreieck und Verbandstasche\n0430 Innen-/Aussensp. mit Abblendautomatik\n0431 Innenspiegel automatisch abblendend\n0459 Sitzverstellung elektrisch mit Memory\n048C M Carbon Schalensitze\n0493 Ablagenpaket\n0494 Sitzheizung Fahrer/Beifahrer\n04GQ M Sicherheitsgurte\n04MC Interieurleisten Carbon Fibre\n04NE Blow-by-Heizer\nO4UO Galvanikapplikation Bedienelemente\n0534 Klimaautomatik\n0544 Geschwindigkeitsregelung mit Bremsfunktion\n0548 Kilometertacho\n0552 Adaptiver LED-Scheinwerfer\n05AC Fernlichtassistent\nO5AS Driving Assistant\n05AV Active Guard\nO5DA Deaktivierung Airbag Beifahrer\nO5DC Kopfstützen im Fond klappbar\nO5DM Parkassistenzsystem\n0654 DAB-Tuner\n0688 Harman/Kardon Surround Sound System\nOGAE Teleservices\nO6AF Gesetzlicher Notruf\nO6AK Connected Drive Services\n06C4 Connected Package Professional\n06NX Storage tray wireless charging\n06PA Personal eSIM\n06U3 BMW Live Cockpit Professional\n06VB Steuerung Infotainment\n071C M Exterieurpaket Carbon\n0760 Hochglanz Shadow-Line\n0775 Dachhimmel anthrazit\n07A2 Innovationspaket Il\n07M9 M Shadow Line mit erweitertem Umfang\n07ME M Driver's Package\n0801 Deutschland-Ausführung\n0851 Sprachversion deutsch\n0879 Bordliteratur deutsch\n08TF Aktiver Fussgängerschutz\n08WD Steuerung Fahrerassistenzsysteme\n\n\n\nKeine Probefahrttouristen und letze Preis anfragen werden ignoriert.\nDas Fahrzeug wird derzeit noch bewegt, die Kilometer können noch leicht variieren.",
  "dealerDetails": {
    "id": 32181629,
    "sellerType": "Private Seller",
    "country": "DE",
    "address": "DE-94437 Mamming",
    "location": {
      "latitude": 48.649696056088366,
      "longitude": 12.584152221679688
    },
    "iconUrl": null,
    "reviewPageUrl": null,
    "score": null,
    "activeRatingCount": null,
    "vehicleAsDescribedPercentage": null,
    "recommendPercentage": null,
    "soldVehicleCount": null,
    "reviews": []
  },
  "attributes": {
    "Vehicle condition": "Used vehicle, Accident-free",
    "Category": "Saloon",
    "Mileage": "12,800 km",
    "Cubic Capacity": "2,993 ccm",
    "Power": "390 kW (530 hp)",
    "Drive type": "Internal combustion engine",
    "Fuel": "Petrol",
    "Number of Seats": "5",
    "Door Count": "4/5",
    "Transmission": "Automatic",
    "Emission Class": "Euro 6e",
    "Emissions Sticker": "4 (Green)",
    "First Registration": "08/2024",
    "Number of Vehicle Owners": "1",
    "HU": "08/2027",
    "Climatisation": "Automatic air conditioning",
    "Parking sensors": "Camera, Front, Rear",
    "Colour": "Black Metallic",
    "Interior Design": "Full leather, Black"
  },
  "features": [
    "ABS",
    "Adaptive cornering lights",
    "Alarm system",
    "Alloy wheels",
    "Ambient lighting",
    "Android Auto",
    "Apple CarPlay",
    "Arm rest",
    "Autom. dimming interior mirror",
    "Bluetooth",
    "Central locking",
    "Cruise control",
    "DAB radio",
    "Digital cockpit",
    "Distance warning system",
    "Electric seat adjustment",
    "Electric side mirror",
    "Electric tailgate",
    "Electric windows",
    "Emergency brake assist",
    "Emergency call system",
    "ESP",
    "Fatigue warning system",
    "Four-wheel drive",
    "Full Service History",
    "Hands-free kit",
    "Head-up display",
    "Heated seats",
    "Heated windshield",
    "High beam assist",
    "Hill-start assist",
    "Immobilizer",
    "Induction charging for smartphones",
    "Integrated music streaming",
    "Isofix",
    "Lane change assist",
    "Leather steering wheel",
    "LED headlights",
    "LED running lights",
    "Light sensor",
    "Lumbar support",
    "Multifunction steering wheel",
    "Navigation system",
    "Non-smoker vehicle",
    "On-board computer",
    "Paddle shifters",
    "Particulate filter",
    "Power Steering",
    "Rain sensor",
    "Sound system",
    "Speed limit control system",
    "Sport seats",
    "Sports package",
    "Sports suspension",
    "Start-stop system",
    "Summer tyres",
    "Touchscreen",
    "Traction control",
    "Traffic sign recognition",
    "Tuner/radio",
    "Tyre pressure monitoring",
    "USB port",
    "Voice control",
    "Warranty"
  ]
},
{
  "title": "BMW M3 Competion M xDrive Touring M3 Competion",
  "previewImage": "https://img.classistatic.de/api/v1/mo-prod/images/42/424c8d52-5865-484c-aa05-47a0fe1ce607?rule=mo-1600.jpg",
  "category": "EstateCar",
  "brand": "BMW",
  "model": "M3",
  "url": "https://suchen.mobile.de/fahrzeuge/details.html?id=433616918",
  "price.total.amount": 93590,
  "priceRating": {
    "rating": "Fair price",
    "priceRanges": {
      "Very good price": {
        "start": 60101,
        "end": 78200
      },
      "Good price": {
        "start": 78201,
        "end": 84200
      },
      "Fair price": {
        "start": 84201,
        "end": 93600
      },
      "Increased price": {
        "start": 93601,
        "end": 100500
      },
      "High price": {
        "start": 100501,
        "end": 111700
      }
    }
  },
  "description": "Verkaufe hier schweren Herzens meinen BMW M3 Touring Competition mit 510PS !!! Die Farbe ist kein normales Rot, es ist eine Individuallackierung „Rosso Corsa“ Ferrari Rot! Dazu verfügt das Fahrzeug über ein H&R Gewindefedersatz, ( VA 20-35mm / HA 0-15mm), 2 HJS Downpipes und gelbe LED Tagfahrlichter. \nIm Frontbereich wurde der CS Kühlergrill verbaut und ein Rieger Spoilerpaket verbaut sowie Spurverbreiterungen 8-10mm.\nFür den Winter ist der M3 mit einem AC Schnitzer Radsatz in 20“ sehr gut gerüstet!\nAlles mit TÜV Eintragung und den Original Rechnungen der Werkstatt!\nAuf Wunsch kann ein YouTube Link versendet werden mit einem Short vom Auto.",
  "dealerDetails": {
    "id": 15357690,
    "sellerType": "Private Seller",
    "phones": [
      "+49 (0)2274 903954508"
    ],
    "country": "DE",
    "address": "DE-50189 Elsdorf",
    "location": {
      "latitude": 50.9222572,
      "longitude": 6.5595738
    },
    "iconUrl": null,
    "reviewPageUrl": null,
    "score": null,
    "activeRatingCount": null,
    "vehicleAsDescribedPercentage": null,
    "recommendPercentage": null,
    "soldVehicleCount": null,
    "reviews": []
  },
  "attributes": {
    "Vehicle condition": "Used vehicle, Accident-free",
    "Category": "Estate car",
    "Mileage": "24,860 km",
    "Cubic Capacity": "2,993 ccm",
    "Power": "390 kW (530 hp)",
    "Drive type": "Internal combustion engine",
    "Fuel": "Petrol",
    "Number of Seats": "5",
    "Door Count": "4/5",
    "Transmission": "Automatic",
    "Emission Class": "Euro 6e",
    "Emissions Sticker": "4 (Green)",
    "First Registration": "01/2024",
    "Number of Vehicle Owners": "1",
    "HU": "01/2027",
    "Climatisation": "Automatic climatisation, 3 zones",
    "Parking sensors": "Rear, Camera, Front",
    "Airbags": "Front and Side and More Airbags",
    "Colour": "Red Metallic",
    "Interior Design": "Full leather, Black"
  },
  "features": [
    "ABS",
    "Adaptive cornering lights",
    "Alarm system",
    "Alloy wheels",
    "Ambient lighting",
    "Android Auto",
    "Apple CarPlay",
    "Arm rest",
    "Autom. dimming interior mirror",
    "Bluetooth",
    "Cargo barrier",
    "Central locking",
    "DAB radio",
    "Digital cockpit",
    "Distance warning system",
    "Electric seat adjustment",
    "Electric side mirror",
    "Electric tailgate",
    "Electric windows",
    "Emergency brake assist",
    "Emergency call system",
    "ESP",
    "Fog lamp",
    "Four-wheel drive",
    "Full Service History",
    "Hands-free kit",
    "Head-up display",
    "Heated seats",
    "Heated steering wheel",
    "High beam assist",
    "Hill-start assist",
    "Immobilizer",
    "Induction charging for smartphones",
    "Isofix",
    "Keyless central locking",
    "Lane change assist",
    "Laser headlights",
    "Leather steering wheel",
    "LED running lights",
    "Light sensor",
    "Lumbar support",
    "Multifunction steering wheel",
    "Navigation system",
    "Non-smoker vehicle",
    "On-board computer",
    "Paddle shifters",
    "Particulate filter",
    "Power Steering",
    "Rain sensor",
    "Sound system",
    "Speed limit control system",
    "Sport seats",
    "Sports package",
    "Sports suspension",
    "Start-stop system",
    "Summer tyres",
    "Touchscreen",
    "Traction control",
    "Traffic sign recognition",
    "Tyre pressure monitoring",
    "USB port",
    "Voice control",
    "Winter tyres",
    "WLAN / Wi-Fi hotspot"
  ]
},
{
  "title": "BMW M3 Competition HK HiFi DAB RFK Komfortzg. Shz",
  "previewImage": "https://img.classistatic.de/api/v1/mo-prod/images/95/955b0997-b00e-468a-a2b0-24c350e31b02?rule=mo-1600.jpg",
  "category": "EstateCar",
  "brand": "BMW",
  "model": "M3",
  "url": "https://suchen.mobile.de/fahrzeuge/details.html?id=433069122",
  "price.total.amount": 94895,
  "priceRating": {
    "rating": "Fair price",
    "priceRanges": {
      "Very good price": {
        "start": 65901,
        "end": 85700
      },
      "Good price": {
        "start": 85701,
        "end": 92300
      },
      "Fair price": {
        "start": 92301,
        "end": 102700
      },
      "Increased price": {
        "start": 102701,
        "end": 110200
      },
      "High price": {
        "start": 110201,
        "end": 122500
      }
    }
  },
  "description": "Antrieb, Fahrwerk\nAdaptives M Fahrwerk\nAllrad\nBremsanlage: Compound - M Bremssystem (Bremssättel Rot)\nM Drive Professional\nM Sportdifferential\nSportfahrwerk\n\nAußenausstattung\nDachreling Hochglanz Shadow-Line\nHeckklappenbetätigung automatisch\nWärme-/Sonnenschutzverglasung\n\nEditionen und Pakete\nAblagenpaket\nConnectedDrive Services (laufzeitgebundener Dienst)\nConnectedPackage Professional (laufzeitgebundener Dienst)\nExterieur-Paket M Carbon\nInnovations-Paket\n\nExterieur\nDach und Spiegelkappen schwarz\nDachreling\nElektrische Gepäckraumklappe\n\nFahrerassistenz\nBMW Drive Recorder (Dashcam)\nFahrassistenz-System: Driving Assistant Professional\nGesetzlicher Notruf\nPark Distance Control (PDC)\nParkassistent-Paket Plus\nRückfahrkamera\nSpurverlassenswarnung\nSpurwechselwarnung\nTeleServices\n\nIndividualumfänge\nBMW Individual Dachreling Hochglanz Shadow Line\nBMW Individual Hochglanz Shadow Line\nBMW Individual Hochglanz Shadow Line mit erweiterten Umfängen\nDachhimmel Individual anthrazit\nScheinwerfer BMW Individual Shadow-Line\n\nKomfort, Innenausstattung\nAbstandsregeltempomat\nAktive Sitzbelüftung vorn\nAmbiente-Beleuchtung\nAußenspiegel elektr. anklappbar\nAußenspiegel elektr. verstell- und heizbar\nBordcomputer\nDAB-Tuner (Radioempfang digital)\nDurchladeeinrichtung (Mittelarmlehne hinten)\nDurchladesystem\nEinparkhilfe Sensoren vorne\nFensterheber elektrisch\nFensterheber, elektrisch\nFondkopfstützen klappbar\nFreisprecheinrichtung Bluetooth mit USB-/Audio-Schnittstelle\nFunkfernbedienung\nGalvanikapplikation für Bedienelemente\nInduktionsladeschale für Smartphone (Wireless Charging)\nInnen- und Aussenspiegel automatisch abblendend\nInnenausstattung: Interieurleisten Carbon\nInnenspiegel mit Abblendautomatik\nInstrumententafel Sensatec\nIsofix-Aufnahmen für Kindersitz an Rücksitz\nKeyless Entry\nKlimaautomatic\nKlimaautomatik 3-Zonen mit autom. Umluft-Control\nKomfortzugang (Öffnungs- und Schließsystem)\nLeder\nLederlenkrad\nLendenwirbelstütze Sitz vorn links und rechts, elektr. verstellbar\nLenkrad (Leder) mit Multifunktion M-Technic\nLenkrad heizbar\nLordose\nLordosenstuetze fuer Fahrer und Beifahrer\nM Sportsitze\nMultifunktionslenkrad\nPark-Distance-Control (PDC) vorn und hinten\nScheibenwischer mit Regensensor\nService-System: Real Time Traffic Information (RTTI)\nSicherheitsgurte M\nSitze vorn elektr. verstellbar (mit Memory)\nSitzheizung\nSitzheizung fuer Fahrer und Beifahrer\nSitzheizung vorn + hinten\nSitzverstellung, elektrisch mit Memory\nSonnenschutzverglasung (hinten abgedunkelt)\nSportsitze\nSpurhalteassistent\nStart/Stop-Anlage (Funktion)\nStart-Stop-Knopf\nVerglasung Akustikglas\nWidescreen Display\nZentralverriegelung\nZentralverriegelung mit Fernbedienung\n\nMultimedia\nBluetooth\nBMW Live Cockpit Professional\nBordcomputer\nDAB Tuner\nFreisprecheinrichtung\nSound-System Harman-Kardon\nTelefon\nUSB Schnittstelle\n\nRäder\nLM-Felgen vorn/hinten: 9,5x19 / 10,5x20 (Doppelspeichen 826 M, Bicolor, Schwarz)\nRadschraubensicherung\n\nSicherheit/Umwelt\nAdaptives Fahrwerk M-Technic\nAirbag Beifahrerseite abschaltbar\nAlarmanlage\nAnti-Blockier-System (ABS)\nAntriebsart: Allradantrieb\nAntriebsart: xDrive (Allrad)\n\nSitzbezug\nLeder Merino Silverstone/Schwarz\n\nSonstiges\nAbdeckkappen Außenspiegel M Carbon\nAblage für Wireless Charging \nActive Guard\nBlow by-Heizer\nBMW Curved Display\nCO2-Umfang\nControl-Display mit Farbmonitor (14,9 Zoll)\nDekodierung Zusatzfunktionen\nDeutsch / Bordliteratur\nDeutschland-Ausfuehrung\nElektrisch verstellbare Spiegel\nEU-spezifische Zusatzumfaenge\nFahrassistenz-System: aktiver Spurhalteassistent\nFahrassistenz-System: Ampel-Erkennung\nFahrassistenz-System: Ausweich-Assistent\nFahrassistenz-System: Driving Assistant\nFahrassistenz-System: Falschfahrwarnung\nFahrassistenz-System: Frontkollisionswarnung\nFahrassistenz-System: Heckaufprall-Vermeidung (Prävention Heckkollision)\nFahrassistenz-System: Kreuzungs-Assistent\nFahrassistenz-System: Querverkehrs-Assistent\nFahrassistenz-System: Rückfahr-Assistent\nFahrassistenz-System: Spurwechselassistent\nFahrassistenz-System: Spurwechsel-Warnsystem\nGeschwindigkeits-Regelanlage, Aktiv mit Stop&Go-Funktion\nHeckdiffusor Carbon\nKältemittel\nKilometertacho\nMetallic-Lackierung Frozen Orange\nMüdigkeitswarnsystem\nNotrufsystem\nÖlwartungsintervall 24 Monate/30.000 km\nPersonalisierungssystem (Personal eSIM)\nReifendruckkontrollsystem\nReifensystem Performance\nRückfahrkamera (Top View)\nSteuerung Infotainment\nSteuerung Karosserie\nSurround-Kamerasystem (Surround View)\n\nUmwelt, Sicherheit\nAbgasnorm EU6 RDE II\nABS\nAktiver Fussgängerschutz\nAlarmanlage\nAuto Start/Stop Funktion \nBeifahrerairbag\nBeifahrerairbag-Deaktivierung\nESP\nFahrassistenz-System: Fernlichtassistent\nFahrerairbag\nInnenspiegel, automatisch abblendend\nKindersitzbefestigung ISOFIX\nKopfairbag\nNotbremsassistent\nPASM\nRegensensor\nReifen Druck Control\nScheinwerfer Laserlicht\nSeitenairbag\nSicherheitssystem Active Protection\nTraction Control\nWarndreieck\nWegfahrsperre\nIrrtümer und Zwischenverkauf vorbehalten.",
  "dealerDetails": {
    "id": 463313,
    "name": "Cloppenburg GmbH",
    "sellerType": "Dealer",
    "phones": [
      "+49 (0)671 2154872278"
    ],
    "languages": [
      "Deutsch",
      "English"
    ],
    "country": "DE",
    "address": "Industriestr. 37, DE-55543 Bad Kreuznach",
    "location": {
      "latitude": 49.8527016,
      "longitude": 7.8953541
    },
    "activeSince": "2006-06-28T00:00:00.000Z",
    "homepageUrl": "https://home.mobile.de/home/redirect.html?customerId=463313",
    "iconUrl": null,
    "reviewPageUrl": "https://www.mobile.de/bewertungen/CLOPPENBURG-GMBH-BAD-KREUZNACH?lang=en",
    "score": {
      "total": 4.5,
      "responseTime": 4.6,
      "friendliness": 4.6,
      "advice": 4.4
    },
    "activeRatingCount": 24,
    "vehicleAsDescribedPercentage": 94,
    "recommendPercentage": 94,
    "soldVehicleCount": null,
    "reviews": []
  },
  "attributes": {
    "Vehicle condition": "Used vehicle, Accident-free",
    "Category": "Estate car, Demonstration Vehicle",
    "Model range": "G81",
    "Trim line": "HK HiFi DAB RFK Komfortzg. Shz",
    "Vehicle Number": "B02813427869",
    "Availability": "Now",
    "Origin": "German edition",
    "Mileage": "18,900 km",
    "Cubic Capacity": "2,993 ccm",
    "Power": "375 kW (510 hp)",
    "Drive type": "Internal combustion engine",
    "Fuel": "Petrol, E10-enabled",
    "CO₂ class": "Based on CO₂ emissions (combined)",
    "Fuel consumption": [
      "10.4 l/100km (combined)",
      "15.5 l/100km (city)",
      "10.3 l/100km (suburban)",
      "9.0 l/100km (country road)",
      "9.8 l/100km (motorway)"
    ],
    "Energy costs for 15,000 km annual mileage": "€2,802/Year",
    "Fuel price": "€1.80/l (annual average 2024)",
    "Possible CO₂ costs over the next 10 years (15,000 km/year)": [
      "€4,477 (assuming an average CO₂ price of €127/t)",
      "€2,115 (assuming a low average CO₂ price of €60/t)",
      "€7,050 (assuming a high average CO₂ price of €200/t)"
    ],
    "Vehicle tax": "€480/Year",
    "Number of Seats": "5",
    "Door Count": "4/5",
    "Transmission": "Automatic",
    "Emission Class": "Euro6d",
    "Emissions Sticker": "4 (Green)",
    "First Registration": "01/2025",
    "Construction Year": "2023",
    "Number of Vehicle Owners": "0",
    "HU": "06/2027",
    "Climatisation": "Automatic climatisation, 3 zones",
    "Parking sensors": "Front, Self-steering systems, Rear, 360° camera",
    "Airbags": "Front and Side and More Airbags",
    "Colour (Manufacturer)": "Frozen Black",
    "Colour": "Black Metallic",
    "Interior Design": "Full leather, Other",
    "Weight": "1,940 kg",
    "Tank capacity": "59 l",
    "Energy consumption (comb.)": "10.4 l/100km",
    "CO₂ emissions (comb.)": "235 g/km"
  },
  "features": [
    "ABS",
    "Adaptive cornering lights",
    "Adaptive Cruise Control",
    "Alarm system",
    "Alloy wheels",
    "Ambient lighting",
    "Arm rest",
    "Autom. dimming interior mirror",
    "Blind spot assist",
    "Bluetooth",
    "Cargo barrier",
    "CD player",
    "Central locking",
    "DAB radio",
    "Digital cockpit",
    "Distance warning system",
    "Dynamic chassis control",
    "Electric seat adjustment",
    "Electric side mirror",
    "Electric tailgate",
    "Electric windows",
    "Emergency brake assist",
    "Emergency call system",
    "ESP",
    "Fatigue warning system",
    "Four-wheel drive",
    "Full Service History",
    "Glare-free high beam headlights",
    "Hands-free kit",
    "Heated seats",
    "Heated steering wheel",
    "High beam assist",
    "Hill-start assist",
    "Immobilizer",
    "Induction charging for smartphones",
    "Isofix",
    "Keyless central locking",
    "Lane change assist",
    "Laser headlights",
    "Leather steering wheel",
    "LED running lights",
    "Light sensor",
    "Lumbar support",
    "Multifunction steering wheel",
    "Navigation system",
    "Non-smoker vehicle",
    "On-board computer",
    "Particulate filter",
    "Power Steering",
    "Rain sensor",
    "Roof rack",
    "Seat ventilation",
    "Sound system",
    "Speed limit control system",
    "Sport seats",
    "Sports suspension",
    "Start-stop system",
    "Summer tyres",
    "Tinted windows",
    "Touchscreen",
    "Traction control",
    "Traffic sign recognition",
    "Tuner/radio",
    "Tyre pressure monitoring",
    "USB port",
    "Voice control",
    "Warranty",
    "Winter package"
  ]
},
{
  "title": "BMW M3 Competition Limo/H&K/Carbon/Driv.Assist.Prof.",
  "previewImage": "https://img.classistatic.de/api/v1/mo-prod/images/8b/8b4c61e5-724f-4b30-9e56-8376e1031050?rule=mo-1600.jpg",
  "category": "Limousine",
  "brand": "BMW",
  "model": "M3",
  "url": "https://suchen.mobile.de/fahrzeuge/details.html?id=425408925",
  "price.total.amount": 93900,
  "priceRating": {
    "rating": "Good price",
    "priceRanges": {
      "Very good price": {
        "start": 69401,
        "end": 90200
      },
      "Good price": {
        "start": 90201,
        "end": 97100
      },
      "Fair price": {
        "start": 97101,
        "end": 108000
      },
      "Increased price": {
        "start": 108001,
        "end": 115900
      },
      "High price": {
        "start": 115901,
        "end": 128800
      }
    }
  },
  "description": "BMW M3 Competition Limousine mit M xDrive (530PS, Benzin, Automatik, Allrad)\n\n1. Hand, Erstzulassung 12/2024, deutsches Fahrzeug, unfallfrei, nachlackierungsfrei, nichtraucher, perfekkter Zustand!\n\nC4W Lackierung \"Skyscraper metallic\"\nVATQ Polster \"BMW Individual erweiterte Lederausstattung 'Merino' Tartufo (SW)\"\n4MC \"M Interieurleisten 'Carbon Fibre'\"\n\n1MB M Drive Professional\n248 Lenkradheizung\n302 Alarmanlage\n316 Automatische Heckklappenbetätigung\n320 Modellschriftzug Entfall\n322 Komfortzugang\n3M6 M Compound-Bremse, schwarz hochglänzend\n3MF M Leuchten Shadow Line\n403 Glasdach, elektrisch mit Schiebe- und Hebefunktion\n420 Sonnenschutzverglasung\n4GQ M Sicherheitsgurte\n4NE Blow by-Heizer\n4U0 Galvanikapplikation für Bedienelemente\n552 Adaptiver LED-Scheinwerfer\n5AC Fernlichtassistent\n5AU Driving Assistant Professional\n5AV Active Guard\n5DA Deaktivierung Beifahrerairbag\n5DC Fondkopfstützen klappbar\n5DM Parking Assistant\n654 DAB-Tuner\n688 Harman Kardon Surround Sound System\n6C4 Connected Package Professional\n6NX Ablage für Wireless Charging\n6U3 BMW Live Cockpit Professional\n7A2 Innovationspaket\n\n\nAngebotspreis: 93.900,- EUR inkl. 19% MwSt.\n(Netto Export: 79.000,- EUR)\n\n\nAlle Angaben ohne Gewähr. Irrtümer, Änderungen, Tippfehler und Zwischenverkauf vorbehalten.",
  "dealerDetails": {
    "id": 3128269,
    "name": "WEGA Leasing GmbH",
    "sellerType": "Dealer",
    "phones": [
      "+49 (0)8171 908958931"
    ],
    "messengers": {
      "WHATS_APP": "+49 (0)160 97797245"
    },
    "languages": [
      "Deutsch",
      "English"
    ],
    "country": "DE",
    "address": "Pfaffenrieder Str. 1, DE-82515 Wolfratshausen bei München",
    "location": {
      "latitude": 47.9062168,
      "longitude": 11.4302045
    },
    "activeSince": "2009-11-06T00:00:00.000Z",
    "homepageUrl": "https://home.mobile.de/home/redirect.html?customerId=3128269",
    "iconUrl": null,
    "reviewPageUrl": "https://www.mobile.de/bewertungen/WEGALEASINGGMBH?lang=en",
    "score": {
      "total": 4.4,
      "responseTime": 4.4,
      "friendliness": 4.6,
      "advice": 4.1
    },
    "activeRatingCount": 17,
    "vehicleAsDescribedPercentage": 92,
    "recommendPercentage": 92,
    "soldVehicleCount": null,
    "reviews": []
  },
  "attributes": {
    "Vehicle condition": "Used vehicle, Accident-free",
    "Category": "Saloon",
    "Model range": "Baureihe M3 Lim. (G80N)(07.2024->)",
    "Trim line": "xDrive Competition M",
    "Vehicle Number": "C_4656",
    "Availability": "Now",
    "Origin": "German edition",
    "Mileage": "6,000 km",
    "Cubic Capacity": "2,993 ccm",
    "Power": "390 kW (530 hp)",
    "Drive type": "Internal combustion engine",
    "Fuel": "Petrol",
    "Number of Seats": "5",
    "Door Count": "4/5",
    "Transmission": "Automatic",
    "Emission Class": "Euro6d",
    "Emissions Sticker": "4 (Green)",
    "First Registration": "12/2024",
    "Number of Vehicle Owners": "1",
    "Climatisation": "Automatic climatisation, 2 zones",
    "Parking sensors": "Camera, Rear",
    "Airbags": "Front and Side and More Airbags",
    "Colour (Manufacturer)": "SKYSCRAPER GRAU METALLIC",
    "Colour": "Grey Metallic",
    "Interior Design": "Full leather",
    "Weight": "1,855 kg",
    "Cylinders": "6",
    "Tank capacity": "59 l"
  },
  "features": [
    "ABS",
    "Adaptive Cruise Control",
    "Adaptive lighting",
    "Alarm system",
    "Alloy wheels",
    "Ambient lighting",
    "Android Auto",
    "Apple CarPlay",
    "Arm rest",
    "Autom. dimming interior mirror",
    "Blind spot assist",
    "Bluetooth",
    "Central locking",
    "DAB radio",
    "Digital cockpit",
    "Distance warning system",
    "Electric seat adjustment",
    "Electric side mirror",
    "Electric tailgate",
    "Electric windows",
    "Eletric seat adjustment with memory function",
    "Emergency brake assist",
    "Emergency call system",
    "Emergency tyre repair kit",
    "ESP",
    "Folding exterior mirrors",
    "Four-wheel drive",
    "Full Service History",
    "Hands-free kit",
    "Head-up display",
    "Heated seats",
    "Heated steering wheel",
    "High beam assist",
    "Hill-start assist",
    "Immobilizer",
    "Induction charging for smartphones",
    "Integrated music streaming",
    "Isofix",
    "Keyless central locking",
    "Lane change assist",
    "Leather steering wheel",
    "LED headlights",
    "LED running lights",
    "Lumbar support",
    "Multifunction steering wheel",
    "Navigation system",
    "Non-smoker vehicle",
    "On-board computer",
    "Paddle shifters",
    "Power Steering",
    "Rain sensor",
    "Sound system",
    "Speed limit control system",
    "Sport seats",
    "Sports package",
    "Sports suspension",
    "Start-stop system",
    "Summer tyres",
    "Sunroof",
    "Tinted windows",
    "Touchscreen",
    "Traction control",
    "Traffic sign recognition",
    "Tuner/radio",
    "Tyre pressure monitoring",
    "USB port",
    "Voice control",
    "Warranty",
    "WLAN / Wi-Fi hotspot"
  ]
},
{
  "title": "BMW M3 Competition M xDrive Limousine Navi Harman/K",
  "previewImage": "https://img.classistatic.de/api/v1/mo-prod/images/01/01ac1d61-4342-4613-986b-fcb6fbce0d8e?rule=mo-1600.jpg",
  "category": "Limousine",
  "brand": "BMW",
  "model": "M3",
  "url": "https://suchen.mobile.de/fahrzeuge/details.html?id=434421716",
  "price.total.amount": 93895,
  "priceRating": {
    "rating": "Fair price",
    "priceRanges": {
      "Very good price": {
        "start": 67001,
        "end": 87100
      },
      "Good price": {
        "start": 87101,
        "end": 93800
      },
      "Fair price": {
        "start": 93801,
        "end": 104300
      },
      "Increased price": {
        "start": 104301,
        "end": 112000
      },
      "High price": {
        "start": 112001,
        "end": 124400
      }
    }
  },
  "description": "Antrieb, Fahrwerk\nAdaptives M Fahrwerk\nAllrad\nM Sportdifferenzial\n\nAußenausstattung\nLM-Felgen\nSonnenschutzverglasung (hinten abgedunkelt)\n\nEditionen und Pakete\nAblagenpaket\nConnected Package Professional (laufzeitgebundener Dienst)\nConnectedDrive Services (laufzeitgebundener Dienst)\nInnovations-Paket (2)\n\nFahrerassistenz\nFahrassistenz-System: Driving Assistant Professional\nGesetzlicher Notruf\nParkassistent-Paket Plus\nTeleservices\n\nIndividualumfänge\nM Hochglanz Shadow Line\nM Hochglanz Shadow Line mit erweiterten Umfängen\n\nKomfort, Innenausstattung\nAktive Sitzbelüftung vorn\nAmbiente-Beleuchtung\nAußenspiegel elektr. anklappbar\nBMW Live Cockpit Professional\nDurchladeeinrichtung (Mittelarmlehne hinten)\nDurchladesystem\nEinparkhilfe selbstlenkendes System\nFensterheber elektrisch vorn + hinten\nFensterheber, elektrisch\nFondkopfstützen klappbar\nFreisprecheinrichtung Bluetooth mit USB-/Audio-Schnittstelle\nGalvanikapplikation für Bedienelemente\nGeschwindigkeits-Begrenzeranlage (Speed Limit Device)\nGeschwindigkeits-Regelanlage mit Bremsfunktion\nHead-up-Display Full Color\nHeckklappenbetätigung automatisch\nInduktionsladeschale für Smartphone (Wireless Charging)\nInnen- und Außenspiegelpaket\nInnenspiegel mit Abblendautomatik\nIsofix-Aufnahmen für Kindersitz\nKlimaautomatik\nKlimaautomatik 3-Zonen mit autom. Umluft-Control\nKomfortzugang (Öffnungs- und Schließsystem)\nLendenwirbelstütze Sitz vorn links und rechts, elektr. verstellbar\nLenkrad (Leder) mit Multifunktion M-Technic\nLenkrad heizbar\nLicht- und Regensensor\nLordosenstütze für Fahrer und Beifahrer\nM Sicherheitsgurte\nM Sportsitze\nMultifunktion für Lenkrad\nRadioempfang digital (DAB+)\nScheibenwischer mit Regensensor\nService-System: Augmented Reality für Navigation\nService-System: WiFi-Direct\nSitze vorn elektr. verstellbar (mit Memory)\nSitzheizung für Fahrer und Beifahrer\nSitzheizung vorn\nSitzverstellung elektrisch mit Memory für Fahrersitz\nSkisack\nSonnenschutzverglasung\nSound-System Harman-Kardon\nStart/Stop-Anlage (Funktion)\nZentralverriegelung mit Diebstahlsicherung und Crashsensor\n\nMultimedia\nBMW Live Cockpit Professional (laufzeitgebundener Dienst)\nDAB Tuner\nFreisprecheinrichtung\nHarman Kardon Surround Sound System\nNavigationssystem\nTelefon\n\nRäder\n19\"/20\" M Schmiederäder Doppelspeiche 826 M Schwarz / MB\nRadschraubensicherung\n\nSicherheit/Umwelt\nAdaptives Fahrwerk M-Technic\nAirbag Beifahrerseite abschaltbar\nAirbag Fahrer-/Beifahrerseite\nAlarmanlage\nAnti-Blockier-System (ABS)\nAntriebsart: Allradantrieb\nAntriebsart: xDrive (Allrad)\n\nSitzbezug\nLeder Merino Schwarz/Schwarz\n\nSonstiges\nAblage für Wireless Charging\nABS\nActive Guard\nActive Protection\nAdaptiver LED-Scheinwerfer\nAktive Sitzbelüftung vorn\nAutomatische Heckklappenbetätigung\nCOC Zusatzumfänge\nDriving Assistant Professional\nElektrisch verstellbare Spiegel\nFahrassistenz-System: aktiver Spurhalteassistent\nFahrassistenz-System: Ampel-Erkennung\nFahrassistenz-System: Ausweich-Assistent\nFahrassistenz-System: Einparkhilfe Seite\nFahrassistenz-System: Falschfahrwarnung\nFahrassistenz-System: Frontkollisionswarnung\nFahrassistenz-System: Heckaufprall-Vermeidung (Prävention Heckkollision)\nFahrassistenz-System: Kreuzungs-Assistent\nFahrassistenz-System: Park-Assistent\nFahrassistenz-System: Querverkehrs-Assistent\nFahrassistenz-System: Rückfahr-Assistent\nFahrassistenz-System: Rückfahrhilfe Notbremsfunktion (Active PDC)\nFahrassistenz-System: Spurwechselassistent\nFahrassistenz-System: Spurwechsel-Warnsystem\nFahrerairbag\nFernlichtassistent\nGeschwindigkeits-Regelanlage, Aktiv mit Stop&Go-Funktion\nInnovationspaket\nKomfortzugang\nLeder\nLenkradheizung\nM Drive Professional\nM Interieurleisten Aluminium Rhombicle Anthrazit\nMultifunktionslenkrad\nÖlwartungsintervall 24 Monate/30.000 km\nParking Assistant Plus\nPersonal eSIM\nReifenreparatur-Set\nRückfahrkamera\nRückfahrkamera (Top View)\nSeitenairbag\nService-System: Remote 3D View\nSitzbezug / Polsterung: Leder Merino Schwarz\nSportfahrwerk\nSportsitze\nSteuerung D\nSteuerung FAS 18\nSurround-Kamerasystem (Surround View)\nTempomat\nZentralverriegelung\n\nUmwelt, Sicherheit\nAbgasnorm EU6 RDE II\nAktiver Fußgängerschutz\nAlarmanlage mit Fernbedienung\nBeifahrerairbag\nBeifahrerairbag-Deaktivierung\nESP\nFahrassistenz-System: Fernlichtassistent\nInnenspiegel automatisch abblendend\nKindersitzbefestigung ISOFIX\nLED-Scheinwerfer\nPASM\nRegensensor\nReifendruck-Kontrolle\nScheinwerfer LED mit adaptiver Lichtverteilung\nSicherheitssystem Active Protection\nTraction Control\nWarndreieck\n\nFinanzierungsbeispiel\n\nMtl. Finanzierungsrate: 985,00 EUR\nAnzahlung: 18.798,17 EUR\nLaufzeit: 36 Monate\nZielrate: 48.825,40 EUR\nNettodarlehensbetrag: 75.096,83 EUR\nSollzinssatz p.a.: 4,40% (gebunden für die gesamte Vertragslaufzeit)\nEffektiver Jahreszins: 4,49%\nGesamtbetrag: 83.300,40 EUR\nEin unverbindliches Finanzierungsbeispiel der BMW Bank GmbH, Lilienthalallee 26, 80939 München.\n\n\nBrutto-Neupreis : 112.530,00 EUR\n\nEhemaliger Listenpreis: 112.530 EURIrrtümer und Zwischenverkauf vorbehalten.",
  "dealerDetails": {
    "id": 461419,
    "name": "Bayerische Motoren Werke Aktiengesellschaft - BMW Niederlassung Nürnberg",
    "sellerType": "Dealer",
    "phones": [
      "+49 (0)911 4777507789"
    ],
    "languages": [
      "Deutsch",
      "English",
      "Română",
      "Türkçe"
    ],
    "country": "DE",
    "address": "Max-Ottenstein-Strasse 1, DE-90441 Nürnberg",
    "location": {
      "latitude": 49.43096999999999,
      "longitude": 11.041609
    },
    "activeSince": "2003-05-19T00:00:00.000Z",
    "homepageUrl": "https://home.mobile.de/home/redirect.html?customerId=461419",
    "iconUrl": "https://img.classistatic.de/api/v1/mo-prod/images/ab/ab8115eb-1313-4152-b3c1-529bb4deaab9?rule=mo-640.jpg",
    "reviewPageUrl": "https://www.mobile.de/bewertungen/BMW-GROUP-NUERNBERG?lang=en",
    "score": {
      "total": 4.5,
      "responseTime": 4.5,
      "friendliness": 4.5,
      "advice": 4.3
    },
    "activeRatingCount": 48,
    "vehicleAsDescribedPercentage": 92,
    "recommendPercentage": 89,
    "soldVehicleCount": null,
    "reviews": []
  },
  "attributes": {
    "Vehicle condition": "Used vehicle",
    "Category": "Saloon, Employee's Car",
    "Model range": "G80N",
    "Trim line": "M xDrive Limousine Navi Harman/K",
    "Vehicle Number": "NX725147",
    "Availability": "Now",
    "Origin": "German edition",
    "Mileage": "13,899 km",
    "Cubic Capacity": "2,993 ccm",
    "Power": "390 kW (530 hp)",
    "Drive type": "Internal combustion engine",
    "Fuel": "Petrol, E10-enabled",
    "CO₂ class": "Based on CO₂ emissions (combined)",
    "Fuel consumption": [
      "10.2 l/100km (combined)",
      "15.4 l/100km (city)",
      "10.1 l/100km (suburban)",
      "8.7 l/100km (country road)",
      "9.5 l/100km (motorway)"
    ],
    "Energy costs for 15,000 km annual mileage": "€0/Year",
    "Fuel price": "€1.80/l (annual average 2024)",
    "Possible CO₂ costs over the next 10 years (15,000 km/year)": [
      "€0 (assuming an average CO₂ price of €127/t)",
      "€0 (assuming a low average CO₂ price of €60/t)",
      "€0 (assuming a high average CO₂ price of €200/t)"
    ],
    "Vehicle tax": "€460/Year",
    "Number of Seats": "5",
    "Door Count": "4/5",
    "Transmission": "Automatic",
    "Emission Class": "Euro6",
    "Emissions Sticker": "4 (Green)",
    "First Registration": "01/2025",
    "Construction Year": "2024",
    "Number of Vehicle Owners": "1",
    "HU": "01/2028",
    "Climatisation": "Automatic climatisation, 3 zones",
    "Parking sensors": "Self-steering systems, Rear, 360° camera, Front",
    "Airbags": "Front and Side and More Airbags",
    "Colour (Manufacturer)": "M Sao Paulo Gelb uni",
    "Colour": "Yellow",
    "Interior Design": "Full leather, Black",
    "Weight": "1,855 kg",
    "Cylinders": "6",
    "Tank capacity": "59 l",
    "Energy consumption (comb.)": "10.2 l/100km",
    "CO₂ emissions (comb.)": "230 g/km"
  },
  "features": [
    "ABS",
    "Adaptive Cruise Control",
    "Adaptive lighting",
    "Alarm system",
    "Alloy wheels",
    "Ambient lighting",
    "Arm rest",
    "Autom. dimming interior mirror",
    "Blind spot assist",
    "Bluetooth",
    "Central locking",
    "DAB radio",
    "Digital cockpit",
    "Distance warning system",
    "Dynamic chassis control",
    "Electric seat adjustment",
    "Electric side mirror",
    "Electric tailgate",
    "Electric windows",
    "Eletric seat adjustment with memory function",
    "Emergency brake assist",
    "Emergency call system",
    "ESP",
    "Four-wheel drive",
    "Glare-free high beam headlights",
    "Hands-free kit",
    "Head-up display",
    "Heated seats",
    "Heated steering wheel",
    "High beam assist",
    "Hill-start assist",
    "Immobilizer",
    "Induction charging for smartphones",
    "Isofix",
    "Keyless central locking",
    "Lane change assist",
    "Leather steering wheel",
    "LED headlights",
    "LED running lights",
    "Light sensor",
    "Lumbar support",
    "Multifunction steering wheel",
    "Navigation system",
    "On-board computer",
    "Particulate filter",
    "Power Steering",
    "Rain sensor",
    "Seat ventilation",
    "Ski bag",
    "Sound system",
    "Speed limit control system",
    "Sport seats",
    "Sports suspension",
    "Start-stop system",
    "Tinted windows",
    "Touchscreen",
    "Traction control",
    "Tuner/radio",
    "Tyre pressure monitoring",
    "USB port",
    "Voice control",
    "Warranty",
    "WLAN / Wi-Fi hotspot"
  ]
},
{
  "title": "BMW M3 xDrive Competition ACC 360° Sitzlüftung",
  "previewImage": "https://img.classistatic.de/api/v1/mo-prod/images/ea/ea6a23b2-f46b-4c6b-a054-b65c0312db3c?rule=mo-1600.jpg",
  "category": "Limousine",
  "brand": "BMW",
  "model": "M3",
  "url": "https://suchen.mobile.de/fahrzeuge/details.html?id=432128871",
  "price.total.amount": 94489,
  "priceRating": {
    "rating": "Very good price",
    "priceRanges": {
      "Very good price": {
        "start": 73901,
        "end": 96000
      },
      "Good price": {
        "start": 96001,
        "end": 103400
      },
      "Fair price": {
        "start": 103401,
        "end": 115000
      },
      "Increased price": {
        "start": 115001,
        "end": 123400
      },
      "High price": {
        "start": 123401,
        "end": 137200
      }
    }
  },
  "description": "+WILLKOMMEN BEIM AUTOHAUS BAYERNCAR KÖNIGSBRUNN ...kaufen mit gutem Gefühl! ++ALLE FAHRZEUGE optional DEKRA geprüft !++Zwischenverkauf, Änderungen und Irrtümer vorbehalten ++WE ALSO SALE WITHOUT VAT FOR EXPORT-JUST ASK US!++ \nDeutschlandweite Zustellungen möglich!!!\n\nUnsere Serviceleistungen:\n- Allianz Automotive Garantie Erweiterung (optional)\n- Finanzierung über die BMW Premium Financial oder die Credit Plus Bank\nAb sofort sind wir über WhatsApp erreichbar.\nWhatsApp-/FaceTime Kontakt: +49-171 19 021 90\n\n++ BMW M3 Competition Limousine xDrive ++\nFarbe: 0C36 Dravitgrau Metallic\nPolster: LKSW Leder Merino Schwarz\n\nSonderausstattung:\n01MB M DRIVE PROFESSIONAL\n0248 Lenkradheizung\n02PA Radschraubensicherung\n02T4 M Sportdifferenzial\n02VB Reifendruckanzeige\n02VC Reifenreparatur-Set\n02VF Adaptives M Fahrwerk\n0302 Alarmanlage\n0316 Automatische Heckklappenbetätigung\n0322 Komfortzugang\n03KA Akustik Komfort Verglasung\n03M6 M COMPOUND-BREMSE, SCHWARZ HOCHGL.\n03MF M Leuchten Shadow Line\n0420 Abgedunkelte Verglasung\n0428 Warndreieck und Verbandstasche\n0430 Innen-/Aussensp. mit Abblendautomatik\n0431 Innenspiegel automatisch abblendend\n0453 Klimatisierte Sitze vorne\n0459 Sitzverstellung elektrisch mit Memory\n0488 Lordosenstütze Fahrer u. Beifahrer\n0493 Ablagenpaket\n0494 Sitzheizung Fahrer/Beifahrer\n04GQ M Sicherheitsgurte\n04MC Interieurleisten Carbon Fibre\n04NE Blow-by-Heizer\n04U0 Galvanikapplikation Bedienelemente\n0534 Klimaautomatik\n0548 Kilometertacho\n0552 Adaptiver LED-Scheinwerfer\n05AC Fernlichtassistent\n05AU Driving Assistant Professional\n05AV Active Guard\n05DA Deaktivierung Airbag Beifahrer\n05DC Kopfstützen im Fond klappbar\n05DN Parkassistenzsystem Plus\n0654 DAB-Tuner (DAB+ fähig)\n0688 Harman/Kardon Surround Sound System\n06AE Teleservices\n06AF Gesetzlicher Notruf\n06AK Connected Drive Services\n06C4 Connected Package Professional\n06NX Storage tray wireless charging\n06PA Personal eSIM\n06U3 BMW Live Cockpit Professional\n06VB Steuerung Infotainment\n0712 M Sportsitz\n0760 Hochglanz Shadow-Line\n0775 Dachhimmel anthrazit\n07A2 Innovationspaket II\n07M9 M Shadow Line mit erweitertem Umfang \n\nSerien-Ausstattung:\nAblage-Paket\nAdaptives Fahrwerk M-Technic\nAirbag Fahrer-/Beifahrerseite\nAktives M Differential\nAlarmanlage\nAmbiente-Beleuchtung\nAnti-Blockier-System (ABS)\nAntriebsart: Allradantrieb\nAusstattungs-Paket: Connected Professional\nBedienelemente galvanisiert\nBlinkleuchte in Außenspiegel integriert\nBMW Live Cockpit Professional\nDachhimmel Anthrazit (BMW Individual)\nDiebstahl-Warnanlage\nDiebstahlsicherung für Räder (Felgenschlösser)\nDurchladeeinrichtung (Mittelarmlehne hinten)\nDynamische Stabilitäts-Control (DSC) mit erweiterter Umfang\nDynamische Tractions Control (DTC)\nEinstiegsleisten mit Einleger in Aluminium mit Schriftzug M\nFahrassistenz-System: Active Guard (Bremsassistent)\nFreisprecheinrichtung Bluetooth mit USB-/Audio-Schnittstelle\nGeschwindigkeits-Begrenzeranlage (Speed Limit Device)\nGetriebe Automatik - mit Steptronic und Drivelogic (8-Stufen)\nGetränkehalter\nHeckleuchten LED\nInduktionsladeschale für Smartphone (Wireless Charging)\nInnenspiegel mit Abblendautomatik\nIsofix-Aufnahmen für Kindersitz\nKennzeichenbeleuchtung LED\nKlimaautomatik 3-Zonen mit autom. Umluft-Control\nKnieairbag Fahrerseite\nKopf-Airbag-System hinten\nKopf-Airbag-System vorn\nKopfstützen hinten klappbar\nLeichtbaudach (kohlefaserverstärkter Kunststoff, CFK)\nLendenwirbelstütze Sitz vorn links und rechts, elektr. verstellbar\nLenkrad (Leder) mit Multifunktion M-Technic\nLeuchtweitenregelung\nPersonalisierungssystem (Personal eSIM)\nRadioempfang digital (DAB+)\nReifen-Reparaturset (Mobility-Pack)\nScheibenwischer mit Regensensor\nScheinwerfer LED\nSeitenairbag vorn\nConnectedDrive Services\nGesetzlicher Notruf\nIntelligenter Notruf inkl. TeleServices\nSicherheitsgurte M\nSitze vorn elektr. verstellbar (mit Memory)\nSitzheizung vorn\nSonnenschutzverglasung (hinten abgedunkelt)\nSound-System Harman-Kardon\nSpiegel-Paket\nSportdifferential\nSteckdose (12V-Anschluß) in Mittelkonsole vorn\nWarndreieck\nWärme-/Sonnenschutzverglasung\nZentralverriegelung mit Diebstahlsicherung und Crashsensor\n\nWir bieten unsere Fahrzeuge bereits kurz nach Kauf und ohne Bilder an. Sobald diese bei uns eingetroffen sind werden Bilder eingestellt.\nMit einer Bestellung versenden wir nochmal eine detaillierte Aufstellung der kompletten Fahrzeugausstattung. Wir bitten diese vor Vertragsabschluß sorgfältig zu lesen, da Fehler\nim Inserat vorbehaltlich sind und Irrtümer nicht ausgeschlossen werden können.",
  "dealerDetails": {
    "id": 451587,
    "name": "BayernCar GmbH",
    "sellerType": "Dealer",
    "phones": [
      "+49 (0)8231 926973726"
    ],
    "messengers": {
      "WHATS_APP": "+49 (0)171 1902190"
    },
    "languages": [
      "Deutsch",
      "English"
    ],
    "country": "DE",
    "address": "Dornierstraße 10, DE-86343 Königsbrunn",
    "location": {
      "latitude": 48.2539715,
      "longitude": 10.8711669
    },
    "activeSince": "2005-10-17T00:00:00.000Z",
    "homepageUrl": "https://home.mobile.de/home/redirect.html?customerId=451587",
    "iconUrl": "https://img.classistatic.de/api/v1/mo-prod/images/f7/f73f1ae9-a818-4727-830b-e5061e043ce7?rule=mo-640.jpg",
    "reviewPageUrl": "https://www.mobile.de/bewertungen/BAYERN-CAR?lang=en",
    "score": {
      "total": 4.6,
      "responseTime": 4.6,
      "friendliness": 4.7,
      "advice": 4.5
    },
    "activeRatingCount": 47,
    "vehicleAsDescribedPercentage": 94,
    "recommendPercentage": 94,
    "soldVehicleCount": null,
    "reviews": []
  },
  "attributes": {
    "Vehicle condition": "Used vehicle, Accident-free",
    "Category": "Saloon, Demonstration Vehicle",
    "Model range": "Baureihe M3 Lim. (G80N)(07.2024->)",
    "Trim line": "xDrive Competition M",
    "Vehicle Number": "25-84149",
    "Availability": "From Sep 12, 2025",
    "Mileage": "6,000 km",
    "Cubic Capacity": "2,993 ccm",
    "Power": "390 kW (530 hp)",
    "Drive type": "Internal combustion engine",
    "Fuel": "Petrol",
    "CO₂ class": "Based on CO₂ emissions (combined)",
    "Fuel consumption": [
      "10.1 l/100km (combined)"
    ],
    "Energy costs for 15,000 km annual mileage": "€2,802/Year",
    "Fuel price": "€1.85/l (annual average 2024)",
    "Possible CO₂ costs over the next 10 years (15,000 km/year)": [
      "€3,916 (assuming an average CO₂ price of €115/t)",
      "€1,702 (assuming a low average CO₂ price of €50/t)",
      "€6,470 (assuming a high average CO₂ price of €190/t)"
    ],
    "Number of Seats": "5",
    "Door Count": "4/5",
    "Transmission": "Automatic",
    "Emission Class": "Euro6",
    "Emissions Sticker": "4 (Green)",
    "First Registration": "05/2025",
    "Number of Vehicle Owners": "1",
    "HU": "05/2028",
    "Climatisation": "Automatic climatisation, 3 zones",
    "Parking sensors": "360° camera, Self-steering systems, Front, Rear",
    "Airbags": "Front and Side and More Airbags",
    "Colour (Manufacturer)": "DRAVITGRAU METALLIC",
    "Colour": "Grey Metallic",
    "Interior Design": "Full leather, Black",
    "Weight": "1,855 kg",
    "Cylinders": "6",
    "Energy consumption (comb.)": "10.1 l/100km",
    "CO₂ emissions (comb.)": "227 g/km"
  },
  "features": [
    "ABS",
    "Adaptive cornering lights",
    "Adaptive Cruise Control",
    "Alarm system",
    "Alloy wheels",
    "Ambient lighting",
    "Android Auto",
    "Apple CarPlay",
    "Autom. dimming interior mirror",
    "Blind spot assist",
    "Bluetooth",
    "Cargo barrier",
    "Central locking",
    "DAB radio",
    "Digital cockpit",
    "Distance warning system",
    "Dynamic chassis control",
    "Electric seat adjustment",
    "Electric side mirror",
    "Electric tailgate",
    "Electric windows",
    "Eletric seat adjustment with memory function",
    "Emergency brake assist",
    "Emergency call system",
    "ESP",
    "Fatigue warning system",
    "Fog lamp",
    "Folding exterior mirrors",
    "Four-wheel drive",
    "Full Service History",
    "Glare-free high beam headlights",
    "Hands-free kit",
    "Head-up display",
    "Heated seats",
    "Heated steering wheel",
    "High beam assist",
    "Hill-start assist",
    "Immobilizer",
    "Induction charging for smartphones",
    "Integrated music streaming",
    "Isofix",
    "Keyless central locking",
    "Lane change assist",
    "Leather steering wheel",
    "LED headlights",
    "LED running lights",
    "Light sensor",
    "Lumbar support",
    "Multifunction steering wheel",
    "Navigation system",
    "Non-smoker vehicle",
    "On-board computer",
    "Paddle shifters",
    "Power Steering",
    "Rain sensor",
    "Rear traffic alert",
    "Seat ventilation",
    "Ski bag",
    "Sound system",
    "Speed limit control system",
    "Sport seats",
    "Sports package",
    "Sports suspension",
    "Start-stop system",
    "Summer tyres",
    "Tinted windows",
    "Touchscreen",
    "Traction control",
    "Traffic sign recognition",
    "Tuner/radio",
    "Tyre pressure monitoring",
    "USB port",
    "Voice control",
    "Warranty",
    "WLAN / Wi-Fi hotspot"
  ]
},
{
  "title": "BMW M3 Comp. Touring/ALL BLACK/H&K/PA Prof.",
  "previewImage": "https://img.classistatic.de/api/v1/mo-prod/images/48/485dd19a-305f-4f95-9314-b55c177e47f3?rule=mo-1600.jpg",
  "category": "EstateCar",
  "brand": "BMW",
  "model": "M3",
  "url": "https://suchen.mobile.de/fahrzeuge/details.html?id=425908518",
  "price.total.amount": 94900,
  "priceRating": {
    "rating": "Good price",
    "priceRanges": {
      "Very good price": {
        "start": 68101,
        "end": 88500
      },
      "Good price": {
        "start": 88501,
        "end": 95400
      },
      "Fair price": {
        "start": 95401,
        "end": 106100
      },
      "Increased price": {
        "start": 106101,
        "end": 113800
      },
      "High price": {
        "start": 113801,
        "end": 126500
      }
    }
  },
  "description": "BMW M3 Competition Touring mit M xDrive (530PS, Benzin, Automatik, Allrad)\n\n1. Hand, Erstzulassung 11/2024, deutsches Fahrzeug, unfallfrei, nachlackierungsfrei, nichtraucher, perfekkter Zustand!\n\n475 Lackierung \"Saphirschwarz metallic\"\nLKSW Polster \"Leder Merino Schwarz/Schwarz\"\n4LN \"M Interieurleisten Aluminium Rhombicle Anthrazit\"\n\n322 Komfortzugang\n3M5 M Compound-Bremse, rot hochglänzend\n3MF M Leuchten Shadow Line\n420 Sonnenschutzverglasung\n4GQ M Sicherheitsgurte\n4U0 Galvanikapplikation für Bedienelemente\n552 Adaptiver LED-Scheinwerfer\n5AC Fernlichtassistent\n5AS Driving Assistant\n5DA Deaktivierung Beifahrerairbag\n5DC Fondkopfstützen klappbar\n5DN Parking Assistant Plus\n654 DAB-Tuner\n688 Harman Kardon Surround Sound System\n6C4 Connected Package Professional\n6NX Ablage für Wireless Charging\n6U3 BMW Live Cockpit Professional\n7A2 Innovationspaket\n\n\nAngebotspreis: 93.900,- EUR inkl. 19% MwSt.\n(Netto Export: 79.000,- EUR)\n\n\nAlle Angaben ohne Gewähr. Irrtümer, Änderungen, Tippfehler und Zwischenverkauf vorbehalten.",
  "dealerDetails": {
    "id": 3128269,
    "name": "WEGA Leasing GmbH",
    "sellerType": "Dealer",
    "phones": [
      "+49 (0)8171 908989074"
    ],
    "messengers": {
      "WHATS_APP": "+49 (0)160 97797245"
    },
    "languages": [
      "Deutsch",
      "English"
    ],
    "country": "DE",
    "address": "Pfaffenrieder Str. 1, DE-82515 Wolfratshausen bei München",
    "location": {
      "latitude": 47.9062168,
      "longitude": 11.4302045
    },
    "activeSince": "2009-11-06T00:00:00.000Z",
    "homepageUrl": "https://home.mobile.de/home/redirect.html?customerId=3128269",
    "iconUrl": null,
    "reviewPageUrl": "https://www.mobile.de/bewertungen/WEGALEASINGGMBH?lang=en",
    "score": {
      "total": 4.4,
      "responseTime": 4.4,
      "friendliness": 4.6,
      "advice": 4.1
    },
    "activeRatingCount": 17,
    "vehicleAsDescribedPercentage": 92,
    "recommendPercentage": 92,
    "soldVehicleCount": null,
    "reviews": []
  },
  "attributes": {
    "Vehicle condition": "Used vehicle, Accident-free",
    "Category": "Estate car",
    "Model range": "Baureihe M3 Touring (G81N)(07.2024->)",
    "Trim line": "xDrive Competition M",
    "Vehicle Number": "C_3581",
    "Availability": "Now",
    "Origin": "German edition",
    "Mileage": "6,490 km",
    "Cubic Capacity": "2,993 ccm",
    "Power": "390 kW (530 hp)",
    "Drive type": "Internal combustion engine",
    "Fuel": "Petrol",
    "Number of Seats": "5",
    "Door Count": "4/5",
    "Transmission": "Automatic",
    "Emission Class": "Euro6d",
    "Emissions Sticker": "4 (Green)",
    "First Registration": "11/2024",
    "Number of Vehicle Owners": "1",
    "Climatisation": "Automatic climatisation, 2 zones",
    "Parking sensors": "Front, 360° camera, Rear, Self-steering systems",
    "Airbags": "Front and Side and More Airbags",
    "Colour (Manufacturer)": "Saphirschwarz metallic",
    "Colour": "Black Metallic",
    "Interior Design": "Full leather, Black",
    "Weight": "1,940 kg",
    "Cylinders": "6",
    "Tank capacity": "59 l"
  },
  "features": [
    "ABS",
    "Adaptive lighting",
    "Alarm system",
    "Alloy wheels",
    "Ambient lighting",
    "Android Auto",
    "Apple CarPlay",
    "Arm rest",
    "Autom. dimming interior mirror",
    "Blind spot assist",
    "Bluetooth",
    "Cargo barrier",
    "Central locking",
    "Cruise control",
    "DAB radio",
    "Digital cockpit",
    "Electric seat adjustment",
    "Electric side mirror",
    "Electric tailgate",
    "Electric windows",
    "Eletric seat adjustment with memory function",
    "Emergency brake assist",
    "Emergency call system",
    "Emergency tyre repair kit",
    "ESP",
    "Folding exterior mirrors",
    "Four-wheel drive",
    "Full Service History",
    "Hands-free kit",
    "Head-up display",
    "Heated seats",
    "High beam assist",
    "Hill-start assist",
    "Immobilizer",
    "Induction charging for smartphones",
    "Integrated music streaming",
    "Isofix",
    "Keyless central locking",
    "Lane change assist",
    "Leather steering wheel",
    "LED headlights",
    "LED running lights",
    "Light sensor",
    "Lumbar support",
    "Multifunction steering wheel",
    "Navigation system",
    "Non-smoker vehicle",
    "On-board computer",
    "Paddle shifters",
    "Passenger seat Isofix point",
    "Power Steering",
    "Rain sensor",
    "Roof rack",
    "Sound system",
    "Speed limit control system",
    "Sport seats",
    "Sports package",
    "Sports suspension",
    "Start-stop system",
    "Summer tyres",
    "Tinted windows",
    "Touchscreen",
    "Traction control",
    "Traffic sign recognition",
    "Tuner/radio",
    "Tyre pressure monitoring",
    "USB port",
    "Voice control",
    "Warranty",
    "WLAN / Wi-Fi hotspot"
  ]
},
{
  "title": "BMW M3 xDRIVE COMPETITION*280KMH*SITZB*SERVICE INKL*",
  "previewImage": "https://img.classistatic.de/api/v1/mo-prod/images/29/29186222-d1a8-4a72-b958-bd07adee2f49?rule=mo-1600.jpg",
  "category": "EstateCar",
  "brand": "BMW",
  "model": "M3",
  "url": "https://suchen.mobile.de/fahrzeuge/details.html?id=433270102",
  "price.total.amount": 94390,
  "priceRating": {
    "rating": "Very good price",
    "priceRanges": {
      "Very good price": {
        "start": 72601,
        "end": 94400
      },
      "Good price": {
        "start": 94401,
        "end": 101600
      },
      "Fair price": {
        "start": 101601,
        "end": 113000
      },
      "Increased price": {
        "start": 113001,
        "end": 121300
      },
      "High price": {
        "start": 121301,
        "end": 134800
      }
    }
  },
  "description": "1.Hand, unfallfrei, BMW-scheckheftgepflegt(Inspektion neu) !!!\nSERVICE INKLUSIVE 36 MONATE !!!\nSERVICE NEU !!!\nDeutsches Fahrzeug !!! NEU-ZUSTAND !!!\nGerne nehmen wir Ihren Gebrauchtwagen in Zahlung.\n\n\nAussenfarbe: Saphirschwarz-metallic\nInnenausstattung: Volleder Merino Feinnarbe schwarz\nLISTENPREIS INKL. ÜF + SERVICEPAKET ca. 121.000€\n\n\n\nSonderausstattung:\n\nAKTIVE SITZBELÜFTUNG VORN\nBremsanlage: Compound - M Bremssystem (Bremssättel Rot)\nFahrassistenz-System: Driving Assistant Professional\nFahrassistenz-System: Fernlichtassistent\nInnovations-Paket (2)\nLENKRAD HEIZBAR\nM-DRIVERS PACKAGE (VMAX 280 KM/H)\nMetallic-Lackierung\nScheinwerfer BMW Individual Shadow-Line\nSitzbezug / Polsterung: Voll-Leder Merino\nVerglasung Akustikglas\nAblage-Paket\nAdaptives Fahrwerk M-Technic\nAirbag Beifahrerseite abschaltbar, Airbag Fahrer-/Beifahrerseite\nAktives M Differential\nAlarmanlage\nAmbiente-Beleuchtung\nAnhänger-Stabilisierungs-Programm (ASL)\nAusstattungs-Paket: Connected Professional\nAutomatische Stabilitäts-Control (ASC)\nAußenausstattung: Shadow-Line Hochglanz\nAußenausstattung: Shadow-Line Hochglanz (erweiterter Umfang)\nBedienelemente galvanisiert\nBlinkleuchte in Außenspiegel integriert\nBMW Live Cockpit Professional\nCOMPETITION\nDach und Spiegelklappen schwarz lackiert\nDachhimmel Anthrazit (BMW Individual)\nDachreling Hochglanz Shadow-Line\nDiebstahlsicherung für Räder (Felgenschlösser)\nDurchladeeinrichtung (Mittelarmlehne hinten)\nDynamische Stabilitäts-Control (DSC) mit erweiterter Umfang\nDynamische Tractions Control (DTC)\nEinstiegsleisten mit Einleger in Aluminium mit Schriftzug M\nErste Hilfe-Kasten / Verbandkasten\nFahrassistenz-System: Active Guard (Bremsassistent)\nFensterheber elektrisch vorn + hinten\nFreisprecheinrichtung Bluetooth mit USB-/Audio-Schnittstelle\nGepäckraum-Abtrennung (Netz)\nGetriebe Automatik - mit Steptronic und Drivelogic (8-Stufen)\nGetränkehalter\nHeckklappenbetätigung automatisch\nHeckleuchten LED\nInduktionsladeschale für Smartphone (Wireless Charging)\nInnenausstattung: Interieurleisten Alu Rhombicle mit Akzentleiste\nInnenspiegel mit Abblendautomatik\nIsofix-Aufnahmen für Kindersitz\nKarosserie: 5-türig\nKennzeichenbeleuchtung LED\nKlimaautomatik 3-Zonen mit autom. Umluft-Control\nKnieairbag Fahrerseite, Kopf-Airbag-System hinten, Kopf-Airbag-System vorn\nKopfstützen hinten klappbar\nLendenwirbelstütze Sitz vorn links und rechts, elektr. verstellbar\nLenksäule (Lenkrad) mechan. verstellbar\nLeuchtweitenregelung, Lichtassistent (Follow me home)\nBMW M LM-Felgen 19\" + 20\"\nM Drive (Fahrprofilauswahl)\nM Sportdifferenzial\nM Drive Professional (Fahrprofilauswahl)\nM Dachreling Hochglanz Shadow Line\nModellpflege, Motor 3,0 Ltr. - 390 kW 24V TwinPower Turbo (S58)\nMultifunktion für Lenkrad\nOtto-Partikelfilter (OPF)\nParkassistent-Paket\nPersonalisierungssystem (BMW ID)\nPersonalisierungssystem (Personal eSIM)\nRadioempfang digital (DAB+)\nReifen-Reparaturset (Mobility-Pack)\nReifendruck-Kontrollsystem\nReifenpannen-Anzeige\nSchadstoffarm nach Abgasnorm Euro 6e\nSchaltpunktanzeige\nScheinwerfer LED\nSeitenairbag vorn\nService-System: ConnectedDrive Services\nService-System: Gesetzlicher Notruf\nService-System: Intelligenter Notruf inkl. TeleServices\nSicherheitsgurte M\nSitzbezug / Polsterung: Leder Merino\nSitze vorn elektr. verstellbar (mit Memory)\nSitzheizung vorn\nSonnenschutzverglasung (hinten abgedunkelt)\nSound-System Harman-Kardon\nSpiegel-Paket, Sportdifferential\nSportsitze vorn (M-Technic)\nStart/Stop-Anlage (Funktion)\nSteckdose (12V-Anschluß) in Mittelkonsole vorn\nWarndreieck\nWärme-/Sonnenschutzverglasung\netc...(Serienausstattung)\n\n\nIrrtümer und Änderungen vorbehalten !!!",
  "dealerDetails": {
    "id": 452224,
    "name": "HL-Automobile GmbH",
    "sellerType": "Dealer",
    "phones": [
      "+49 (0)9080 585002513"
    ],
    "messengers": {
      "WHATS_APP": "+49 (0)172 9484844"
    },
    "languages": [
      "Deutsch",
      "English"
    ],
    "country": "DE",
    "address": "Im Grundhof 29, DE-86655 Harburg",
    "location": {
      "latitude": 48.7858432,
      "longitude": 10.7041543
    },
    "activeSince": "2004-06-21T00:00:00.000Z",
    "homepageUrl": "https://home.mobile.de/home/redirect.html?customerId=452224",
    "iconUrl": "https://img.classistatic.de/api/v1/mo-prod/images/49/49e227aa-5af9-4e48-9af4-0142d5b2aef4?rule=mo-640.jpg",
    "reviewPageUrl": "https://www.mobile.de/bewertungen/HLAUTO?lang=en",
    "score": {
      "total": 5,
      "responseTime": 5,
      "friendliness": 5,
      "advice": 5
    },
    "activeRatingCount": 20,
    "vehicleAsDescribedPercentage": 100,
    "recommendPercentage": 100,
    "soldVehicleCount": null,
    "reviews": []
  },
  "attributes": {
    "Vehicle condition": "Used vehicle, Accident-free",
    "Category": "Estate car",
    "Model range": "Baureihe M3 Touring (G81N)(07.2024->)",
    "Trim line": "xDrive Competition M",
    "Origin": "German edition",
    "Mileage": "2,900 km",
    "Cubic Capacity": "2,993 ccm",
    "Power": "390 kW (530 hp)",
    "Drive type": "Internal combustion engine",
    "Fuel": "Petrol",
    "Number of Seats": "5",
    "Door Count": "4/5",
    "Transmission": "Automatic",
    "Emission Class": "Euro6c",
    "Emissions Sticker": "4 (Green)",
    "First Registration": "01/2025",
    "Number of Vehicle Owners": "1",
    "HU": "01/2028",
    "Climatisation": "Automatic climatisation, 3 zones",
    "Parking sensors": "Rear, Front, Self-steering systems, 360° camera",
    "Airbags": "Front and Side and More Airbags",
    "Colour (Manufacturer)": "SAPHIRSCHWARZ-METALLIC",
    "Colour": "Black Metallic",
    "Interior Design": "Full leather, Black",
    "Weight": "1,940 kg",
    "Date of last service (date)": "06/2025",
    "Last service (mileage)": "2,000 km",
    "Cylinders": "6",
    "Tank capacity": "59 l"
  },
  "features": [
    "ABS",
    "Adaptive cornering lights",
    "Adaptive Cruise Control",
    "Air suspension",
    "Alarm system",
    "Alloy wheels",
    "Ambient lighting",
    "Android Auto",
    "Apple CarPlay",
    "Arm rest",
    "Autom. dimming interior mirror",
    "Blind spot assist",
    "Bluetooth",
    "Cargo barrier",
    "Central locking",
    "DAB radio",
    "Digital cockpit",
    "Distance warning system",
    "Dynamic chassis control",
    "Electric seat adjustment",
    "Electric side mirror",
    "Electric tailgate",
    "Electric windows",
    "Eletric seat adjustment with memory function",
    "Emergency brake assist",
    "Emergency call system",
    "Emergency tyre repair kit",
    "ESP",
    "Fatigue warning system",
    "Fog lamp",
    "Folding exterior mirrors",
    "Four-wheel drive",
    "Full Service History",
    "Glare-free high beam headlights",
    "Hands-free kit",
    "Headlight washer system",
    "Head-up display",
    "Heated seats",
    "Heated steering wheel",
    "High beam assist",
    "Hill-start assist",
    "Immobilizer",
    "Induction charging for smartphones",
    "Integrated music streaming",
    "Isofix",
    "Keyless central locking",
    "Lane change assist",
    "Leather steering wheel",
    "LED headlights",
    "LED running lights",
    "Light sensor",
    "Lumbar support",
    "Multifunction steering wheel",
    "Navigation system",
    "New service",
    "Non-smoker vehicle",
    "On-board computer",
    "Paddle shifters",
    "Particulate filter",
    "Passenger seat Isofix point",
    "Power Steering",
    "Rain sensor",
    "Roof rack",
    "Seat ventilation",
    "Sound system",
    "Speed limit control system",
    "Sport seats",
    "Sports package",
    "Sports suspension",
    "Start-stop system",
    "Summer tyres",
    "Tinted windows",
    "Touchscreen",
    "Traction control",
    "Traffic sign recognition",
    "Tuner/radio",
    "Tyre pressure monitoring",
    "USB port",
    "Voice control",
    "Warranty",
    "Winter package",
    "WLAN / Wi-Fi hotspot"
  ]
},
{
  "title": "BMW M3 Competition M xDrive Touring Navi Harman/K",
  "previewImage": "https://img.classistatic.de/api/v1/mo-prod/images/dc/dcf4149b-71bc-4ef0-8757-1bd1626ff211?rule=mo-1600.jpg",
  "category": "EstateCar",
  "brand": "BMW",
  "model": "M3",
  "url": "https://suchen.mobile.de/fahrzeuge/details.html?id=434250183",
  "price.total.amount": 94895,
  "priceRating": {
    "rating": "Good price",
    "priceRanges": {
      "Very good price": {
        "start": 69001,
        "end": 89600
      },
      "Good price": {
        "start": 89601,
        "end": 96500
      },
      "Fair price": {
        "start": 96501,
        "end": 107400
      },
      "Increased price": {
        "start": 107401,
        "end": 115200
      },
      "High price": {
        "start": 115201,
        "end": 128100
      }
    }
  },
  "description": "Antrieb, Fahrwerk\nAdaptives M Fahrwerk\nAllrad\nM Sportdifferenzial\n\nAußenausstattung\nDachreling Hochglanz Shadow-Line\nHeckklappenbetätigung automatisch\nLM-Felgen\nSonnenschutzverglasung (hinten abgedunkelt)\n\nEditionen und Pakete\nAblagenpaket\nConnected Package Professional (laufzeitgebundener Dienst)\nConnectedDrive Services (laufzeitgebundener Dienst)\nGepäckraum-Paket\nInnovations-Paket (2)\n\nExterieur\nDach und Spiegelkappen schwarz\n\nFahrerassistenz\nFahrassistenz-System: Driving Assistant\nGeschwindigkeitsregelung mit Bremsfunktion\nGesetzlicher Notruf\nParking Assistant\nTeleservices\n\nIndividualumfänge\nM Dachreling Hochglanz Shadow Line\nM Hochglanz Shadow Line\nM Hochglanz Shadow Line mit erweiterten Umfängen\n\nKomfort, Innenausstattung\nAmbiente-Beleuchtung\nAußenspiegel elektr. anklappbar\nBMW Live Cockpit Professional\nDurchladeeinrichtung (Mittelarmlehne hinten)\nDurchladesystem\nEinparkhilfe selbstlenkendes System\nFahrassistenz-System: Einparkhilfe Seite\nFahrassistenz-System: Park-Assistent\nFensterheber elektrisch vorn + hinten\nFensterheber, elektrisch\nFondkopfstützen klappbar\nFreisprecheinrichtung Bluetooth mit USB-/Audio-Schnittstelle\nGalvanikapplikation für Bedienelemente\nGeschwindigkeits-Begrenzeranlage (Speed Limit Device)\nGeschwindigkeits-Regelanlage mit Bremsfunktion\nHead-up-Display Full Color\nInduktionsladeschale für Smartphone (Wireless Charging)\nInnen- und Außenspiegelpaket\nInnenausstattung: Interieurleisten Carbon\nInnenspiegel mit Abblendautomatik\nIsofix-Aufnahmen für Kindersitz\nKlimaautomatik\nKlimaautomatik 3-Zonen mit autom. Umluft-Control\nKomfortzugang (Öffnungs- und Schließsystem)\nLendenwirbelstütze Sitz vorn links und rechts, elektr. verstellbar\nLenkrad (Leder) mit Multifunktion M-Technic\nLenkrad (M Sport, Alcantara)\nLenkrad heizbar\nLicht- und Regensensor\nM Schalensitze Carbon\nM Sicherheitsgurte\nMultifunktion für Lenkrad\nParkassistent-Paket\nRadioempfang digital (DAB+)\nRückfahrkamera\nScheibenwischer mit Regensensor\nService-System: Augmented Reality für Navigation\nService-System: WiFi-Direct\nSitze vorn elektr. verstellbar (mit Memory)\nSitzheizung für Fahrer und Beifahrer\nSitzheizung vorn\nSitzverstellung elektrisch mit Memory für Fahrersitz\nSkisack\nSonnenschutzverglasung\nSound-System Harman-Kardon\nStart/Stop-Anlage (Funktion)\nZentralverriegelung mit Diebstahlsicherung und Crashsensor\n\nMultimedia\nBMW Live Cockpit Professional (laufzeitgebundener Dienst)\nDAB Tuner\nFreisprecheinrichtung\nHarman Kardon Surround Sound System\nNavigationssystem\nTelefon\n\nRäder\n19\"/20\" M Schmiederäder Doppelspeiche 826 M Schwarz / MB\nRadschraubensicherung\n\nSicherheit/Umwelt\nAdaptives Fahrwerk M-Technic\nAirbag Beifahrerseite abschaltbar\nAirbag Fahrer-/Beifahrerseite\nAlarmanlage\nAnti-Blockier-System (ABS)\nAntriebsart: Allradantrieb\nAntriebsart: xDrive (Allrad)\nDynamische Stabilitäts-Control (DSC)\nDynamische Stabilitäts-Control (DSC) mit erweiterter Umfang\nFahrassistenz-System: Active Guard (Bremsassistent)\n\nSitzbezug\nLeder Merino Schwarz/Schwarz\n\nSonstiges\nAblage für Wireless Charging\nABS\nActive Guard\nActive Protection\nAdaptiver LED-Scheinwerfer\nBMW Digital Key\nBremsanlage: Compound - M Bremssystem (Bremssättel Schwarz)\nCOC Zusatzumfänge\nDriving Assistant\nElektrisch verstellbare Spiegel\nFahrassistenz-System: Frontkollisionswarnung\nFahrassistenz-System: Heckaufprall-Vermeidung (Prävention Heckkollision)\nFahrassistenz-System: Querverkehrs-Assistent\nFahrassistenz-System: Spurwechselassistent\nFahrassistenz-System: Spurwechsel-Warnsystem\nFahrerairbag\nFernlichtassistent\nGepäckraumpaket\nInnovationspaket\nKomfortzugang\nLeder\nLenkradheizung\nM Alcantaralenkrad\nM Carbon Schalensitze\nM Compound-Bremse, schwarz hochglänzend\nM Drive Professional\nM Interieurleisten 'Carbon Fibre'\nM Leuchten Shadow Line\nMetallic-Lackierung\nMultifunktionslenkrad\nÖlwartungsintervall 24 Monate/30.000 km\nPersonal eSIM \nReifenreparatur-Set\nScheinwerfer BMW Individual Shadow-Line\nSeitenairbag\nSitzbezug / Polsterung: Leder Merino Schwarz\nSportfahrwerk\nSportsitze\nSteuerung D\nSteuerung FAS 18\nZentralverriegelung\n\nUmwelt, Sicherheit\nAbgasnorm EU6 RDE II\nAktiver Fußgängerschutz\nAlarmanlage mit Fernbedienung\nBeifahrerairbag\nBeifahrerairbag-Deaktivierung\nESP\nFahrassistenz-System: Fernlichtassistent\nInnenspiegel automatisch abblendend\nKindersitzbefestigung ISOFIX\nLED-Scheinwerfer\nPASM\nRegensensor\nReifendruck-Kontrolle\nScheinwerfer LED mit adaptiver Lichtverteilung\nSicherheitssystem Active Protection\nTraction Control\nWarndreieck\n\nFinanzierungsbeispiel\n\nMtl. Finanzierungsrate: 1.019,00 EUR\nAnzahlung: 19.059,28 EUR\nLaufzeit: 36 Monate\nZielrate: 48.396,45 EUR\nNettodarlehensbetrag: 75.835,72 EUR\nSollzinssatz p.a.: 4,40% (gebunden für die gesamte Vertragslaufzeit)\nEffektiver Jahreszins: 4,49%\nGesamtbetrag: 84.061,45 EUR\nEin unverbindliches Finanzierungsbeispiel der BMW Bank GmbH, Lilienthalallee 26, 80939 München.\n\n\nBrutto-Neupreis : 118.020,00 EUR\n\nEhemaliger Listenpreis: 118.020 EURIrrtümer und Zwischenverkauf vorbehalten.",
  "dealerDetails": {
    "id": 461419,
    "name": "Bayerische Motoren Werke Aktiengesellschaft - BMW Niederlassung Nürnberg",
    "sellerType": "Dealer",
    "phones": [
      "+49 (0)911 4777950958"
    ],
    "languages": [
      "Deutsch",
      "English",
      "Română",
      "Türkçe"
    ],
    "country": "DE",
    "address": "Max-Ottenstein-Strasse 1, DE-90441 Nürnberg",
    "location": {
      "latitude": 49.43096999999999,
      "longitude": 11.041609
    },
    "activeSince": "2003-05-19T00:00:00.000Z",
    "homepageUrl": "https://home.mobile.de/home/redirect.html?customerId=461419",
    "iconUrl": "https://img.classistatic.de/api/v1/mo-prod/images/ab/ab8115eb-1313-4152-b3c1-529bb4deaab9?rule=mo-640.jpg",
    "reviewPageUrl": "https://www.mobile.de/bewertungen/BMW-GROUP-NUERNBERG?lang=en",
    "score": {
      "total": 4.5,
      "responseTime": 4.5,
      "friendliness": 4.5,
      "advice": 4.3
    },
    "activeRatingCount": 48,
    "vehicleAsDescribedPercentage": 92,
    "recommendPercentage": 89,
    "soldVehicleCount": null,
    "reviews": []
  },
  "attributes": {
    "Vehicle condition": "Used vehicle",
    "Category": "Estate car, Employee's Car",
    "Model range": "G81N",
    "Trim line": "M xDrive Touring Navi Harman/K",
    "Vehicle Number": "NX525175",
    "Availability": "Now",
    "Origin": "German edition",
    "Mileage": "9,386 km",
    "Cubic Capacity": "2,993 ccm",
    "Power": "390 kW (530 hp)",
    "Drive type": "Internal combustion engine",
    "Fuel": "Petrol, E10-enabled",
    "CO₂ class": "Based on CO₂ emissions (combined)",
    "Fuel consumption": [
      "10.4 l/100km (combined)",
      "15.8 l/100km (city)",
      "10.3 l/100km (suburban)",
      "8.8 l/100km (country road)",
      "9.8 l/100km (motorway)"
    ],
    "Energy costs for 15,000 km annual mileage": "€0/Year",
    "Fuel price": "€1.80/l (annual average 2024)",
    "Possible CO₂ costs over the next 10 years (15,000 km/year)": [
      "€0 (assuming an average CO₂ price of €127/t)",
      "€0 (assuming a low average CO₂ price of €60/t)",
      "€0 (assuming a high average CO₂ price of €200/t)"
    ],
    "Vehicle tax": "€480/Year",
    "Number of Seats": "5",
    "Door Count": "4/5",
    "Transmission": "Automatic",
    "Emission Class": "Euro6",
    "Emissions Sticker": "4 (Green)",
    "First Registration": "02/2025",
    "Construction Year": "2025",
    "Number of Vehicle Owners": "1",
    "HU": "02/2028",
    "Climatisation": "Automatic climatisation, 3 zones",
    "Parking sensors": "Front, Self-steering systems, Rear, Camera",
    "Airbags": "Front and Side and More Airbags",
    "Colour (Manufacturer)": "M Isle of Man Grün",
    "Colour": "Green Metallic",
    "Interior Design": "Full leather, Black",
    "Weight": "1,940 kg",
    "Cylinders": "6",
    "Tank capacity": "59 l",
    "Energy consumption (comb.)": "10.4 l/100km",
    "CO₂ emissions (comb.)": "235 g/km"
  },
  "features": [
    "ABS",
    "Adaptive lighting",
    "Alarm system",
    "Alloy wheels",
    "Ambient lighting",
    "Arm rest",
    "Autom. dimming interior mirror",
    "Blind spot assist",
    "Bluetooth",
    "Cargo barrier",
    "Central locking",
    "Cruise control",
    "DAB radio",
    "Digital cockpit",
    "Distance warning system",
    "Dynamic chassis control",
    "Electric seat adjustment",
    "Electric side mirror",
    "Electric tailgate",
    "Electric windows",
    "Eletric seat adjustment with memory function",
    "Emergency brake assist",
    "Emergency call system",
    "ESP",
    "Four-wheel drive",
    "Glare-free high beam headlights",
    "Hands-free kit",
    "Head-up display",
    "Heated seats",
    "Heated steering wheel",
    "High beam assist",
    "Hill-start assist",
    "Immobilizer",
    "Induction charging for smartphones",
    "Isofix",
    "Keyless central locking",
    "Lane change assist",
    "Leather steering wheel",
    "LED headlights",
    "LED running lights",
    "Light sensor",
    "Lumbar support",
    "Multifunction steering wheel",
    "Navigation system",
    "On-board computer",
    "Particulate filter",
    "Power Steering",
    "Rain sensor",
    "Roof rack",
    "Ski bag",
    "Sound system",
    "Speed limit control system",
    "Sport seats",
    "Sports suspension",
    "Start-stop system",
    "Tinted windows",
    "Touchscreen",
    "Traction control",
    "Tuner/radio",
    "Tyre pressure monitoring",
    "USB port",
    "Voice control",
    "Warranty",
    "WLAN / Wi-Fi hotspot"
  ]
},
{
  "title": "BMW M3 Competition / Schalensitze / XPEL Lackschutz",
  "previewImage": "https://img.classistatic.de/api/v1/mo-prod/images/40/405e3153-387a-42f7-94cc-b8a080fb5778?rule=mo-1600.jpg",
  "category": "EstateCar",
  "brand": "BMW",
  "model": "M3",
  "url": "https://suchen.mobile.de/fahrzeuge/details.html?id=434283034",
  "price.total.amount": 94900,
  "priceRating": {
    "rating": "Fair price",
    "priceRanges": {
      "Very good price": {
        "start": 67101,
        "end": 87300
      },
      "Good price": {
        "start": 87301,
        "end": 94000
      },
      "Fair price": {
        "start": 94001,
        "end": 104500
      },
      "Increased price": {
        "start": 104501,
        "end": 112200
      },
      "High price": {
        "start": 112201,
        "end": 124700
      }
    }
  },
  "description": "Zum Verkauf steht mein neuwertiger M3 Competition Touring X-Drive G81 (Neuwagengarantie bis November 2026) in der Individuallackierung Dravitgrau mit Carbon-Schalensitzen. \n\nDas Fahrzeug befindet sich optisch (unfall- und nachlackierungsfrei) sowie technisch in tadellosem Zustand. \nNach der Auslieferung wurde direkt eine XPEL-Steinschlagschutzfolie im Frontbereich (Stoßstange, Motorhaube, Kotflügel und Seitenspiegel) aufgebracht, um den Lack bestmöglich zu schützen. Außerdem wurde das Auto nur von Hand gewaschen und stand immer in einer Garage. \n\nEs wurde nach Werksvorgabe eingefahren und bei 1944km die Einfahrkontrolle bei einer BMW Niederlassung durchgeführt.\n\nEine Launch-Control, sowie das Ausschalten der X-Drive Funktion hat nie stattgefunden. \n\n\nBesonders hervorzuheben sind die Carbon-Schalensitze in silverstone-schwarz in Verbindung mit dem belederten Amaturenbrett und den Carbon Interieurleisten. Die Einstiegswangen sind durch spezielle Schoner geschützt und es ist keinerlei Abnutzung erkennbar. Außerdem ist der M3 mit allen Fahrassistenzsystemen ausgestattet (Driving-Assistent-Professional, ACC, HUD, 360 Grad-Kamera). \nInnovationspaket, Harman/Kardon, Shadowline Scheinwerfer, Lenkradheizung, Instrumententafel Luxury usw. \n\nDas Fahrzeug ist angemeldet (Km können abweichen).\n\nMwSt ist nicht ausweisbar, da Privatverkauf. \n\nBei Rückfragen gerne schreiben.",
  "dealerDetails": {
    "id": 5196558,
    "name": "Marcel Fenn",
    "sellerType": "Private Seller",
    "country": "DE",
    "address": "DE-81475 München",
    "location": {
      "latitude": 48.0915079,
      "longitude": 11.480529
    },
    "iconUrl": null,
    "reviewPageUrl": null,
    "score": null,
    "activeRatingCount": null,
    "vehicleAsDescribedPercentage": null,
    "recommendPercentage": null,
    "soldVehicleCount": null,
    "reviews": []
  },
  "attributes": {
    "Vehicle condition": "Used vehicle, Accident-free",
    "Category": "Estate car, Employee's Car",
    "Mileage": "5,900 km",
    "Cubic Capacity": "2,993 ccm",
    "Power": "390 kW (530 hp)",
    "Drive type": "Internal combustion engine",
    "Fuel": "Petrol",
    "Number of Seats": "5",
    "Door Count": "4/5",
    "Transmission": "Automatic",
    "Emission Class": "Euro 6e",
    "Emissions Sticker": "4 (Green)",
    "First Registration": "11/2024",
    "Number of Vehicle Owners": "1",
    "HU": "11/2027",
    "Climatisation": "Automatic climatisation, 3 zones",
    "Parking sensors": "360° camera, Front, Self-steering systems, Rear",
    "Airbags": "Front and Side and More Airbags",
    "Colour": "Grey Metallic",
    "Interior Design": "Full leather, Other"
  },
  "features": [
    "ABS",
    "Adaptive cornering lights",
    "Adaptive Cruise Control",
    "Alarm system",
    "Alloy wheels",
    "Ambient lighting",
    "Android Auto",
    "Apple CarPlay",
    "Arm rest",
    "Autom. dimming interior mirror",
    "Blind spot assist",
    "Bluetooth",
    "Cargo barrier",
    "Central locking",
    "DAB radio",
    "Digital cockpit",
    "Distance warning system",
    "Electric seat adjustment",
    "Electric side mirror",
    "Electric tailgate",
    "Electric windows",
    "Emergency brake assist",
    "Emergency call system",
    "Emergency tyre repair kit",
    "ESP",
    "Fatigue warning system",
    "Four-wheel drive",
    "Full Service History",
    "Glare-free high beam headlights",
    "Hands-free kit",
    "Head-up display",
    "Heated seats",
    "Heated steering wheel",
    "High beam assist",
    "Hill-start assist",
    "Immobilizer",
    "Induction charging for smartphones",
    "Integrated music streaming",
    "Isofix",
    "Keyless central locking",
    "Lane change assist",
    "Leather steering wheel",
    "LED running lights",
    "Light sensor",
    "Lumbar support",
    "Multifunction steering wheel",
    "Navigation system",
    "Non-smoker vehicle",
    "On-board computer",
    "Paddle shifters",
    "Particulate filter",
    "Power Steering",
    "Rain sensor",
    "Roof rack",
    "Sound system",
    "Speed limit control system",
    "Sport seats",
    "Sports package",
    "Sports suspension",
    "Start-stop system",
    "Summer tyres",
    "Touchscreen",
    "Traction control",
    "Traffic sign recognition",
    "Tuner/radio",
    "Tyre pressure monitoring",
    "USB port",
    "Voice control",
    "Warranty",
    "WLAN / Wi-Fi hotspot"
  ]
},
{
  "title": "BMW M3 Touring Competition xDrive Inno, LED, Carbon",
  "previewImage": "https://img.classistatic.de/api/v1/mo-prod/images/cc/ccf40bf9-ed4f-4198-9f41-7f212ef4e0ef?rule=mo-1600.jpg",
  "category": "EstateCar",
  "brand": "BMW",
  "model": "M3",
  "url": "https://suchen.mobile.de/fahrzeuge/details.html?id=434039937",
  "price.total.amount": 94750,
  "priceRating": {
    "rating": "Good price",
    "priceRanges": {
      "Very good price": {
        "start": 69901,
        "end": 90900
      },
      "Good price": {
        "start": 90901,
        "end": 97900
      },
      "Fair price": {
        "start": 97901,
        "end": 108900
      },
      "Increased price": {
        "start": 108901,
        "end": 116900
      },
      "High price": {
        "start": 116901,
        "end": 129900
      }
    }
  },
  "description": "M3 Touring Competition xDrive in sportlich eleganter Farbgebung (blau/hellgrau) und umfangreicher vollausstattung. Extrem gepflegt und nahezu im Neuzustand.\n\nDie Highlights:\nDeutsches Auto\n1. Hand\nGeringe Laufleistung\n8-fach bereift (Radsatz Winterräder schwarz, orig. BMW)\nBMW Live-Cockpit Professional\nHarman/Kardon Soundsystem\nSitzlüftung\nAssistenzsysteme\nInnovationspaket (2)\nLichtassistent\nLED Scheinwerfer\nGRAIL Auspuffanlage - mit dezentem Klang\n\n\n_____________________________________________\n\nSonderausstattung:\nAktive Sitzbelüftung vorn, Fahrassistenz-System: Fernlichtassistent, Gepäckraum-Paket, Innenausstattung: Interieurleisten Carbon, Innovations-Paket (2), Instrumententafel Luxury, Lenkrad heizbar, Parkassistent-Paket Plus, Sitzbezug / Polsterung: Leder Merino Silverstone/Schwarz, Sonnenschutzrollo an Türscheiben hinten\n\nWeitere Ausstattung:\nAblage-Paket, Adaptives Fahrwerk M-Technic, Airbag Beifahrerseite abschaltbar, Airbag Fahrer-/Beifahrerseite, Aktives M Differential, Ambiente-Beleuchtung, Ausstattungs-Paket: Connected Professional, Automatische Stabilitäts-Control (ASC), Außenausstattung: Shadow-Line Hochglanz, Außenausstattung: Shadow-Line Hochglanz (erweiterter Umfang), Bedienelemente galvanisiert, Blinkleuchte in Außenspiegel integriert, BMW Live Cockpit Professional, Competition, Dach schwarz lackiert, Dachhimmel Anthrazit (BMW Individual), Dachreling Hochglanz Shadow-Line, Diebstahlsicherung für Räder (Felgenschlösser), Durchladeeinrichtung (Mittelarmlehne hinten), Dynamische Stabilitäts-Control (DSC) mit erweiterter Umfang, Dynamische Tractions Control (DTC), Einstiegsleisten mit Einleger in Aluminium mit Schriftzug M, Erste Hilfe-Kasten / Verbandkasten, Fahrassistenz-System: Active Guard (Bremsassistent), Fensterheber elektrisch vorn + hinten, Freisprecheinrichtung Bluetooth mit USB-/Audio-Schnittstelle, Gepäckraum-Abtrennung (Netz), Getriebe Automatik - mit Steptronic und Drivelogic (8-Stufen), Getränkehalter, Heckklappenbetätigung automatisch, Heckleuchten LED, Induktionsladeschale für Smartphone (Wireless Charging), Innenausstattung: Interieurleisten Alu Rhombicle mit Akzentleiste, Innenspiegel mit Abblendautomatik, Isofix-Aufnahmen für Kindersitz, Karosserie: 5-türig, Kennzeichenbeleuchtung LED, Klimaautomatik 3-Zonen mit autom. Umluft-Control, Knieairbag Fahrerseite, Kopf-Airbag-System hinten, Kopf-Airbag-System vorn, Kopfstützen hinten klappbar, Lendenwirbelstütze Sitz vorn links und rechts, elektr. verstellbar, Lenksäule (Lenkrad) mechan. verstellbar, Leuchtweitenregelung, Lichtassistent (Follow me home), LM-Felgen, M Drive (Fahrprofilauswahl), M Drive Professional (Fahrprofilauswahl), Modellpflege, Motor 3,0 Ltr. - 390 kW 24V TwinPower Turbo (S58), Multifunktion für Lenkrad, Otto-Partikelfilter (OPF), Personalisierungssystem (BMW ID), Personalisierungssystem (Personal eSIM), Radioempfang digital (DAB+), Reifen-Reparaturset (Mobility-Pack), Reifendruck-Kontrollsystem, Reifenpannen-Anzeige, Schadstoffarm nach Abgasnorm Euro 6e, Schaltpunktanzeige, Scheinwerfer LED, Seitenairbag vorn, Service-System: ConnectedDrive Services, Service-System: Gesetzlicher Notruf, Service-System: Intelligenter Notruf inkl. TeleServices, Sicherheitsgurte M, Sitzbezug / Polsterung: Leder Merino, Sitze vorn elektr. verstellbar (mit Memory), Sitzheizung vorn, Sonnenschutzverglasung (hinten abgedunkelt), Sound-System Harman-Kardon, Spiegel-Paket, Sportdifferential, Sportsitze vorn (M-Technic), Start/Stop-Anlage (Funktion), Steckdose (12V-Anschluß) in Mittelkonsole vorn, Warndreieck, Wärme-/Sonnenschutzverglasung\n\n\n_____________________________________________\n\n\nZwischenverkauf und Irrtümer für dieses Angebot sind ausdrücklich vorbehalten. Die Fahrzeugbeschreibung dient lediglich der allgemeinen Identifizierung des Fahrzeuges und stellt keine Gewährleistung im kaufrechtlichen Sinne dar. Ausschlaggebend sind einzig und allein die Vereinbarungen in der Auftragsbestätigung oder im Kaufvertrag.\n\nARS AD VIAM UG\nLEIDENSCHAFTLICH, ANSPRUCHSVOLL, PERSÖNLICH\n\nHANDEL\nKOMMISSIONSVERKAUF\nFAHRZEUGSUCHE\nLEASING & FINANZIERUNG\nGARANTIE\n\nBesichtigungstermine bitten wir, vorab telefonisch zu vereinbaren - wir möchten uns für Sie Zeit nehmen.\nBesichtigungstermine auch am Wochenende möglich!\n\nSo erreichen Sie uns:\nMobil: +49 172 8331787\nMail: info@arsadviam.de",
  "dealerDetails": {
    "id": 30943203,
    "name": "ARS AD VIAM UG (haftungsbeschränkt)",
    "sellerType": "Dealer",
    "phones": [
      "+49 (0)8121 767010581"
    ],
    "messengers": {
      "WHATS_APP": "+49 (0)172 8331787"
    },
    "languages": [
      "Deutsch",
      "English"
    ],
    "country": "DE",
    "address": "Gewerbepark 8e, DE-85646 Anzing",
    "location": {
      "latitude": 48.1605718,
      "longitude": 11.854664
    },
    "activeSince": "2023-02-03T00:00:00.000Z",
    "homepageUrl": "https://home.mobile.de/home/redirect.html?customerId=30943203",
    "iconUrl": "https://img.classistatic.de/api/v1/mo-prod/images/f0/f02ef548-01e9-4c98-82fe-0f545a244785?rule=mo-640.jpg",
    "reviewPageUrl": "https://www.mobile.de/bewertungen/ARSADVIAMUGHAFTUNGSBESCHRAENKT?lang=en",
    "score": {
      "total": 5,
      "responseTime": 4.9,
      "friendliness": 5,
      "advice": 5
    },
    "activeRatingCount": 8,
    "vehicleAsDescribedPercentage": 100,
    "recommendPercentage": 100,
    "soldVehicleCount": null,
    "reviews": []
  },
  "attributes": {
    "Vehicle condition": "Used vehicle, Accident-free",
    "Category": "Estate car",
    "Model range": "Baureihe M3 Touring (G81N)(07.2024->)",
    "Trim line": "xDrive Competition M",
    "Availability": "Now",
    "Origin": "German edition",
    "Mileage": "3,656 km",
    "Cubic Capacity": "2,993 ccm",
    "Power": "390 kW (530 hp)",
    "Drive type": "Internal combustion engine",
    "Fuel": "Petrol",
    "Number of Seats": "5",
    "Door Count": "4/5",
    "Transmission": "Automatic",
    "Emission Class": "Euro6",
    "Emissions Sticker": "4 (Green)",
    "First Registration": "08/2024",
    "Number of Vehicle Owners": "1",
    "HU": "08/2027",
    "Climatisation": "Automatic climatisation, 3 zones",
    "Parking sensors": "Rear, Camera, Front",
    "Airbags": "Front and Side and More Airbags",
    "Colour (Manufacturer)": "M PORTIMAO BLAU",
    "Colour": "Blue Metallic",
    "Interior Design": "Full leather, Other",
    "Weight": "1,940 kg",
    "Cylinders": "6",
    "Tank capacity": "59 l"
  },
  "features": [
    "ABS",
    "Adaptive cornering lights",
    "Adaptive Cruise Control",
    "Alarm system",
    "Alloy wheels",
    "Ambient lighting",
    "Apple CarPlay",
    "Arm rest",
    "Autom. dimming interior mirror",
    "Blind spot assist",
    "Bluetooth",
    "Cargo barrier",
    "Central locking",
    "DAB radio",
    "Digital cockpit",
    "Distance warning system",
    "Dynamic chassis control",
    "Electric seat adjustment",
    "Electric side mirror",
    "Electric tailgate",
    "Electric windows",
    "Eletric seat adjustment with memory function",
    "Emergency brake assist",
    "Emergency call system",
    "Emergency tyre repair kit",
    "ESP",
    "Fog lamp",
    "Folding exterior mirrors",
    "Four-wheel drive",
    "Full Service History",
    "Glare-free high beam headlights",
    "Hands-free kit",
    "Headlight washer system",
    "Head-up display",
    "Heated seats",
    "Heated steering wheel",
    "High beam assist",
    "Hill-start assist",
    "Induction charging for smartphones",
    "Integrated music streaming",
    "Isofix",
    "Keyless central locking",
    "Lane change assist",
    "Leather steering wheel",
    "LED headlights",
    "LED running lights",
    "Light sensor",
    "Lumbar support",
    "Multifunction steering wheel",
    "Navigation preparation",
    "Navigation system",
    "Non-smoker vehicle",
    "On-board computer",
    "Paddle shifters",
    "Particulate filter",
    "Power Steering",
    "Rain sensor",
    "Rear traffic alert",
    "Roof rack",
    "Seat ventilation",
    "Smoker's package",
    "Sound system",
    "Speed limit control system",
    "Sport seats",
    "Sports package",
    "Sports suspension",
    "Start-stop system",
    "Summer tyres",
    "Tinted windows",
    "Touchscreen",
    "Traction control",
    "Traffic sign recognition",
    "Tuner/radio",
    "Tyre pressure monitoring",
    "USB port",
    "Voice control",
    "Warranty",
    "Winter tyres",
    "WLAN / Wi-Fi hotspot"
  ]
},
{
  "title": "BMW M3  | Akrapovic | Keramik | Competition Touring",
  "previewImage": "https://img.classistatic.de/api/v1/mo-prod/images/c8/c8d4e36e-ca21-4766-ab21-4a4c134145a0?rule=mo-1600.jpg",
  "category": "EstateCar",
  "brand": "BMW",
  "model": "M3",
  "url": "https://suchen.mobile.de/fahrzeuge/details.html?id=433341940",
  "price.total.amount": 92500,
  "priceRating": {
    "rating": "Fair price",
    "priceRanges": {
      "Very good price": {
        "start": 60901,
        "end": 79200
      },
      "Good price": {
        "start": 79201,
        "end": 85300
      },
      "Fair price": {
        "start": 85301,
        "end": 94800
      },
      "Increased price": {
        "start": 94801,
        "end": 101800
      },
      "High price": {
        "start": 101801,
        "end": 113100
      }
    }
  },
  "description": "Verkaufstext\n\nVerkaufe hier meinen traumhaften BMW M3 Competition Touring mit M xDrive.\nLackiert ab Werk in der einzigartigen Farbe Individual Twilight Purple Metallic Perleffekt.\n\nDas Fahrzeug wurde erst im Mai 2024 von mir als Erstbesitz zugelassen.\nDirekt im Anschluss hat es eine professionelle Keramikversiegelung erhalten.\nVersiegelt wurde das Fahrzeug selbst, Frontscheibe, Bremssättel & Felgen.\n\nDes Weiteren habe ich noch eine Akrapovic Evolution Line Titan Abgasanlage & H&R Spurverbreiterung verbaut.\n(Neupreis über 8.000€). Alles Eintragungsfrei mit ABE. Originalteile selbstverständlich vorhanden.\n\nEin nahezu neuwertiger BMW Winterradsatz ist ebenfalls vorhanden. \n(M Doppelspeiche 829 in Schwarz Matt)\n\nDurch die 3 Jahre Werkgarantie besteht kein Risiko im Privatkauf!!! Einsteigen & Spaß haben. Der ist Garantiert!\n\n\nSonderausstattung ab Werk:\n\n- Lenkradheizung\n- Akustikverglasung\n- M Compound- Bremse, schwarz hochglänzend\n- M Leuchten Shadow Line\n- Sonnenschutzverglasung\n- Aktive Sitzbelüftung vorn\n- M Sicherheitsgurte\n- Parking Assistant Plus\n- Harman Karton Surround Sound System\n- BMW Drive Recorder\n- BMW Live Cockpit Professional \n- M Carbon Exterieurpaket\n- M Drivers Package\n- Innovationspaket\n- —> Komfortzugang\n- —> Fernlichtassistent\n- —> Driving Assistant Professional\n- —> BMW Laserlicht\n- Dekodierung Zusatzfunktionen\n\n\nBei Fragen GERNE melden.\nGanz liebe Grüße aus dem Westerwald.\n\nDie Mehrwertsteuer ist NICHT ausweisbar.\nPrivateigentum.",
  "dealerDetails": {
    "id": 6121098,
    "sellerType": "Private Seller",
    "country": "DE",
    "address": "DE-57647 Nistertal",
    "location": {
      "latitude": 50.62637985312083,
      "longitude": 7.886810302734375
    },
    "iconUrl": null,
    "reviewPageUrl": null,
    "score": null,
    "activeRatingCount": null,
    "vehicleAsDescribedPercentage": null,
    "recommendPercentage": null,
    "soldVehicleCount": null,
    "reviews": []
  },
  "attributes": {
    "Vehicle condition": "Used vehicle, Accident-free",
    "Category": "Estate car",
    "Mileage": "14,950 km",
    "Cubic Capacity": "2,993 ccm",
    "Power": "375 kW (510 hp)",
    "Drive type": "Internal combustion engine",
    "Fuel": "Petrol",
    "Number of Seats": "5",
    "Door Count": "4/5",
    "Transmission": "Automatic",
    "Emissions Sticker": "4 (Green)",
    "First Registration": "05/2024",
    "Number of Vehicle Owners": "1",
    "HU": "05/2027",
    "Climatisation": "Automatic climatisation, 3 zones",
    "Parking sensors": "Rear, 360° camera, Front, Self-steering systems",
    "Colour": "Purple Metallic",
    "Interior Design": "Full leather, Black"
  },
  "features": [
    "ABS",
    "Adaptive cornering lights",
    "Adaptive Cruise Control",
    "Alarm system",
    "Alloy wheels",
    "Ambient lighting",
    "Android Auto",
    "Apple CarPlay",
    "Arm rest",
    "Autom. dimming interior mirror",
    "Blind spot assist",
    "Bluetooth",
    "Cargo barrier",
    "Central locking",
    "DAB radio",
    "Digital cockpit",
    "Distance warning system",
    "Electric seat adjustment",
    "Electric side mirror",
    "Electric tailgate",
    "Electric windows",
    "Emergency brake assist",
    "Emergency call system",
    "ESP",
    "Fatigue warning system",
    "Four-wheel drive",
    "Full Service History",
    "Head-up display",
    "Heated seats",
    "Heated steering wheel",
    "High beam assist",
    "Hill-start assist",
    "Induction charging for smartphones",
    "Isofix",
    "Keyless central locking",
    "Lane change assist",
    "Laser headlights",
    "Leather steering wheel",
    "LED running lights",
    "Light sensor",
    "Lumbar support",
    "Multifunction steering wheel",
    "Navigation system",
    "Non-smoker vehicle",
    "On-board computer",
    "Paddle shifters",
    "Particulate filter",
    "Power Steering",
    "Rain sensor",
    "Roof rack",
    "Seat ventilation",
    "Sound system",
    "Speed limit control system",
    "Sport seats",
    "Sports package",
    "Sports suspension",
    "Start-stop system",
    "Summer tyres",
    "Touchscreen",
    "Traction control",
    "Traffic sign recognition",
    "Tyre pressure monitoring",
    "USB port",
    "Voice control",
    "Warranty",
    "Winter tyres"
  ]
},
{
  "title": "BMW M3 Competition M xDrive Touring CarbonSitz H&K",
  "previewImage": "https://img.classistatic.de/api/v1/mo-prod/images/2e/2eaed36e-c6b6-4d8c-8e71-42d011e705a4?rule=mo-1600.jpg",
  "category": "EstateCar",
  "brand": "BMW",
  "model": "M3",
  "url": "https://suchen.mobile.de/fahrzeuge/details.html?id=433551434",
  "price.total.amount": 94980,
  "priceRating": {
    "rating": "Fair price",
    "priceRanges": {
      "Very good price": {
        "start": 65701,
        "end": 85400
      },
      "Good price": {
        "start": 85401,
        "end": 91900
      },
      "Fair price": {
        "start": 91901,
        "end": 102200
      },
      "Increased price": {
        "start": 102201,
        "end": 109700
      },
      "High price": {
        "start": 109701,
        "end": 121900
      }
    }
  },
  "description": "Fahrzeugnummer: 204610\n\nUnsere Datenschutzhinweise finden Sie unter http://www.rhein-ludwigsburg.de/datenschutz.html HIGHLIGHTS & PAKETE\nBMW Live Cockpit Professional\nInnovationspaket II\nM Shadow Line mit erweitertem Umfang\nHochglanz Shadow-Line\nGepäckraumpaket\nAblagenpaket\n\nASSISTENZSYSTEME\nParkassistenzsystem Plus\n\nMOTOR GETRIEBE & FAHRWERK\nAdaptives M Fahrwerk\nKomfortzugang\n\nAUDIO & KOMMUNIKATION\nConnected Package Professional\nHarman/Kardon Surround Sound System\nDAB-Tuner (DAB+ fähig)\n\nINTERIEUR\nGalvanikapplikation Bedienelemente\nDachhimmel anthrazit\nSitzverstellung elektrisch mit Memory\nKlimaautomatik\nM Sicherheitsgurte\nSitzheizung Fahrer/Beifahrer\nInterieurleisten Carbon Fibre\nInnenspiegel automatisch abblendend\nKopfstützen im Fond klappbar\nDeaktivierung Airbag Beifahrer\n\nLICHT & SICHT\nAdaptiver LED-Scheinwerfer\nFernlichtassistent\n\nRÄDER\nReifendruckanzeige\n\nTECHNIK & SICHERHEIT\nActive Protection\nKilometertacho\nInnen-/Aussensp. mit Abblendautomatik\nAlarmanlage\n\nEXTERIEUR\nAbgedunkelte Verglasung\nDach und Spiegelkappen schwarz\nM Dachreling Shadow Line \nWir besorgen Ihnen Ihren WUNSCHGEBRAUCHTWAGEN! Über 1900 Fzg. sofort ab Lager verfügbar. Zugriff auf über 3000 Dienstwagen der BMW AG. Bitte sprechen Sie uns an. Unser Verkaufsteam freut sich auf Ihren Anruf. -Irrtum und Zwischenverkauf vorbehalten-",
  "dealerDetails": {
    "id": 11662789,
    "name": "Autohaus Rhein Ludwigsburg - Zw. NL der Autohaus Heermann und Rhein GmbH",
    "sellerType": "Dealer",
    "phones": [
      "+49 (0)7141 1469910",
      "+49 (0)7141 4076144"
    ],
    "languages": [
      "Deutsch",
      "English",
      "Français"
    ],
    "country": "DE",
    "address": "Zeissstr. 2, DE-71679 Asperg",
    "location": {
      "latitude": 48.898497,
      "longitude": 9.1546865
    },
    "activeSince": "2014-06-20T00:00:00.000Z",
    "homepageUrl": "https://home.mobile.de/home/redirect.html?customerId=11662789",
    "iconUrl": null,
    "reviewPageUrl": "https://www.mobile.de/bewertungen/AUTOHAUSRHEINLUDWIGSBURGZWEIGNIEDERLASSUNGDERAUTOHAUSHEERMANNUND?lang=en",
    "score": {
      "total": 4.4,
      "responseTime": 4.3,
      "friendliness": 4.6,
      "advice": 4.2
    },
    "activeRatingCount": 29,
    "vehicleAsDescribedPercentage": 75,
    "recommendPercentage": 72,
    "soldVehicleCount": null,
    "reviews": []
  },
  "attributes": {
    "Vehicle condition": "Used vehicle, Accident-free",
    "Category": "Estate car, Employee's Car",
    "Model range": "G81",
    "Availability": "Now",
    "Origin": "German edition",
    "Mileage": "11,130 km",
    "Cubic Capacity": "2,998 ccm",
    "Power": "390 kW (530 hp)",
    "Drive type": "Internal combustion engine",
    "Fuel": "Petrol, E10-enabled",
    "CO₂ class": "Based on CO₂ emissions (combined)",
    "Fuel consumption": [
      "10.4 l/100km (combined)"
    ],
    "Number of Seats": "5",
    "Door Count": "4/5",
    "Transmission": "Automatic",
    "Emission Class": "Euro6d",
    "Emissions Sticker": "4 (Green)",
    "First Registration": "02/2025",
    "Number of Vehicle Owners": "1",
    "Climatisation": "Automatic climatisation, 2 zones",
    "Parking sensors": "Self-steering systems, Rear, 360° camera, Front",
    "Airbags": "Front and Side and More Airbags",
    "Colour (Manufacturer)": "Alpinweiß",
    "Colour": "White",
    "Interior Design": "Cloth, Black",
    "Energy consumption (comb.)": "10.4 l/100km",
    "CO₂ emissions (comb.)": "235 g/km"
  },
  "features": [
    "ABS",
    "Adaptive Cruise Control",
    "Alarm system",
    "Alloy wheels",
    "Ambient lighting",
    "Android Auto",
    "Apple CarPlay",
    "Arm rest",
    "Autom. dimming interior mirror",
    "Blind spot assist",
    "Central locking",
    "DAB radio",
    "Daytime running lights",
    "Digital cockpit",
    "Distance warning system",
    "Electric seat adjustment",
    "Electric side mirror",
    "Electric tailgate",
    "Electric windows",
    "Emergency brake assist",
    "Emergency call system",
    "ESP",
    "Fatigue warning system",
    "Folding exterior mirrors",
    "Four-wheel drive",
    "Full Service History",
    "Glare-free high beam headlights",
    "Hands-free kit",
    "Head-up display",
    "Heated seats",
    "High beam assist",
    "Immobilizer",
    "Induction charging for smartphones",
    "Integrated music streaming",
    "Isofix",
    "Keyless central locking",
    "Lane change assist",
    "Leather steering wheel",
    "LED headlights",
    "Light sensor",
    "Multifunction steering wheel",
    "Navigation system",
    "Non-smoker vehicle",
    "On-board computer",
    "Paddle shifters",
    "Power Steering",
    "Rain sensor",
    "Roof rack",
    "Sound system",
    "Speed limit control system",
    "Sport seats",
    "Sports package",
    "Sports suspension",
    "Start-stop system",
    "Tinted windows",
    "Touchscreen",
    "Traction control",
    "Traffic sign recognition",
    "Tuner/radio",
    "Tyre pressure monitoring",
    "USB port",
    "Voice control",
    "Warranty"
  ]
},
{
  "title": "BMW M3 Tour. xDrive Competition ACC 360° Sitzlüftung",
  "previewImage": "https://img.classistatic.de/api/v1/mo-prod/images/1d/1d5ba14e-a26f-4595-a37c-01615ce76308?rule=mo-1600.jpg",
  "category": "EstateCar",
  "brand": "BMW",
  "model": "M3",
  "url": "https://suchen.mobile.de/fahrzeuge/details.html?id=434089504",
  "price.total.amount": 94989,
  "priceRating": {
    "rating": "Good price",
    "priceRanges": {
      "Very good price": {
        "start": 71101,
        "end": 92400
      },
      "Good price": {
        "start": 92401,
        "end": 99500
      },
      "Fair price": {
        "start": 99501,
        "end": 110600
      },
      "Increased price": {
        "start": 110601,
        "end": 118800
      },
      "High price": {
        "start": 118801,
        "end": 132000
      }
    }
  },
  "description": "+WILLKOMMEN BEIM AUTOHAUS BAYERNCAR KÖNIGSBRUNN ...kaufen mit gutem Gefühl! ++ALLE FAHRZEUGE optional DEKRA geprüft !++Zwischenverkauf, Änderungen und Irrtümer vorbehalten ++WE ALSO SALE WITHOUT VAT FOR EXPORT-JUST ASK US!++ \nDeutschlandweite Zustellungen möglich!!!\n\nUnsere Serviceleistungen:\n- Allianz Automotive Garantie Erweiterung (optional)\n- Finanzierung über die BMW Premium Financial oder die Credit Plus Bank\nAb sofort sind wir über WhatsApp erreichbar.\nWhatsApp-/FaceTime Kontakt: +49-171 19 021 90\n\n++ BMW M3 Competition xDrive Touring ++\nRepair Inclusive 3Jahre/200.000km\nFarbe: 0X1F Frozen Pure Grey\nPolster: X3IA Vollleder Merino Silverstone (SW)\n\nSonderausstattung:\n\n01MB M DRIVE PROFESSIONAL\n01U0 BMW LM Rad 826M JB\n0248 Lenkradheizung\n02PA Radschraubensicherung\n02T4 M Sportdifferenzial\n02VB Reifendruckanzeige\n02VC Reifenreparatur-Set\n02VF Adaptives M Fahrwerk\n0302 Alarmanlage\n0322 Komfortzugang\n0383 Dach und Spiegelkappen schwarz\n03KA Akustik Komfort Verglasung\n03M5 M COMPOUND-BREMSE, ROT HOCHGLAENZ.\n03MC M Dachreling Hochglanz Shadow Line\n03MF M Leuchten Shadow Line\n0418 Gepäckraumpaket\n0420 Abgedunkelte Verglasung\n0428 Warndreieck und Verbandstasche\n0430 Innen-/Aussensp. mit Abblendautomatik\n0431 Innenspiegel automatisch abblendend\n0453 Klimatisierte Sitze vorne\n0459 Sitzverstellung elektrisch mit Memory\n0488 Lordosenstütze Fahrer u. Beifahrer\n0493 Ablagenpaket\n0494 Sitzheizung Fahrer/Beifahrer\n04GQ M Sicherheitsgurte\n04MC Interieurleisten Carbon Fibre\n04NE Blow-by-Heizer\n04U0 Galvanikapplikation Bedienelemente\n0534 Klimaautomatik\n0548 Kilometertacho\n0552 Adaptiver LED-Scheinwerfer\n05AC Fernlichtassistent\n05AU Driving Assistant Professional\n05AV Active Guard\n05DA Deaktivierung Airbag Beifahrer\n05DC Kopfstützen im Fond klappbar\n05DN Parkassistenzsystem Plus\n0654 DAB-Tuner (DAB+ fähig)\n0688 Harman/Kardon Surround Sound System\n06AE Teleservices\n06AF Gesetzlicher Notruf\n06AK Connected Drive Services\n06C3 Connected Package Professional\n06DR BMW drive recorder\n06NX Storage tray wireless charging\n06PA Personal eSIM\n06U3 BMW Live Cockpit Professional\n06VB Steuerung Infotainment\n0712 M Sportsitz\n0760 Hochglanz Shadow-Line\n0775 Dachhimmel anthrazit\n07A2 Innovationspaket II\n07M9 Individual Hochglanz Shadow-Line \n\nSerienausstattung:\nAblage-Paket\nAdaptives Fahrwerk M-Technic\nAirbag Fahrer-/Beifahrerseite\nAktives M Differential\nAlarmanlage\nAntriebsart: Allradantrieb\nAusstattungs-Paket: Connected Professional\nAußenausstattung: Shadow-Line Hochglanz (erweiterter Umfang)\nBedienelemente galvanisiert\nHead-up-Display Full Color\nBMW Curved Display\nCompetition\nDach schwarz lackiert\nDachhimmel Anthrazit (BMW Individual)\nDachreling Hochglanz Shadow-Line\nDiebstahl-Warnanlage\nDurchladeeinrichtung (Mittelarmlehne hinten)\nDynamische Stabilitäts-Control (DSC)\nEinstiegsleisten mit Einleger in Aluminium mit Schriftzug M\nGeschwindigkeits-Begrenzeranlage (Speed Limit Device)\nGetriebe Automatik - mit Steptronic und Drivelogic (8-Stufen)\nGetränkehalter\nHeckleuchten LED\nInduktionsladeschale für Smartphone (Wireless Charging)\nInnenspiegel mit Abblendautomatik\nIsofix-Aufnahmen für Kindersitz\nKarosserie: 5-türig\nKennzeichenbeleuchtung LED\nKlimaautomatik 3-Zonen mit autom. Umluft-Control\nKnieairbag Fahrerseite\nKopf-Airbag-System hinten\nKopf-Airbag-System vorn\nKopfstützen hinten klappbar\nLendenwirbelstütze Sitz vorn links und rechts, elektr. verstellbar\nLenkrad (Leder) mit Multifunktion M-Technic\nLenksäule (Lenkrad) mechan. verstellbar\nLeuchtweitenregelung\nLicht- und Regensensor\nLichtassistent (Follow me home)\nM Drive (Fahrprofilauswahl)\nMultifunktion für Lenkrad\nRadioempfang digital (DAB+)\nReifendruck-Kontrollsystem\nReifenpannen-Anzeige\nScheibenwischer mit Regensensor\nScheinwerfer LED\nSitze vorn elektr. verstellbar (mit Memory)\nSitzheizung vorn\nSonnenschutzverglasung (hinten abgedunkelt)\nSound-System Harman-Kardon\nSpiegel-Paket\nSportdifferential\nSportsitze vorn (M-Technic)\nSteckdose (12V-Anschluß) in Mittelkonsole vorn\nWärme-/Sonnenschutzverglasung\nZentralverriegelung mit Diebstahlsicherung und Crashsensor\n\nEin Angebot von BMW Premium Finacial:\nLaufzeit: 60 Monate\nAnzahlung: 19.758,00 €\neffekt. Jahreszins: 6,99 %\nSchlussrate: 60.262,00 €\nNettokreditbetrag: 79.032,00 €\nBruttokreditbetrag: 93.216,00 €\nAbschlussgebühr: 0,00 €\nRatensicherung: 0,00 €\nSollzinssatz: 6,78 %\n\nmonatl. Rate: 942,00 €\nWir bieten unsere Fahrzeuge bereits kurz nach Kauf und ohne Bilder an. Sobald diese bei uns eingetroffen sind werden Bilder eingestellt.\nMit einer Bestellung versenden wir nochmal eine detaillierte Aufstellung der kompletten Fahrzeugausstattung. Wir bitten diese vor Vertragsabschluß sorgfältig zu lesen, da Fehler\nim Inserat vorbehaltlich sind und Irrtümer nicht ausgeschlossen werden können.",
  "dealerDetails": {
    "id": 451587,
    "name": "BayernCar GmbH",
    "sellerType": "Dealer",
    "phones": [
      "+49 (0)8231 926974756"
    ],
    "messengers": {
      "WHATS_APP": "+49 (0)171 1902190"
    },
    "languages": [
      "Deutsch",
      "English"
    ],
    "country": "DE",
    "address": "Dornierstraße 10, DE-86343 Königsbrunn",
    "location": {
      "latitude": 48.2539715,
      "longitude": 10.8711669
    },
    "activeSince": "2005-10-17T00:00:00.000Z",
    "homepageUrl": "https://home.mobile.de/home/redirect.html?customerId=451587",
    "iconUrl": "https://img.classistatic.de/api/v1/mo-prod/images/f7/f73f1ae9-a818-4727-830b-e5061e043ce7?rule=mo-640.jpg",
    "reviewPageUrl": "https://www.mobile.de/bewertungen/BAYERN-CAR?lang=en",
    "score": {
      "total": 4.6,
      "responseTime": 4.6,
      "friendliness": 4.7,
      "advice": 4.5
    },
    "activeRatingCount": 47,
    "vehicleAsDescribedPercentage": 94,
    "recommendPercentage": 94,
    "soldVehicleCount": null,
    "reviews": []
  },
  "attributes": {
    "Vehicle condition": "Used vehicle, Accident-free",
    "Category": "Estate car, Demonstration Vehicle",
    "Model range": "Baureihe M3 Touring (G81N)(07.2024->)",
    "Trim line": "xDrive Competition M",
    "Vehicle Number": "25-27757",
    "Availability": "Now",
    "Mileage": "6,381 km",
    "Cubic Capacity": "2,993 ccm",
    "Power": "390 kW (530 hp)",
    "Drive type": "Internal combustion engine",
    "Fuel": "Petrol",
    "CO₂ class": "Based on CO₂ emissions (combined)",
    "Fuel consumption": [
      "10.4 l/100km (combined)"
    ],
    "Energy costs for 15,000 km annual mileage": "€2,886/Year",
    "Fuel price": "€1.85/l (annual average 2024)",
    "Possible CO₂ costs over the next 10 years (15,000 km/year)": [
      "€4,036 (assuming an average CO₂ price of €115/t)",
      "€1,755 (assuming a low average CO₂ price of €50/t)",
      "€6,669 (assuming a high average CO₂ price of €190/t)"
    ],
    "Number of Seats": "5",
    "Door Count": "4/5",
    "Transmission": "Automatic",
    "Emission Class": "Euro6",
    "Emissions Sticker": "4 (Green)",
    "First Registration": "01/2025",
    "Number of Vehicle Owners": "1",
    "HU": "01/2028",
    "Climatisation": "Automatic climatisation, 3 zones",
    "Parking sensors": "Self-steering systems, Rear, 360° camera, Front",
    "Airbags": "Front and Side and More Airbags",
    "Colour (Manufacturer)": "FROZEN PURE GREY II METALL",
    "Colour": "Grey Metallic Matte",
    "Interior Design": "Full leather, Black",
    "Weight": "1,940 kg",
    "Cylinders": "6",
    "Energy consumption (comb.)": "10.4 l/100km",
    "CO₂ emissions (comb.)": "234 g/km"
  },
  "features": [
    "ABS",
    "Adaptive cornering lights",
    "Adaptive Cruise Control",
    "Alarm system",
    "Alloy wheels",
    "Ambient lighting",
    "Android Auto",
    "Apple CarPlay",
    "Arm rest",
    "Autom. dimming interior mirror",
    "Blind spot assist",
    "Bluetooth",
    "Cargo barrier",
    "Central locking",
    "DAB radio",
    "Digital cockpit",
    "Distance warning system",
    "Dynamic chassis control",
    "Electric seat adjustment",
    "Electric side mirror",
    "Electric tailgate",
    "Electric windows",
    "Eletric seat adjustment with memory function",
    "Emergency brake assist",
    "Emergency call system",
    "ESP",
    "Fatigue warning system",
    "Folding exterior mirrors",
    "Four-wheel drive",
    "Full Service History",
    "Glare-free high beam headlights",
    "Hands-free kit",
    "Head-up display",
    "Heated seats",
    "Heated steering wheel",
    "High beam assist",
    "Hill-start assist",
    "Immobilizer",
    "Induction charging for smartphones",
    "Integrated music streaming",
    "Isofix",
    "Keyless central locking",
    "Lane change assist",
    "Leather steering wheel",
    "LED headlights",
    "LED running lights",
    "Light sensor",
    "Lumbar support",
    "Multifunction steering wheel",
    "Navigation system",
    "Non-smoker vehicle",
    "On-board computer",
    "Paddle shifters",
    "Particulate filter",
    "Power Steering",
    "Rain sensor",
    "Rear traffic alert",
    "Roof rack",
    "Seat ventilation",
    "Sound system",
    "Speed limit control system",
    "Sport seats",
    "Sports package",
    "Sports suspension",
    "Start-stop system",
    "Summer tyres",
    "Tinted windows",
    "Touchscreen",
    "Traction control",
    "Traffic sign recognition",
    "Tuner/radio",
    "Tyre pressure monitoring",
    "USB port",
    "Voice control",
    "Warranty",
    "WLAN / Wi-Fi hotspot"
  ]
},
{
  "title": "BMW M3 xDrive Competition Sitzlüftung ACC 360° ",
  "previewImage": "https://img.classistatic.de/api/v1/mo-prod/images/90/90b673b1-c1a9-40c4-9228-69172a492b76?rule=mo-1600.jpg",
  "category": "Limousine",
  "brand": "BMW",
  "model": "M3",
  "url": "https://suchen.mobile.de/fahrzeuge/details.html?id=434282584",
  "price.total.amount": 94489,
  "priceRating": {
    "rating": "Very good price",
    "priceRanges": {
      "Very good price": {
        "start": 74001,
        "end": 96200
      },
      "Good price": {
        "start": 96201,
        "end": 103600
      },
      "Fair price": {
        "start": 103601,
        "end": 115200
      },
      "Increased price": {
        "start": 115201,
        "end": 123700
      },
      "High price": {
        "start": 123701,
        "end": 137400
      }
    }
  },
  "description": "+WILLKOMMEN BEIM AUTOHAUS BAYERNCAR KÖNIGSBRUNN ...kaufen mit gutem Gefühl! ++ALLE FAHRZEUGE optional DEKRA geprüft !++Zwischenverkauf, Änderungen und Irrtümer vorbehalten ++WE ALSO SALE WITHOUT VAT FOR EXPORT-JUST ASK US!++ \nDeutschlandweite Zustellungen möglich!!!\n\nUnsere Serviceleistungen:\n- Allianz Automotive Garantie Erweiterung (optional)\n- Finanzierung über die BMW Premium Financial oder die Credit Plus Bank\nAb sofort sind wir über WhatsApp erreichbar.\nWhatsApp-/FaceTime Kontakt: +49-171 19 021 90\n\n++ BMW M3 Competition xDrive Limousine ++\nRepair Inclusive 3Jahre/200.000km\nFarbe: 0C4W Skyscraper Grey Metallic\nPolster: X3IA Vollleder Merino Silverstone/Schwarz\n\nSonderausstattung:\n01MB M DRIVE PROFESSIONAL\n02PA Radschraubensicherung\n02T4 M Sportdifferenzial\n02VB Reifendruckanzeige\n02VC Reifenreparatur-Set\n02VF Adaptives M Fahrwerk\n0302 Alarmanlage\n0316 Automatische Heckklappenbetätigung\n0322 Komfortzugang\n03M6 M COMPOUND-BREMSE, SCHWARZ HOCHGL.\n03MF M Leuchten Shadow Line\n0420 Abgedunkelte Verglasung\n0430 Innen-/Aussensp. mit Abblendautomatik\n0431 Innenspiegel automatisch abblendend\n0453 Klimatisierte Sitze vorne\n0459 Sitzverstellung elektrisch mit Memory\n0488 Lordosenstütze Fahrer u. Beifahrer\n0493 Ablagenpaket\n0494 Sitzheizung Fahrer/Beifahrer\n04GQ M Sicherheitsgurte\n04MC Interieurleisten Carbon Fibre\n04NE Blow-by-Heizer\n04U0 Galvanikapplikation Bedienelemente\n0534 Klimaautomatik\n0548 Kilometertacho\n0552 Adaptiver LED-Scheinwerfer\n05AC Fernlichtassistent\n05AU Driving Assistant Professional\n05AV Active Guard\n05DA Deaktivierung Airbag Beifahrer\n05DC Kopfstützen im Fond klappbar\n05DN Parkassistenzsystem Plus\n0654 DAB-Tuner (DAB+ fähig)\n0688 Harman/Kardon Surround Sound System\n06AE Teleservices\n06AF Gesetzlicher Notruf\n06AK Connected Drive Services\n06C4 Connected Package Professional\n06NX Storage tray wireless charging\n06PA Personal eSIM\n06U3 BMW Live Cockpit Professional\n06VB Steuerung Infotainment\n0712 M Sportsitz\n0760 Hochglanz Shadow-Line\n0775 Dachhimmel anthrazit\n07A2 Innovationspaket II\n07M9 M Shadow Line mit erweitertem Umfang \n\nSerien-Ausstattung:\nAblage-Paket\nAdaptives Fahrwerk M-Technic\nAirbag Fahrer-/Beifahrerseite\nAktives M Differential\nAlarmanlage\nAmbiente-Beleuchtung\nAnhänger-Stabilisierungs-Programm (ASL)\nAnti-Blockier-System (ABS)\nAntriebsart: Allradantrieb\nConnected Professional\nShadow-Line Hochglanz (erweiterter Umfang)\nBedienelemente galvanisiert\nBlinkleuchte in Außenspiegel integriert\nDachhimmel Anthrazit (BMW Individual)\nDiebstahl-Warnanlage\nDiebstahlsicherung für Räder (Felgenschlösser)\nDurchladeeinrichtung (Mittelarmlehne hinten)\nDynamische Stabilitäts-Control (DSC) mit erweiterter Umfang\nDynamische Tractions Control (DTC)\nEinstiegsleisten mit Einleger in Aluminium mit Schriftzug M\nActive Guard (Bremsassistent)\nFreisprecheinrichtung Bluetooth mit USB-/Audio-Schnittstelle\nGetriebe Automatik - mit Steptronic und Drivelogic (8-Stufen)\nGetränkehalter\nHeckleuchten LED\nInduktionsladeschale für Smartphone (Wireless Charging)\nInnenspiegel mit Abblendautomatik\nIsofix-Aufnahmen für Kindersitz\nKennzeichenbeleuchtung LED\nKlimaautomatik 3-Zonen mit autom. Umluft-Control\nKnieairbag Fahrerseite\nKopf-Airbag-System hinten\nKopf-Airbag-System vorn\nKopfstützen hinten klappbar\nLeichtbaudach (kohlefaserverstärkter Kunststoff, CFK)\nLenkrad (Leder) mit Multifunktion M-Technic\nLenksäule (Lenkrad) mechan. verstellbar\nLicht- und Regensensor\nM Drive Professional (Fahrprofilauswahl)\nPersonalisierungssystem (Personal eSIM)\nRadioempfang digital (DAB+)\nReifendruck-Kontrollsystem\nReifenpannen-Anzeige\nScheibenwischer mit Regensensor\nScheinwerfer LED\nIntelligenter Notruf inkl. TeleServices\nSicherheitsgurte M\nSitze vorn elektr. verstellbar (mit Memory)\nSitzheizung vorn\nSonnenschutzverglasung (hinten abgedunkelt)\nSound-System Harman-Kardon\nSpiegel-Paket\nSportdifferential\nSportsitze vorn (M-Technic)\nStart/Stop-Anlage (Funktion)\nSteckdose (12V-Anschluß) in Mittelkonsole vorn\nWärme-/Sonnenschutzverglasung\nZentralverriegelung mit Diebstahlsicherung und Crashsensor\n\nWir bieten unsere Fahrzeuge bereits kurz nach Kauf und ohne Bilder an. Sobald diese bei uns eingetroffen sind werden Bilder eingestellt.\nMit einer Bestellung versenden wir nochmal eine detaillierte Aufstellung der kompletten Fahrzeugausstattung. Wir bitten diese vor Vertragsabschluß sorgfältig zu lesen, da Fehler\nim Inserat vorbehaltlich sind und Irrtümer nicht ausgeschlossen werden können.",
  "dealerDetails": {
    "id": 451587,
    "name": "BayernCar GmbH",
    "sellerType": "Dealer",
    "phones": [
      "+49 (0)8231 926974761"
    ],
    "messengers": {
      "WHATS_APP": "+49 (0)171 1902190"
    },
    "languages": [
      "Deutsch",
      "English"
    ],
    "country": "DE",
    "address": "Dornierstraße 10, DE-86343 Königsbrunn",
    "location": {
      "latitude": 48.2539715,
      "longitude": 10.8711669
    },
    "activeSince": "2005-10-17T00:00:00.000Z",
    "homepageUrl": "https://home.mobile.de/home/redirect.html?customerId=451587",
    "iconUrl": "https://img.classistatic.de/api/v1/mo-prod/images/f7/f73f1ae9-a818-4727-830b-e5061e043ce7?rule=mo-640.jpg",
    "reviewPageUrl": "https://www.mobile.de/bewertungen/BAYERN-CAR?lang=en",
    "score": {
      "total": 4.6,
      "responseTime": 4.6,
      "friendliness": 4.7,
      "advice": 4.5
    },
    "activeRatingCount": 47,
    "vehicleAsDescribedPercentage": 94,
    "recommendPercentage": 94,
    "soldVehicleCount": null,
    "reviews": []
  },
  "attributes": {
    "Vehicle condition": "Used vehicle, Accident-free",
    "Category": "Saloon, Demonstration Vehicle",
    "Model range": "Baureihe M3 Lim. (G80N)(07.2024->)",
    "Trim line": "xDrive Competition M",
    "Vehicle Number": "25-21479",
    "Availability": "From Oct 10, 2025",
    "Mileage": "6,000 km",
    "Cubic Capacity": "2,993 ccm",
    "Power": "390 kW (530 hp)",
    "Drive type": "Internal combustion engine",
    "Fuel": "Petrol",
    "CO₂ class": "Based on CO₂ emissions (combined)",
    "Fuel consumption": [
      "10.1 l/100km (combined)"
    ],
    "Energy costs for 15,000 km annual mileage": "€2,802/Year",
    "Fuel price": "€1.85/l (annual average 2024)",
    "Possible CO₂ costs over the next 10 years (15,000 km/year)": [
      "€3,916 (assuming an average CO₂ price of €115/t)",
      "€1,702 (assuming a low average CO₂ price of €50/t)",
      "€6,470 (assuming a high average CO₂ price of €190/t)"
    ],
    "Number of Seats": "5",
    "Door Count": "4/5",
    "Transmission": "Automatic",
    "Emission Class": "Euro6",
    "Emissions Sticker": "4 (Green)",
    "First Registration": "06/2025",
    "Number of Vehicle Owners": "1",
    "HU": "05/2028",
    "Climatisation": "Automatic climatisation, 3 zones",
    "Parking sensors": "Front, 360° camera, Rear, Self-steering systems",
    "Airbags": "Front and Side and More Airbags",
    "Colour (Manufacturer)": "SKYSCRAPER GRAU METALLIC",
    "Colour": "Grey Metallic",
    "Interior Design": "Full leather, Grey",
    "Weight": "1,855 kg",
    "Cylinders": "6",
    "Energy consumption (comb.)": "10.1 l/100km",
    "CO₂ emissions (comb.)": "227 g/km"
  },
  "features": [
    "ABS",
    "Adaptive cornering lights",
    "Adaptive Cruise Control",
    "Alarm system",
    "Alloy wheels",
    "Ambient lighting",
    "Android Auto",
    "Apple CarPlay",
    "Autom. dimming interior mirror",
    "Blind spot assist",
    "Bluetooth",
    "Cargo barrier",
    "Central locking",
    "DAB radio",
    "Digital cockpit",
    "Distance warning system",
    "Dynamic chassis control",
    "Electric seat adjustment",
    "Electric side mirror",
    "Electric tailgate",
    "Electric windows",
    "Eletric seat adjustment with memory function",
    "Emergency brake assist",
    "Emergency call system",
    "ESP",
    "Fatigue warning system",
    "Fog lamp",
    "Folding exterior mirrors",
    "Four-wheel drive",
    "Full Service History",
    "Glare-free high beam headlights",
    "Hands-free kit",
    "Head-up display",
    "Heated seats",
    "Heated steering wheel",
    "High beam assist",
    "Hill-start assist",
    "Immobilizer",
    "Induction charging for smartphones",
    "Integrated music streaming",
    "Isofix",
    "Keyless central locking",
    "Lane change assist",
    "Leather steering wheel",
    "LED headlights",
    "LED running lights",
    "Light sensor",
    "Lumbar support",
    "Multifunction steering wheel",
    "Navigation system",
    "Non-smoker vehicle",
    "On-board computer",
    "Paddle shifters",
    "Power Steering",
    "Rain sensor",
    "Rear traffic alert",
    "Seat ventilation",
    "Ski bag",
    "Sound system",
    "Speed limit control system",
    "Sport seats",
    "Sports package",
    "Sports suspension",
    "Start-stop system",
    "Summer tyres",
    "Tinted windows",
    "Touchscreen",
    "Traction control",
    "Traffic sign recognition",
    "Tuner/radio",
    "Tyre pressure monitoring",
    "USB port",
    "Voice control",
    "Warranty",
    "WLAN / Wi-Fi hotspot"
  ]
},
{
  "title": "BMW M3 Competition M xDrive Touring Harman/K Kamera",
  "previewImage": "https://img.classistatic.de/api/v1/mo-prod/images/06/06e06044-515a-4093-bcdc-4341bc1093e8?rule=mo-1600.jpg",
  "category": "EstateCar",
  "brand": "BMW",
  "model": "M3",
  "url": "https://suchen.mobile.de/fahrzeuge/details.html?id=433708442",
  "price.total.amount": 94980,
  "priceRating": {
    "rating": "Fair price",
    "priceRanges": {
      "Very good price": {
        "start": 64801,
        "end": 84300
      },
      "Good price": {
        "start": 84301,
        "end": 90700
      },
      "Fair price": {
        "start": 90701,
        "end": 100900
      },
      "Increased price": {
        "start": 100901,
        "end": 108300
      },
      "High price": {
        "start": 108301,
        "end": 120400
      }
    }
  },
  "description": "Bei den oben dargestellten Angaben zu Verbrauchs- und Emissionswerten handelt es sich um Angaben nach dem NEFZ-Messverfahren. Werte nach dem WLTP-Messverfahren werden mit dem Zusatz „(WLTP)“ gekennzeichnet.*\n\nAntrieb, Fahrwerk\nAdaptives M Fahrwerk\nAllrad\nM Sportdifferenzial\n\nEditionen und Pakete\nAblagenpaket\nGepäckraumpaket\nInnovationspaket\n\nExterieur\nDachreling\n\nFahrerassistenz\nDriving Assistant Professional\nParking Assistant Plus\n\nIndividualumfänge\nM Dachreling Hochglanz Shadow Line\nM Hochglanz Shadow Line\nM Hochglanz Shadow Line mit erweiterten Umfängen\n\nKomfort, Innenausstattung\nFondkopfstützen klappbar\nGalvanikapplikation für Bedienelemente\nInnen- und Außenspiegelpaket\nKlimaautomatik\nKomfortzugang\nLordosenstütze für Fahrer und Beifahrer\nM Sicherheitsgurte\nM Sportsitze\nSitzheizung für Fahrer und Beifahrer\nSitzverstellung elektrisch\nSitzverstellung elektrisch mit Memory für Fahrersitz\nSonnenschutzverglasung\n\nMultimedia\nBMW Live Cockpit Professional (laufzeitgebundener Dienst)\nDAB Tuner\nHarman Kardon Surround Sound System\n\nRäder\nRadschraubensicherung\n\nSitzbezug\nBMW Individual erweiterte Lederausstattung 'Merino' Fionarot/Schwarz (SW)\n\nSonstiges\n19\"/20\" M Schmiederäder Doppelspeiche 826 M Bicolor Schwarz /MB Track Reifen\nAblage für Wireless Charging\nABS\nActive Guard\nEntfall spezifischer Designumfänge Exterieur\nIndividual\nKlimaanlage oder -automatik\nLeder\nLordose\nM Compound-Bremse, rot hochglänzend\nM Drive Professional\nM Interieurleisten Aluminium Rhombicle Anthrazit\nM Leuchten Shadow Line\nModellschriftzug - Entfall\nPersonal eSIM\nSitzheizung\nSportfahrwerk\nUnfallfrei\n\nUmwelt, Sicherheit\nActive Protection\nAdaptiver LED-Scheinwerfer\nAlarmanlage mit Fernbedienung\nBeifahrerairbag-Deaktivierung\nFernlichtassistent\nInnenspiegel automatisch abblendend\nReifendruck-Kontrolle\n\n\nOffizielle Angaben zu Kraftstoffverbrauch, CO2-Emissionen, Stromverbrauch und elektrischer Reichweite wurden nach dem vorgeschriebenen Messverfahren ermittelt und entsprechen der VO (EU) 715/2007 in der jeweils geltenden Fassung. Für die Bemessung von Steuern und anderen fahrzeugbezogenen Abgaben, die (auch) auf den CO2-Ausstoß abstellen, sowie ggf. für die Zwecke von fahrzeugspezifischen Förderungen werden WLTP-Werte verwendet. Aufgeführte NEFZ-Werte wurden ggf. auf Basis des neuen WLTP-Messverfahrens ermittelt und zur Vergleichbarkeit auf das NEFZ-Messverfahren zurückgerechnet. Für seit 01.01.2021 neu typgeprüfte Fahrzeuge existieren die offiziellen Angaben nur noch nach WLTP. Weitere Informationen zu den Messverfahren NEFZ und WLTP finden Sie unter www.bmw.de/wltp.Irrtümer und Zwischenverkauf vorbehalten.",
  "dealerDetails": {
    "id": 452855,
    "name": "BMW AG - Niederlassung Berlin - Hauptbetrieb - Verkauf Gebrauchte Automobile",
    "sellerType": "Dealer",
    "phones": [
      "+49 (0)30 2096747246"
    ],
    "languages": [
      "Deutsch",
      "English",
      "Türkçe"
    ],
    "country": "DE",
    "address": "Kaiserdamm 90, DE-14057 Berlin",
    "location": {
      "latitude": 52.5093891,
      "longitude": 13.2827296
    },
    "activeSince": "2000-07-10T00:00:00.000Z",
    "homepageUrl": "https://home.mobile.de/home/redirect.html?customerId=452855",
    "iconUrl": "https://img.classistatic.de/api/v1/mo-prod/images/81/81308b4f-a6df-4ae6-bc95-bb4bcc515fff?rule=mo-640.jpg",
    "reviewPageUrl": "https://www.mobile.de/bewertungen/BMW-BERLIN?lang=en",
    "score": {
      "total": 4.8,
      "responseTime": 4.8,
      "friendliness": 4.8,
      "advice": 4.7
    },
    "activeRatingCount": 25,
    "vehicleAsDescribedPercentage": 95,
    "recommendPercentage": 92,
    "soldVehicleCount": null,
    "reviews": []
  },
  "attributes": {
    "Vehicle condition": "Used vehicle",
    "Category": "Estate car, Employee's Car",
    "Model range": "M3 touring",
    "Trim line": "M xDrive Touring Harman/K Kamera",
    "Vehicle Number": "2G198531",
    "Availability": "Now",
    "Origin": "German edition",
    "Mileage": "21,084 km",
    "Cubic Capacity": "2,993 ccm",
    "Power": "390 kW (530 hp)",
    "Drive type": "Internal combustion engine",
    "Fuel": "Petrol, E10-enabled",
    "CO₂ class": "Based on CO₂ emissions (combined)",
    "Fuel consumption": [
      "10.4 l/100km (combined)",
      "15.8 l/100km (city)",
      "10.3 l/100km (suburban)",
      "8.8 l/100km (country road)",
      "9.8 l/100km (motorway)"
    ],
    "Energy costs for 15,000 km annual mileage": "€0/Year",
    "Fuel price": "€1.80/l (annual average 2024)",
    "Possible CO₂ costs over the next 10 years (15,000 km/year)": [
      "€0 (assuming an average CO₂ price of €127/t)",
      "€0 (assuming a low average CO₂ price of €60/t)",
      "€0 (assuming a high average CO₂ price of €200/t)"
    ],
    "Number of Seats": "5",
    "Door Count": "4/5",
    "Transmission": "Manual gearbox",
    "Emission Class": "Euro6",
    "Emissions Sticker": "4 (Green)",
    "First Registration": "03/2025",
    "Construction Year": "2025",
    "Number of Vehicle Owners": "1",
    "HU": "03/2028",
    "Climatisation": "Automatic air conditioning",
    "Parking sensors": "Front, Self-steering systems, Rear",
    "Airbags": "Front Airbags",
    "Colour (Manufacturer)": "Aventurinrot",
    "Colour": "Red Metallic",
    "Interior Design": "Full leather, Black",
    "Energy consumption (comb.)": "10.4 l/100km",
    "CO₂ emissions (comb.)": "234 g/km"
  },
  "features": [
    "ABS",
    "Adaptive lighting",
    "Alarm system",
    "Alloy wheels",
    "Autom. dimming interior mirror",
    "Bluetooth",
    "Central locking",
    "DAB radio",
    "Digital cockpit",
    "Electric seat adjustment",
    "Electric windows",
    "Eletric seat adjustment with memory function",
    "Emergency call system",
    "ESP",
    "Four-wheel drive",
    "Glare-free high beam headlights",
    "Hands-free kit",
    "Heated seats",
    "High beam assist",
    "Hill-start assist",
    "Immobilizer",
    "Induction charging for smartphones",
    "Isofix",
    "Keyless central locking",
    "LED headlights",
    "LED running lights",
    "Light sensor",
    "Lumbar support",
    "Multifunction steering wheel",
    "Navigation system",
    "On-board computer",
    "Power Steering",
    "Rain sensor",
    "Roof rack",
    "Sound system",
    "Sport seats",
    "Sports suspension",
    "Start-stop system",
    "Tinted windows",
    "Touchscreen",
    "Traction control",
    "Tuner/radio",
    "Tyre pressure monitoring",
    "Voice control",
    "Warranty"
  ]
},
{
  "title": "BMW M3 Competition TOURUING M XDRIVE LED HUD 360° KA",
  "previewImage": "https://img.classistatic.de/api/v1/mo-prod/images/09/09526722-e3e4-44c1-8dbc-875af1a3c4b3?rule=mo-1600.jpg",
  "category": "EstateCar",
  "brand": "BMW",
  "model": "M3",
  "url": "https://suchen.mobile.de/fahrzeuge/details.html?id=430911979",
  "price.total.amount": 94880,
  "priceRating": {
    "rating": "Good price",
    "priceRanges": {
      "Very good price": {
        "start": 72801,
        "end": 94600
      },
      "Good price": {
        "start": 94601,
        "end": 101900
      },
      "Fair price": {
        "start": 101901,
        "end": 113400
      },
      "Increased price": {
        "start": 113401,
        "end": 121700
      },
      "High price": {
        "start": 121701,
        "end": 135200
      }
    }
  },
  "description": "Sonstiges\nAblage für Wireless Charging\nActive Guard\nBlow by-Heizer\nBMW Apps\nDekodierung Zusatzfunktionen\nKaeltemittel\nM Interieurleisten Aluminium Rhombicle Anthrazit\nMWSt ausweisbar\nPersonal eSIM\nProbefahrt\nSteuerung EfficientDynamics\nSteuerung Karosserie\nUnfallfrei\n\nAntrieb, Fahrwerk\nAdaptives M Fahrwerk\nAllrad\nM Compound-Bremse, schwarz hochglänzend\nM Drive Professional\nM Sportdifferenzial\nSportfahrwerk\n\nEditionen und Pakete\nAblagenpaket\nConnected Package Professional (laufzeitgebundener Dienst)\nConnectedDrive Services (laufzeitgebundener Dienst)\nInnovationspaket\n\nExterieur\nDach und Spiegelkappen schwarz\nDachreling\n\nFahrerassistenz\nBMW Drive Recorder\nDriving Assistant Professional\nGesetzlicher Notruf\nParking Assistant Plus\nTeleservices\n\nIndividualumfänge\nIndividual\nM Dachreling Hochglanz Shadow Line\nM Hochglanz Shadow Line\nM Hochglanz Shadow Line mit erweiterten Umfängen\n\nKomfort, Innenausstattung\nAutomatische Verriegelung beim Anfahren\nFondkopfstützen klappbar\nGalvanikapplikation für Bedienelemente\nInnen- und Außenspiegelpaket\nKlimaautomatik\nKomfortzugang\nLeder\nLenkradheizung\nLordose\nLordosenstütze für Fahrer und Beifahrer\nM Sicherheitsgurte\nM Sportsitze\nSitzheizung für Fahrer und Beifahrer\nSitzverstellung elektrisch mit Memory für Fahrersitz\nSonnenschutzverglasung\n\nMultimedia\nBMW Live Cockpit Professional (laufzeitgebundener Dienst)\nDAB Tuner\nHarman Kardon Surround Sound System\n\nRäder\n19\"/20\" M Schmiederäder Doppelspeiche 826 M Schwarz / MB\nRadschraubensicherung\nReifenreparatur Set\n\nSitzbezug\nLeder Merino Schwarz/Schwarz\n\nUmwelt, Sicherheit\nAbgasnorm EU6 RDE II\nABS\nAdaptiver LED-Scheinwerfer\nAktiver Fußgängerschutz\nAlarmanlage mit Fernbedienung\nBeifahrerairbag-Deaktivierung\nFernlichtassistent\nInnenspiegel automatisch abblendend\nReifendruck-Kontrolle\n\nEnergieeffizienzklasse: A+++, CO2-Emissionen kombiniert: 0 g/km. Weitere Informationen zum offiziellen Kraftstoffverbrauch und den offiziellen spezifischen CO2-Emissionen und den Stromverbrauch neuer PKW können dem \"Leitfaden über den Kraftstoffverbrauch und die CO2-Emissionen neuer PKW\" entnommen werden, der an allen Verkaufsstellen und bei der \"Deutschen Automobil Treuhand GmbH\" unter www.dat.de unentgeltlich erhältlich ist. Irrtümer und Zwischenverkauf vorbehalten.",
  "dealerDetails": {
    "id": 9574552,
    "name": "Müller-Dynamic GmbH",
    "sellerType": "Dealer",
    "phones": [
      "+49 (0)6872 889983988"
    ],
    "languages": [
      "Deutsch"
    ],
    "country": "DE",
    "address": "Wolfsborn 63-65, DE-66679 Losheim am See",
    "location": {
      "latitude": 49.5070592,
      "longitude": 6.7621249
    },
    "activeSince": "2013-03-15T00:00:00.000Z",
    "homepageUrl": "https://home.mobile.de/home/redirect.html?customerId=9574552",
    "iconUrl": null,
    "reviewPageUrl": "https://www.mobile.de/bewertungen/MUELLERDYNAMICGMBHLOSHEIMAMSEE?lang=en",
    "score": {
      "total": 3.8,
      "responseTime": 4,
      "friendliness": 4,
      "advice": 3.5
    },
    "activeRatingCount": 2,
    "vehicleAsDescribedPercentage": 100,
    "recommendPercentage": 50,
    "soldVehicleCount": null,
    "reviews": []
  },
  "attributes": {
    "Vehicle condition": "Used vehicle, Accident-free",
    "Category": "Estate car, Demonstration Vehicle",
    "Model range": "M3 touring",
    "Trim line": "TOURUING M XDRIVE LED HUD 360° KAMERA HARMAN KARDON ",
    "Vehicle Number": "B39537FBUG2500498",
    "Availability": "Now",
    "Origin": "German edition",
    "Mileage": "2,178 km",
    "Cubic Capacity": "2,993 ccm",
    "Power": "390 kW (530 hp)",
    "Drive type": "Internal combustion engine",
    "Fuel": "Petrol",
    "CO₂ class": "Based on CO₂ emissions (combined)",
    "Fuel consumption": [
      "10.4 l/100km (combined)",
      "15.8 l/100km (city)",
      "10.3 l/100km (suburban)",
      "8.8 l/100km (country road)",
      "9.8 l/100km (motorway)"
    ],
    "Energy costs for 15,000 km annual mileage": "€0/Year",
    "Fuel price": "€1.80/l (annual average 2024)",
    "Possible CO₂ costs over the next 10 years (15,000 km/year)": [
      "€0 (assuming an average CO₂ price of €127/t)",
      "€0 (assuming a low average CO₂ price of €60/t)",
      "€0 (assuming a high average CO₂ price of €200/t)"
    ],
    "Number of Seats": "5",
    "Door Count": "4/5",
    "Transmission": "Automatic",
    "Emission Class": "Euro6",
    "First Registration": "07/2025",
    "Number of Vehicle Owners": "1",
    "HU": "07/2028",
    "Climatisation": "Automatic climatisation, 3 zones",
    "Parking sensors": "Front, Self-steering systems, Rear, 360° camera",
    "Airbags": "Front and Side Airbags",
    "Colour (Manufacturer)": "Alpinweiß uni",
    "Colour": "White",
    "Interior Design": "Full leather, Black",
    "Cylinders": "6",
    "Energy consumption (comb.)": "10.4 l/100km",
    "CO₂ emissions (comb.)": "234 g/km"
  },
  "features": [
    "ABS",
    "Adaptive Cruise Control",
    "Adaptive lighting",
    "Alarm system",
    "Alloy wheels",
    "Ambient lighting",
    "Android Auto",
    "Apple CarPlay",
    "Arm rest",
    "Autom. dimming interior mirror",
    "Blind spot assist",
    "Bluetooth",
    "Central locking",
    "DAB radio",
    "Digital cockpit",
    "Distance warning system",
    "Electric seat adjustment",
    "Electric side mirror",
    "Electric windows",
    "Eletric seat adjustment with memory function",
    "Emergency call system",
    "ESP",
    "Four-wheel drive",
    "Full Service History",
    "Glare-free high beam headlights",
    "Heated seats",
    "Heated steering wheel",
    "High beam assist",
    "Immobilizer",
    "Induction charging for smartphones",
    "Isofix",
    "Keyless central locking",
    "Lane change assist",
    "LED headlights",
    "LED running lights",
    "Light sensor",
    "Lumbar support",
    "Multifunction steering wheel",
    "Navigation system",
    "Non-smoker vehicle",
    "On-board computer",
    "Paddle shifters",
    "Power Steering",
    "Rain sensor",
    "Roof rack",
    "Sound system",
    "Sport seats",
    "Sports suspension",
    "Start-stop system",
    "Tinted windows",
    "Touchscreen",
    "Traction control",
    "Tuner/radio",
    "Tyre pressure monitoring",
    "USB port",
    "Voice control",
    "Warranty"
  ]
},
{
  "title": "BMW M3 Touring  Head-Up HK HiFi DAB LED RFK Shz",
  "previewImage": "https://img.classistatic.de/api/v1/mo-prod/images/73/7392b577-5038-4b31-87da-f4cc39d9b191?rule=mo-1600.jpg",
  "category": "EstateCar",
  "brand": "BMW",
  "model": "M3",
  "url": "https://suchen.mobile.de/fahrzeuge/details.html?id=434472869",
  "price.total.amount": 94330,
  "priceRating": {
    "rating": "Good price",
    "priceRanges": {
      "Very good price": {
        "start": 69001,
        "end": 89700
      },
      "Good price": {
        "start": 89701,
        "end": 96600
      },
      "Fair price": {
        "start": 96601,
        "end": 107500
      },
      "Increased price": {
        "start": 107501,
        "end": 115400
      },
      "High price": {
        "start": 115401,
        "end": 128200
      }
    }
  },
  "description": "Antrieb, Fahrwerk\nAdaptives M Fahrwerk\nAllrad\nBremsanlage: Compound - M Bremssystem (Bremssättel Rot)\nM Drive Professional\nM Sportdifferential\nSportfahrwerk\n\nAußenausstattung\nDachreling Hochglanz Shadow-Line\nHeckklappenbetätigung automatisch\nLM-Felgen\nSonnenschutzverglasung (hinten abgedunkelt)\n\nEditionen und Pakete\nAblagenpaket\nConnectedDrive Services (laufzeitgebundener Dienst)\nConnectedPackage Professional (laufzeitgebundener Dienst)\nGepäckraum-Paket\nInnovations-Paket (2)\n\nExterieur\nDach und Spiegelkappen schwarz\nDachreling\nElektrische Gepäckraumklappe\n\nFahrerassistenz\nBMW Drive Recorder (Dashcam)\nFahrassistenz-System: Driving Assistant Professional\nGesetzlicher Notruf\nHead-Up Display\nParkassistent-Paket Plus\nRückfahrkamera\nSpurverlassenswarnung\nSpurwechselwarnung\nTeleServices\n\nIndividualumfänge\nBMW Individual Dachreling Hochglanz Shadow Line\nBMW Individual Hochglanz Shadow Line\nBMW Individual Hochglanz Shadow Line mit erweiterten Umfängen\nDachhimmel Individual anthrazit\nScheinwerfer BMW Individual Shadow-Line\n\nKomfort, Innenausstattung\nAbstandsregeltempomat\nAmbiente-Beleuchtung\nAußenspiegel elektr. anklappbar\nAutomatische Verriegelung beim Anfahren\nBMW Live Cockpit Professional\nDurchladeeinrichtung (Mittelarmlehne hinten)\nDurchladesystem\nEinparkhilfe selbstlenkendes System\nFensterheber elektrisch vorn + hinten\nFensterheber, elektrisch\nFondkopfstützen klappbar\nFreisprecheinrichtung Bluetooth mit USB-/Audio-Schnittstelle\nGalvanikapplikation für Bedienelemente\nGepäckraum-Abtrennung (Netz)\nGeschwindigkeits-Regelanlage mit Bremsfunktion\nHead-up-Display Full Color\nInduktionsladeschale für Smartphone (Wireless Charging)\nInnen- und Aussenspiegel automatisch abblendend\nInnenausstattung: Interieurleisten Carbon\nInnenspiegel mit Abblendautomatik\nIsofix-Aufnahmen für Kindersitz\nKeyless Entry\nKlimaautomatic\nKlimaautomatik 3-Zonen mit autom. Umluft-Control\nKomfortzugang (Öffnungs- und Schließsystem)\nLeder\nLederlenkrad\nLendenwirbelstütze Sitz vorn links und rechts, elektr. verstellbar\nLenkrad (Leder) mit Multifunktion M-Technic\nLenkrad heizbar\nLicht- und Regensensor\nLordose\nM Schalensitze Carbon\nM Sicherheitsgurte\nMultifunktion für Lenkrad\nMultifunktionslenkrad\nRadioempfang digital (DAB+)\nScheibenwischer mit Regensensor\nService-System: Augmented Reality für Navigation\nSitze vorn elektr. verstellbar (mit Memory)\nSitzheizung fuer Fahrer und Beifahrer\nSitzheizung vorn\nSitzverstellung, elektrisch mit Memory\nSonnenschutzverglasung\nSound-System Harman-Kardon\nSportsitze\nSpurhalteassistent\nStart/Stop-Anlage (Funktion)\nTempomat\nVerglasung Akustikglas\nZentralverriegelung\nZentralverriegelung mit Diebstahlsicherung und Crashsensor\n\nMultimedia\nBluetooth\nBMW Live Cockpit Professional (laufzeitgebundener Dienst)\nDAB Tuner\nFreisprecheinrichtung\nHarman Kardon Surround Sound System\nNavigationssystem\nRadio\nTelefon\nUSB Schnittstelle\n\nRäder\n19\"/20\" M Schmiederäder Doppelspeiche 826 M Schwarz / MB\nRadschraubensicherung\nReifenreparatur-Set\n\nSicherheit/Umwelt\nAdaptives Fahrwerk M-Technic\n\nSitzbezug\nVOLLLED.MERINO/SILVERSTONE\n\nSonstiges\nAblage für Wireless Charging \nActive Guard\nBlow by-Heizer\nBMW Digital Key\nCO2-Umfang\nDekodierung Zusatzfunktionen\nDeutsch / Bordliteratur\nDeutschland-Ausfuehrung\nElektrisch verstellbare Spiegel\nEU-spezifische Zusatzumfaenge\nFahrassistenz-System: aktiver Spurhalteassistent\nFahrassistenz-System: Ampel-Erkennung\nFahrassistenz-System: Ausweich-Assistent\nFahrassistenz-System: Einparkhilfe Seite\nFahrassistenz-System: Falschfahrwarnung\nFahrassistenz-System: Frontkollisionswarnung\nFahrassistenz-System: Heckaufprall-Vermeidung (Prävention Heckkollision)\nFahrassistenz-System: Kreuzungs-Assistent\nFahrassistenz-System: Park-Assistent\nFahrassistenz-System: Querverkehrs-Assistent\nFahrassistenz-System: Rückfahr-Assistent\nFahrassistenz-System: Rückfahrhilfe Notbremsfunktion (Active PDC)\nFahrassistenz-System: Spurwechselassistent\nFahrassistenz-System: Spurwechsel-Warnsystem\nGeschwindigkeits-Regelanlage, Aktiv mit Stop&Go-Funktion\nInduktionsladen für Smartphones\nKältemittel\nKilometertacho\nMetallic-Lackierung\nÖlwartungsintervall 24 Monate/30.000 km\nPersonal eSIM \nReifendruckkontrollsystem\nRückfahrkamera\nRückfahrkamera (Top View)\nService-System: Remote 3D View\nSitzbezug / Polsterung: Voll-Leder Merino Silverstone / Schwarz\nSteuerung Infotainment\nSteuerung Karosserie\nSurround-Kamerasystem (Surround View)\n\nUmwelt, Sicherheit\nAbgasnorm EU6 RDE II\nABS\nAktiver Fussgängerschutz\nAlarmanlage\nAuto Start/Stop Funktion \nBeifahrerairbag\nBeifahrerairbag-Deaktivierung\nESP\nFahrassistenz-System: Fernlichtassistent\nFahrerairbag\nInnenspiegel, automatisch abblendend\nKindersitzbefestigung ISOFIX\nKopfairbag\nLED-Scheinwerfer\nLichtsensor\nNotbremsassistent\nPASM\nRegensensor\nReifen Druck Control\nScheinwerfer LED mit adaptiver Lichtverteilung\nSeitenairbag\nSicherheitssystem Active Protection\nTraction Control\nWarndreieck\nIrrtümer und Zwischenverkauf vorbehalten.",
  "dealerDetails": {
    "id": 461936,
    "name": "Autohaus Feil GmbH",
    "sellerType": "Dealer",
    "phones": [
      "+49 (0)9831 684953763"
    ],
    "languages": [
      "Deutsch",
      "English"
    ],
    "country": "DE",
    "address": "Ansbacher Strasse 23, DE-91710 Gunzenhausen",
    "location": {
      "latitude": 49.1283862,
      "longitude": 10.746302
    },
    "activeSince": "2002-08-08T00:00:00.000Z",
    "homepageUrl": "https://home.mobile.de/home/redirect.html?customerId=461936",
    "iconUrl": null,
    "reviewPageUrl": "https://www.mobile.de/bewertungen/FEIL?lang=en",
    "score": {
      "total": 4.6,
      "responseTime": 4.7,
      "friendliness": 4.4,
      "advice": 4.8
    },
    "activeRatingCount": 9,
    "vehicleAsDescribedPercentage": 100,
    "recommendPercentage": 100,
    "soldVehicleCount": null,
    "reviews": []
  },
  "attributes": {
    "Vehicle condition": "Used vehicle, Accident-free",
    "Category": "Estate car",
    "Model range": "G81",
    "Trim line": "  Head-Up HK HiFi DAB LED RFK Shz",
    "Availability": "Now",
    "Origin": "German edition",
    "Mileage": "15,150 km",
    "Cubic Capacity": "2,993 ccm",
    "Power": "390 kW (530 hp)",
    "Drive type": "Internal combustion engine",
    "Fuel": "Petrol, E10-enabled",
    "CO₂ class": "Based on CO₂ emissions (combined)",
    "Fuel consumption": [
      "10.4 l/100km (combined)",
      "15.8 l/100km (city)",
      "10.3 l/100km (suburban)",
      "8.8 l/100km (country road)",
      "9.8 l/100km (motorway)"
    ],
    "Energy costs for 15,000 km annual mileage": "€2,802/Year",
    "Fuel price": "€1.80/l (annual average 2024)",
    "Possible CO₂ costs over the next 10 years (15,000 km/year)": [
      "€4,477 (assuming an average CO₂ price of €127/t)",
      "€2,115 (assuming a low average CO₂ price of €60/t)",
      "€7,050 (assuming a high average CO₂ price of €200/t)"
    ],
    "Vehicle tax": "€480/Year",
    "Number of Seats": "5",
    "Door Count": "4/5",
    "Transmission": "Automatic",
    "Emission Class": "Euro6",
    "First Registration": "03/2025",
    "Construction Year": "2025",
    "Number of Vehicle Owners": "1",
    "HU": "03/2028",
    "Climatisation": "Automatic climatisation, 3 zones",
    "Parking sensors": "Rear, 360° camera, Front, Self-steering systems",
    "Airbags": "Front and Side and More Airbags",
    "Colour (Manufacturer)": "SKYSCRAPER GRAU ",
    "Colour": "Grey Metallic",
    "Interior Design": "Full leather, Black",
    "Weight": "1,940 kg",
    "Tank capacity": "59 l",
    "Energy consumption (comb.)": "10.4 l/100km",
    "CO₂ emissions (comb.)": "235 g/km"
  },
  "features": [
    "ABS",
    "Adaptive Cruise Control",
    "Adaptive lighting",
    "Alarm system",
    "Alloy wheels",
    "Ambient lighting",
    "Arm rest",
    "Autom. dimming interior mirror",
    "Blind spot assist",
    "Bluetooth",
    "Cargo barrier",
    "Central locking",
    "DAB radio",
    "Digital cockpit",
    "Distance warning system",
    "Dynamic chassis control",
    "Electric seat adjustment",
    "Electric side mirror",
    "Electric tailgate",
    "Electric windows",
    "Emergency brake assist",
    "Emergency call system",
    "ESP",
    "Four-wheel drive",
    "Full Service History",
    "Glare-free high beam headlights",
    "Hands-free kit",
    "Head-up display",
    "Heated seats",
    "Heated steering wheel",
    "High beam assist",
    "Hill-start assist",
    "Immobilizer",
    "Induction charging for smartphones",
    "Isofix",
    "Keyless central locking",
    "Lane change assist",
    "Leather steering wheel",
    "LED headlights",
    "LED running lights",
    "Light sensor",
    "Lumbar support",
    "Multifunction steering wheel",
    "Navigation system",
    "Non-smoker vehicle",
    "On-board computer",
    "Particulate filter",
    "Power Steering",
    "Rain sensor",
    "Roof rack",
    "Sound system",
    "Speed limit control system",
    "Sport seats",
    "Sports suspension",
    "Start-stop system",
    "Tinted windows",
    "Touchscreen",
    "Traction control",
    "Tuner/radio",
    "Tyre pressure monitoring",
    "USB port",
    "Voice control",
    "Warranty"
  ]
},
{
  "title": "BMW M3 Competition Limousine mit M xDrive HK HiFi",
  "previewImage": "https://img.classistatic.de/api/v1/mo-prod/images/48/482a64f9-a1e2-470e-be6f-103d79415e6d?rule=mo-1600.jpg",
  "category": "Limousine",
  "brand": "BMW",
  "model": "M3",
  "url": "https://suchen.mobile.de/fahrzeuge/details.html?id=422797087",
  "price.total.amount": 94490,
  "priceRating": {
    "rating": "Good price",
    "priceRanges": {
      "Very good price": {
        "start": 72201,
        "end": 93800
      },
      "Good price": {
        "start": 93801,
        "end": 101000
      },
      "Fair price": {
        "start": 101001,
        "end": 112400
      },
      "Increased price": {
        "start": 112401,
        "end": 120600
      },
      "High price": {
        "start": 120601,
        "end": 134000
      }
    }
  },
  "description": "Standort: Gießer Weg 16 - 64673 Zwingenberg \nBitte fragen Sie den aktuellen Standort des Fahrzeuges vor einer Besichtigung telefonisch an. \n\nAngebotsnummer: 1047_NAFS72134 / \n\n\nFür dieses Neufahrzeug werden zusätzliche, nicht im Angebotspreis enthaltene, Überführungskosten berechnet. \n\nDas Fahrzeug wurde für den deutschen Markt produziert - Kein Reimport!\nAlle Angaben ohne Gewähr, Irrtümer, Druckfehler und Zwischenverkauf vorbehalten. Wir bieten Ihnen laufend attraktive Finanzierungsmöglichkeiten und günstige Sonderkonditionen. Bei Interesse erstellen wir Ihnen sehr gern ein individuelles Angebot. **\n\nHinweis zur Produktsicherheitsverordnung:\nEs sind keine sicherheitsrelevanten Mängel am Fahrzeug bekannt! 19''/20'' M Schmiederäder Doppelspeiche 826 M Schwarz / MB, Abgasnorm EU6 RDE II, Ablage für Wireless Charging , Ablagenpaket, ABS, Abstandsregeltempomat, Active Guard, Adaptives M Fahrwerk, Aktive Sitzbelüftung vorn, Aktiver Fussgängerschutz, Alarmanlage, Auto Start/Stop Funktion , Beifahrerairbag, Beifahrerairbag-Deaktivierung, Blow by-Heizer, Bluetooth, BMW Individual Hochglanz Shadow Line, BMW Individual Hochglanz Shadow Line mit erweiterten Umfängen, BMW Live Cockpit Professional, Bordcomputer, Bremsanlage: Compound - M Bremssystem (Bremssättel Schwarz), CO2-Umfang, ConnectedDrive Services (laufzeitgebundener Dienst), ConnectedPackage Professional (laufzeitgebundener Dienst), DAB Tuner, Dachhimmel Individual anthrazit, Dekodierung Zusatzfunktionen, Deutsch / Bordliteratur, Deutschland-Ausfuehrung, Diebstahlwarnanlage, Durchladesystem, Einparkhilfe Sensoren vorne, Elektrisch verstellbare Spiegel, ESP, EU-spezifische Zusatzumfaenge, Fahrassistenz-System: Driving Assistant Professional, Fahrassistenz-System: Fernlichtassistent, Fahrerairbag, Fensterheber, elektrisch, Fondkopfstützen klappbar, Freisprecheinrichtung, Funkfernbedienung, Galvanikapplikation für Bedienelemente, Gesetzlicher Notruf, Heckklappenbetätigung automatisch, Innen- und Aussenspiegel automatisch abblendend, Innenausstattung: Interieurleisten Carbon, Innenspiegel, automatisch abblendend, Innovations-Paket, Kältemittel, Keyless Entry, Kilometertacho, Kindersitzbefestigung ISOFIX, Klimaautomatic, Komfortzugang (Öffnungs- und Schließsystem), Kopfairbag, Leder, Lederlenkrad, LED-Scheinwerfer, Lenkrad heizbar, Lordose, Lordosenstuetze fuer Fahrer und Beifahrer, M Drive Professional, M Sportdifferential, M Sportsitze, Müdigkeitswarnsystem, Multifunktionslenkrad, Notbremsassistent, Notrufsystem, Ölwartungsintervall 24 Monate/30.000 km, Park Distance Control (PDC), Parkassistent-Paket Plus, PASM, Radschraubensicherung, Regensensor, Reifen Druck Control, Reifendruckkontrollsystem, Rückfahrkamera, Scheinwerfer BMW Individual Shadow-Line, Scheinwerfer Laserlicht, Seitenairbag, Sicherheitsgurte M, Sicherheitssystem Active Protection, Sitzheizung, Sitzheizung fuer Fahrer und Beifahrer, Sitzverstellung, elektrisch mit Memory, Sonnenschutzverglasung (hinten abgedunkelt), Sound-System Harman-Kardon, Sportfahrwerk, Sportsitze, Spurhalteassistent, Spurverlassenswarnung, Spurwechselwarnung, Steuerung Infotainment, Steuerung Karosserie, Telefon, TeleServices, Totwinkel-Assistent, Traction Control, USB Schnittstelle, Verglasung Akustikglas, Warndreieck, Wegfahrsperre, Zentralverriegelung, BMW EfficientDynamics: Reifenkennzeichnung | BMW.de, Preis inklusiv Überführung und Zulassung mit Wunschkennzeichen und Feinstaubplakette, für 1.059,00 Euro., Irrtümer und Zwischenverkauf vorbehalten \nIhr Fahrzeug: BMW M3 Competition Limousine mit M xDrive HK HiFi",
  "dealerDetails": {
    "id": 37715665,
    "name": "Emil Frey Vogel Automobile GmbH",
    "sellerType": "Dealer",
    "phones": [
      "+49 (0)6341 681480946"
    ],
    "languages": [
      "Deutsch"
    ],
    "country": "DE",
    "address": "Am Schänzel 6, DE-76829 Landau",
    "location": {
      "latitude": 49.2092155,
      "longitude": 8.1182057
    },
    "activeSince": "2024-12-04T00:00:00.000Z",
    "homepageUrl": "https://home.mobile.de/home/redirect.html?customerId=37715665",
    "iconUrl": null,
    "reviewPageUrl": null,
    "score": null,
    "activeRatingCount": null,
    "vehicleAsDescribedPercentage": null,
    "recommendPercentage": null,
    "soldVehicleCount": null,
    "reviews": []
  },
  "attributes": {
    "Vehicle condition": "New vehicle",
    "Category": "Saloon",
    "Vehicle Number": "1047_NAFS72134",
    "Availability": "Now",
    "Origin": "German edition",
    "Mileage": "10 km",
    "Cubic Capacity": "2,993 ccm",
    "Power": "375 kW (510 hp)",
    "Drive type": "Internal combustion engine",
    "Fuel": "Petrol, E10-enabled",
    "CO₂ class": "Based on CO₂ emissions (combined)",
    "Fuel consumption": [
      "10.0 l/100km (combined)",
      "15.5 l/100km (city)",
      "10.1 l/100km (suburban)",
      "8.6 l/100km (country road)",
      "9.4 l/100km (motorway)"
    ],
    "Energy costs for 15,000 km annual mileage": "€2,694/Year",
    "Fuel price": "€1.80/l (annual average 2025)",
    "Possible CO₂ costs over the next 10 years (15,000 km/year)": [
      "€4,382 (assuming an average CO₂ price of €127/t)",
      "€2,070 (assuming a low average CO₂ price of €60/t)",
      "€6,900 (assuming a high average CO₂ price of €200/t)"
    ],
    "Vehicle tax": "€460/Year",
    "Number of Seats": "5",
    "Door Count": "4/5",
    "Transmission": "Automatic",
    "Emissions Sticker": "4 (Green)",
    "HU": "New",
    "Climatisation": "Automatic air conditioning",
    "Parking sensors": "Rear, Self-steering systems, Front, Camera",
    "Airbags": "Front and Side and More Airbags",
    "Colour (Manufacturer)": "SKYSCRAPER GRAU METALLIC",
    "Colour": "Grey Metallic",
    "Interior Design": "Full leather, Black",
    "Energy consumption (comb.)": "10.0 l/100km",
    "CO₂ emissions (comb.)": "230 g/km"
  },
  "features": [
    "ABS",
    "Alloy wheels",
    "Bluetooth",
    "Central locking",
    "Electric seat adjustment",
    "Electric side mirror",
    "Electric windows",
    "ESP",
    "Four-wheel drive",
    "Full Service History",
    "Hands-free kit",
    "Heated seats",
    "Immobilizer",
    "Isofix",
    "Light sensor",
    "Multifunction steering wheel",
    "Navigation system",
    "On-board computer",
    "Particulate filter",
    "Power Steering",
    "Rain sensor",
    "Sport seats",
    "Sports suspension",
    "Start-stop system",
    "Traction control",
    "Tuner/radio"
  ]
},
{
  "title": "BMW M3 Competition M xDrive Touring Facelift Carbonp",
  "previewImage": "https://img.classistatic.de/api/v1/mo-prod/images/c7/c7fcab3b-c868-4012-b0e7-3a61e8f5ec09?rule=mo-1600.jpg",
  "category": "EstateCar",
  "brand": "BMW",
  "model": "M3",
  "url": "https://suchen.mobile.de/fahrzeuge/details.html?id=431465130",
  "price.total.amount": 95250,
  "priceRating": {
    "rating": "Fair price",
    "priceRanges": {
      "Very good price": {
        "start": 66901,
        "end": 86900
      },
      "Good price": {
        "start": 86901,
        "end": 93600
      },
      "Fair price": {
        "start": 93601,
        "end": 104100
      },
      "Increased price": {
        "start": 104101,
        "end": 111700
      },
      "High price": {
        "start": 111701,
        "end": 124200
      }
    }
  },
  "description": "Antrieb, Fahrwerk\nAdaptives M Fahrwerk\nAllrad\nM Drive Professional\nM Sportdifferenzial\nSportfahrwerk\n\nAußenausstattung\nDachreling Hochglanz Shadow-Line\nHeckklappenbetätigung automatisch\nLM-Felgen\nSonnenschutzverglasung (hinten abgedunkelt)\n\nEditionen und Pakete\nAblagenpaket\nConnected Package Professional (laufzeitgebundener Dienst)\nConnectedDrive Services (laufzeitgebundener Dienst)\nExterieur-Paket M Carbon\nGepäckraum-Paket\nInnovations-Paket (2)\n\nExterieur\nDach und Spiegelkappen schwarz\nDachreling\nElektrische Gepäckraumklappe\n\nFahrerassistenz\nFahrassistenz-System: Driving Assistant Professional\nGesetzlicher Notruf\nHead-Up Display\nParkassistent-Paket Plus\nRückfahrkamera\nSpurverlassenswarnung\nSpurwechselwarnung\nTeleservices\n\nIndividualumfänge\nM Dachreling Hochglanz Shadow Line\nM Hochglanz Shadow Line\nM Hochglanz Shadow Line mit erweiterten Umfängen\nScheinwerfer BMW Individual Shadow-Line\n\nKomfort, Innenausstattung\nAbstandsregeltempomat\nAktive Sitzbelüftung vorn\nAmbiente-Beleuchtung\nAußenspiegel elektr. anklappbar\nBMW Live Cockpit Professional\nDurchladeeinrichtung (Mittelarmlehne hinten)\nDurchladesystem\nEinparkhilfe selbstlenkendes System\nFensterheber elektrisch vorn + hinten\nFensterheber, elektrisch\nFondkopfstützen klappbar\nFreisprecheinrichtung Bluetooth mit USB-/Audio-Schnittstelle\nGalvanikapplikation für Bedienelemente\nGepäckraum-Abtrennung (Netz)\nGeschwindigkeits-Regelanlage mit Bremsfunktion\nHead-up-Display Full Color\nInduktionsladeschale für Smartphone (Wireless Charging)\nInnen- und Außenspiegelpaket\nInnenausstattung: Interieurleisten Carbon\nInnenspiegel mit Abblendautomatik\nIsofix-Aufnahmen für Kindersitz\nKeyless Entry\nKlimaautomatik\nKomfortzugang (Öffnungs- und Schließsystem)\nLeder\nLederlenkrad\nLordose\nLordosenstütze für Fahrer und Beifahrer\nM Sicherheitsgurte\nM Sportsitze\nMultifunktionslenkrad\nSitzheizung für Fahrer und Beifahrer\nSitzverstellung elektrisch mit Memory für Fahrersitz\nSonnenschutzrollo an Türscheiben hinten\nSonnenschutzverglasung\nSportsitze\nSpurhalteassistent\nTempomat\nVerglasung Akustikglas\nZentralverriegelung\n\nMultimedia\nBluetooth\nBMW Live Cockpit Professional (laufzeitgebundener Dienst)\nDAB Tuner\nFreisprecheinrichtung\nHarman Kardon Surround Sound System\nNavigationssystem\nRadio\nTelefon\nUSB Schnittstelle\n\nRäder\nAlufelgen\nLM-Felgen vorn/hinten: 9,5x19 / 10,5x20 (Doppelspeichen 825 M, Bicolor, Schwarz)\nRadschraubensicherung\nReifenreparatur Set\n\nSitzbezug\nLeder Merino Schwarz/Schwarz\n\nSonstiges\n19\"/20\" M Schmiederäder Doppelspeiche 825 M Bicolor Schwarz / MB\nAbdeckkappen Außenspiegel M Carbon\nAblage für Wireless Charging\nActive Guard\nActive Protection\nAdaptiver LED-Scheinwerfer\nAktive Sitzbelüftung vorn\nAkustikverglasung\nBlow by-Heizer\nBMW Digital Key\nDekodierung Zusatzfunktionen\nDeutsch / Bordliteratur\nDeutschland-Ausfuehrung\nDriving Assistant Professional\nElektrisch verstellbare Spiegel\nEU-spezifische Zusatzumfaenge\nFahrassistenz-System: aktiver Spurhalteassistent\nFahrassistenz-System: Ampel-Erkennung\nFahrassistenz-System: Ausweich-Assistent\nFahrassistenz-System: Einparkhilfe Seite\nFahrassistenz-System: Falschfahrwarnung\nFahrassistenz-System: Frontkollisionswarnung\nFahrassistenz-System: Heckaufprall-Vermeidung (Prävention Heckkollision)\nFahrassistenz-System: Kreuzungs-Assistent\nFahrassistenz-System: Park-Assistent\nFahrassistenz-System: Querverkehrs-Assistent\nFahrassistenz-System: Rückfahr-Assistent\nFahrassistenz-System: Rückfahrhilfe Notbremsfunktion (Active PDC)\nFahrassistenz-System: Spurwechselassistent\nFahrassistenz-System: Spurwechsel-Warnsystem\nFernlichtassistent\nGepäckraumpaket\nGeschwindigkeits-Regelanlage, Aktiv mit Stop&Go-Funktion\nHeckdiffusor Carbon\nInduktionsladen für Smartphones\nInnovationspaket\nKaeltemittel\nKilometertacho\nKomfortzugang\nM Carbon Exterieurpaket\nM Interieurleisten 'Carbon Fibre'\nM Leuchten Shadow Line\nMetallic-Lackierung M Brooklyn Grau\nÖlwartungsintervall 24 Monate/30.000 km\nParking Assistant Plus\nPersonal eSIM\nReifendruckkontrollsystem\nRückfahrkamera\nRückfahrkamera (Top View)\nService-System: Remote 3D View\nSitzbezug / Polsterung: Leder Merino Schwarz\nSonnenschutzrollo für hintere Türseitenscheiben\nSteuerung EfficientDynamics\nSteuerung Infotainment\nSteuerung Karosserie\nSurround-Kamerasystem (Surround View)\n\nUmwelt, Sicherheit\nAbgasnorm EU6 RDE II\nABS\nAktiver Fußgängerschutz\nAlarmanlage mit Fernbedienung\nAuto Start/Stop Funktion \nBeifahrerairbag\nBeifahrerairbag-Deaktivierung\nESP\nFahrassistenz-System: Fernlichtassistent\nFahrerairbag\nInnenspiegel automatisch abblendend\nKindersitzbefestigung ISOFIX\nKopfairbag\nLED-Scheinwerfer\nLichtsensor\nNotbremsassistent\nPASM\nRegensensor\nReifendruck-Kontrolle\nScheinwerfer LED mit adaptiver Lichtverteilung\nSeitenairbag\nSicherheitssystem Active Protection\nTraction Control\nWarndreieck\n\nFacelift BMW M3 Touring\nIncl. BMW Premium Selection Neuwagenanschlußgarantie Irrtümer und Zwischenverkauf vorbehalten.",
  "dealerDetails": {
    "id": 38090479,
    "name": "MOTORHEIMAT Wagner - Schwarz GmbH & Co. KG",
    "sellerType": "Dealer",
    "phones": [
      "+49 (0)8071 510029",
      "+49 (0)8071 510025"
    ],
    "languages": [
      "Deutsch",
      "English",
      "Türkçe"
    ],
    "country": "DE",
    "address": "Staudhammer Feld 5, DE-83512 Wasserburg a. Inn",
    "location": {
      "latitude": 48.0678345,
      "longitude": 12.2397565
    },
    "activeSince": "2020-11-11T00:00:00.000Z",
    "homepageUrl": "https://home.mobile.de/home/redirect.html?customerId=38090479",
    "iconUrl": null,
    "reviewPageUrl": "https://www.mobile.de/bewertungen/MOTORHEIMATWAGNERSCHWARZGMBHCOKGWASSERBURGAINN?lang=en",
    "score": {
      "total": 4.7,
      "responseTime": 4.9,
      "friendliness": 4.7,
      "advice": 4.4
    },
    "activeRatingCount": 10,
    "vehicleAsDescribedPercentage": 85,
    "recommendPercentage": 87,
    "soldVehicleCount": null,
    "reviews": []
  },
  "attributes": {
    "Vehicle condition": "Used vehicle, Accident-free",
    "Category": "Estate car, Employee's Car",
    "Model range": "G81N",
    "Trim line": "M xDrive Touring Facelift Carbonpaket ACC 360°",
    "Availability": "Now",
    "Origin": "German edition",
    "Mileage": "13,300 km",
    "Cubic Capacity": "2,993 ccm",
    "Power": "390 kW (530 hp)",
    "Drive type": "Internal combustion engine",
    "Fuel": "Petrol, E10-enabled",
    "CO₂ class": "Based on CO₂ emissions (combined)",
    "Fuel consumption": [
      "10.4 l/100km (combined)",
      "15.8 l/100km (city)",
      "10.3 l/100km (suburban)",
      "8.8 l/100km (country road)",
      "9.8 l/100km (motorway)"
    ],
    "Energy costs for 15,000 km annual mileage": "€0/Year",
    "Fuel price": "€1.80/l (annual average 2024)",
    "Possible CO₂ costs over the next 10 years (15,000 km/year)": [
      "€0 (assuming an average CO₂ price of €127/t)",
      "€0 (assuming a low average CO₂ price of €60/t)",
      "€0 (assuming a high average CO₂ price of €200/t)"
    ],
    "Vehicle tax": "€480/Year",
    "Number of Seats": "5",
    "Door Count": "4/5",
    "Transmission": "Automatic",
    "Emission Class": "Euro6",
    "Emissions Sticker": "4 (Green)",
    "First Registration": "12/2024",
    "Construction Year": "2024",
    "Number of Vehicle Owners": "1",
    "HU": "12/2027",
    "Climatisation": "Automatic climatisation, 3 zones",
    "Parking sensors": "360° camera, Rear, Front, Self-steering systems",
    "Airbags": "Front and Side and More Airbags",
    "Colour (Manufacturer)": "M Brooklyn Grau",
    "Colour": "Grey Metallic",
    "Interior Design": "Full leather, Black",
    "Weight": "1,940 kg",
    "Cylinders": "6",
    "Tank capacity": "59 l",
    "Energy consumption (comb.)": "10.4 l/100km",
    "CO₂ emissions (comb.)": "235 g/km"
  },
  "features": [
    "ABS",
    "Adaptive cornering lights",
    "Adaptive Cruise Control",
    "Alarm system",
    "Alloy wheels",
    "Ambient lighting",
    "Android Auto",
    "Apple CarPlay",
    "Arm rest",
    "Autom. dimming interior mirror",
    "Blind spot assist",
    "Bluetooth",
    "Cargo barrier",
    "Central locking",
    "DAB radio",
    "Digital cockpit",
    "Distance warning system",
    "Dynamic chassis control",
    "Electric seat adjustment",
    "Electric side mirror",
    "Electric tailgate",
    "Electric windows",
    "Eletric seat adjustment with memory function",
    "Emergency brake assist",
    "Emergency call system",
    "Emergency tyre repair kit",
    "ESP",
    "Fatigue warning system",
    "Folding exterior mirrors",
    "Four-wheel drive",
    "Full Service History",
    "Glare-free high beam headlights",
    "Hands-free kit",
    "Head-up display",
    "Heated seats",
    "High beam assist",
    "Hill-start assist",
    "Immobilizer",
    "Induction charging for smartphones",
    "Integrated music streaming",
    "Isofix",
    "Keyless central locking",
    "Lane change assist",
    "Leather steering wheel",
    "LED headlights",
    "LED running lights",
    "Light sensor",
    "Lumbar support",
    "Multifunction steering wheel",
    "Navigation system",
    "Non-smoker vehicle",
    "On-board computer",
    "Paddle shifters",
    "Particulate filter",
    "Power Steering",
    "Rain sensor",
    "Rear traffic alert",
    "Roof rack",
    "Seat ventilation",
    "Sound system",
    "Speed limit control system",
    "Sport seats",
    "Sports package",
    "Sports suspension",
    "Start-stop system",
    "Summer tyres",
    "Tinted windows",
    "Touchscreen",
    "Traction control",
    "Traffic sign recognition",
    "Tuner/radio",
    "Tyre pressure monitoring",
    "USB port",
    "Voice control",
    "Warranty"
  ]
},
{
  "title": "BMW M3 G80",
  "previewImage": "https://img.classistatic.de/api/v1/mo-prod/images/17/178c4993-b8b2-4168-957b-751e9d02a7ee?rule=mo-1600.jpg",
  "category": "Limousine",
  "brand": "BMW",
  "model": "M3",
  "url": "https://suchen.mobile.de/fahrzeuge/details.html?id=431935020",
  "price.total.amount": 94999,
  "priceRating": {
    "rating": "Fair price",
    "priceRanges": {
      "Very good price": {
        "start": 61401,
        "end": 79800
      },
      "Good price": {
        "start": 79801,
        "end": 85900
      },
      "Fair price": {
        "start": 85901,
        "end": 95600
      },
      "Increased price": {
        "start": 95601,
        "end": 102600
      },
      "High price": {
        "start": 102601,
        "end": 114000
      }
    }
  },
  "description": "Verkaufe hier meinen M3 G80.\nHabe das Fahrzeug letztes Jahr im April in München abgeholt.\nEs sind fast alle Carbon Performance Parts verbaut die es gibt.(Bis auf Heckflügel)\nVerkauft ist ein KW V3 Clubsport.\nEs wurden Downpipes von Friedrich Motorsport verbaut.\nFelgen sind BBS RT88.( nur mit Aufpreis ansonsten Original Felgen).\nCarbon Frontgrill von MaxCarbon.\nGelbe Standlicht Module würde ich mitgeben.( Derzeit nicht verbaut).\nEin Clubsport Bügel von BavarianCarTuning in der Variante V3 mitDopoelkreuz ist verbaut, der in Original BBS Gold lackiert ist.\nDie Innenausstattung ist in Top Zustand. Auto hat noch nie Salz gesehen. War ein reines Schönwetter Fahrzeug.\nDer Lack ist komplett Professionell Aufberietet worden und mit Einer Ceramicversiegelung versiegelt inkl. Allen Anbauteilen und alle Scheiben.\n\nFahrzeug weißt keine Schäden auf.\n\nVollausstattung bis auf ACC.",
  "dealerDetails": {
    "sellerType": "Private Seller",
    "country": "DE",
    "address": "DE-91186 Büchenbach",
    "location": {
      "latitude": 49.26556,
      "longitude": 11.05475
    },
    "iconUrl": null,
    "reviewPageUrl": null,
    "score": null,
    "activeRatingCount": null,
    "vehicleAsDescribedPercentage": null,
    "recommendPercentage": null,
    "soldVehicleCount": null,
    "reviews": []
  },
  "attributes": {
    "Vehicle condition": "Used vehicle",
    "Category": "Saloon",
    "Mileage": "12,000 km",
    "Power": "375 kW (510 hp)",
    "Drive type": "Internal combustion engine",
    "Fuel": "Petrol",
    "Transmission": "Automatic",
    "Emissions Sticker": "4 (Green)",
    "First Registration": "04/2024",
    "HU": "04/2027",
    "Climatisation": "A/C (man.)",
    "Parking sensors": "Rear",
    "Colour (Manufacturer)": "RED"
  },
  "features": [
    "ABS",
    "Alloy wheels",
    "Bluetooth",
    "Cruise control",
    "Full Service History",
    "Hands-free kit",
    "Heated seats",
    "Navigation system",
    "Tuner/radio"
  ]
},
{
  "title": "BMW M3 xDrive Tour Competition ACC 360° Sitzlüftung",
  "previewImage": "https://img.classistatic.de/api/v1/mo-prod/images/a3/a3beeac4-dfe0-4c68-baa9-7d87b039e391?rule=mo-1600.jpg",
  "category": "EstateCar",
  "brand": "BMW",
  "model": "M3",
  "url": "https://suchen.mobile.de/fahrzeuge/details.html?id=432128897",
  "price.total.amount": 94989,
  "priceRating": {
    "rating": "Very good price",
    "priceRanges": {
      "Very good price": {
        "start": 73801,
        "end": 95900
      },
      "Good price": {
        "start": 95901,
        "end": 103300
      },
      "Fair price": {
        "start": 103301,
        "end": 114900
      },
      "Increased price": {
        "start": 114901,
        "end": 123300
      },
      "High price": {
        "start": 123301,
        "end": 137000
      }
    }
  },
  "description": "+WILLKOMMEN BEIM AUTOHAUS BAYERNCAR KÖNIGSBRUNN ...kaufen mit gutem Gefühl! ++ALLE FAHRZEUGE optional DEKRA geprüft !++Zwischenverkauf, Änderungen und Irrtümer vorbehalten ++WE ALSO SALE WITHOUT VAT FOR EXPORT-JUST ASK US!++ \nDeutschlandweite Zustellungen möglich!!!\n\nUnsere Serviceleistungen:\n- Allianz Automotive Garantie Erweiterung (optional)\n- Finanzierung über die BMW Premium Financial oder die Credit Plus Bank\nAb sofort sind wir über WhatsApp erreichbar.\nWhatsApp-/FaceTime Kontakt: +49-171 19 021 90\n\n++ BMW M3 Competition xDrive Touring ++\nFarbe: 0475 Saphirschwarz Metallic\nPolster: LKSW Leder Merino Schwarz\n\nSonderausstattung:\n01MB M DRIVE PROFESSIONAL\n01U0 BMW LM Rad 826M JB\n0248 Lenkradheizung\n02PA Radschraubensicherung\n02T4 M Sportdifferenzial\n02VB Reifendruckanzeige\n02VC Reifenreparatur-Set\n02VF Adaptives M Fahrwerk\n0302 Alarmanlage\n0322 Komfortzugang\n0383 Dach und Spiegelkappen schwarz\n03KA Akustik Komfort Verglasung\n03M6 M COMPOUND-BREMSE, SCHWARZ HOCHGL.\n03MC M Dachreling Shadow Line\n03MF M Leuchten Shadow Line\n0420 Abgedunkelte Verglasung\n0428 Warndreieck und Verbandstasche\n0430 Innen-/Aussensp. mit Abblendautomatik\n0431 Innenspiegel automatisch abblendend\n0453 Klimatisierte Sitze vorne\n0459 Sitzverstellung elektrisch mit Memory\n0488 Lordosenstütze Fahrer u. Beifahrer\n0493 Ablagenpaket\n0494 Sitzheizung Fahrer/Beifahrer\n04GQ M Sicherheitsgurte\n04MC Interieurleisten Carbon Fibre\n04NE Blow-by-Heizer\n04U0 Galvanikapplikation Bedienelemente\n0534 Klimaautomatik\n0548 Kilometertacho\n0552 Adaptiver LED-Scheinwerfer\n05AC Fernlichtassistent\n05AL Active Protection\n05AU Driving Assistant Professional\n05AV Active Guard\n05DA Deaktivierung Airbag Beifahrer\n05DC Kopfstützen im Fond klappbar\n05DN Parkassistenzsystem Plus\n0654 DAB-Tuner (DAB+ fähig)\n0688 Harman/Kardon Surround Sound System\n06AE Teleservices\n06AF Gesetzlicher Notruf\n06AK Connected Drive Services\n06C4 Connected Package Professional\n06NX Storage tray wireless charging\n06PA Personal eSIM\n06U3 BMW Live Cockpit Professional\n06VB Steuerung Infotainment\n0712 M Sportsitz\n0760 Hochglanz Shadow-Line\n0775 Dachhimmel anthrazit\n07A2 Innovationspaket II\n07M9 M Shadow Line mit erweitertem Umfang \n\nSerien-Ausstattung:\nAblage-Paket\nAdaptives Fahrwerk M-Technic\nAirbag Fahrer-/Beifahrerseite\nAktives M Differential\nAlarmanlage\nAmbiente-Beleuchtung\nAnti-Blockier-System (ABS)\nAntriebsart: Allradantrieb\nAusstattungs-Paket: Connected Professional\nAutomatische Stabilitäts-Control (ASC)\nAußenausstattung: Shadow-Line Hochglanz\nBedienelemente galvanisiert\nBlinkleuchte in Außenspiegel integriert\nBMW Live Cockpit Professional\nDach schwarz lackiert\nDachhimmel Anthrazit (BMW Individual)\nDachreling Hochglanz Shadow-Line\nDiebstahlsicherung für Räder (Felgenschlösser)\nDurchladeeinrichtung (Mittelarmlehne hinten)\nDynamische Tractions Control (DTC)\nEinstiegsleisten mit Einleger in Aluminium mit Schriftzug M\nActive Guard (Bremsassistent)\nFreisprecheinrichtung Bluetooth mit USB-/Audio-Schnittstelle\nGeschwindigkeits-Regelanlage mit Bremsfunktion\nGetriebe Automatik - mit Steptronic und Drivelogic (8-Stufen)\nHeckklappenbetätigung automatisch\nHeckleuchten LED\nInduktionsladeschale für Smartphone (Wireless Charging)\nInnenspiegel mit Abblendautomatik\nIsofix-Aufnahmen für Kindersitz\nKennzeichenbeleuchtung LED\nKlimaautomatik 3-Zonen mit autom. Umluft-Control\nKnieairbag Fahrerseite\nKopfstützen hinten klappbar\nLendenwirbelstütze Sitz vorn links und rechts, elektr. verstellbar\nLenkrad (Leder) mit Multifunktion M-Technic\nLeuchtweitenregelung\nLicht- und Regensensor\nM Drive Professional (Fahrprofilauswahl)\nRadioempfang digital (DAB+)\nReifen-Reparaturset (Mobility-Pack)\nReifendruck-Kontrollsystem\nSchaltpunktanzeige\nScheibenwischer mit Regensensor\nScheinwerfer LED\nSeitenairbag vorn\nSicherheitsgurte M\nSitze vorn elektr. verstellbar (mit Memory)\nSitzheizung vorn\nSonnenschutzverglasung (hinten abgedunkelt)\nSound-System Harman-Kardon\nSpiegel-Paket\nSportdifferential\nSteckdose (12V-Anschluß) in Mittelkonsole vorn\nWärme-/Sonnenschutzverglasung\nZentralverriegelung mit Diebstahlsicherung und Crashsensor\n\nWir bieten unsere Fahrzeuge bereits kurz nach Kauf und ohne Bilder an. Sobald diese bei uns eingetroffen sind werden Bilder eingestellt.\nMit einer Bestellung versenden wir nochmal eine detaillierte Aufstellung der kompletten Fahrzeugausstattung. Wir bitten diese vor Vertragsabschluß sorgfältig zu lesen, da Fehler\nim Inserat vorbehaltlich sind und Irrtümer nicht ausgeschlossen werden können.",
  "dealerDetails": {
    "id": 451587,
    "name": "BayernCar GmbH",
    "sellerType": "Dealer",
    "phones": [
      "+49 (0)8231 926978644"
    ],
    "messengers": {
      "WHATS_APP": "+49 (0)171 1902190"
    },
    "languages": [
      "Deutsch",
      "English"
    ],
    "country": "DE",
    "address": "Dornierstraße 10, DE-86343 Königsbrunn",
    "location": {
      "latitude": 48.2539715,
      "longitude": 10.8711669
    },
    "activeSince": "2005-10-17T00:00:00.000Z",
    "homepageUrl": "https://home.mobile.de/home/redirect.html?customerId=451587",
    "iconUrl": "https://img.classistatic.de/api/v1/mo-prod/images/f7/f73f1ae9-a818-4727-830b-e5061e043ce7?rule=mo-640.jpg",
    "reviewPageUrl": "https://www.mobile.de/bewertungen/BAYERN-CAR?lang=en",
    "score": {
      "total": 4.6,
      "responseTime": 4.6,
      "friendliness": 4.7,
      "advice": 4.5
    },
    "activeRatingCount": 47,
    "vehicleAsDescribedPercentage": 94,
    "recommendPercentage": 94,
    "soldVehicleCount": null,
    "reviews": []
  },
  "attributes": {
    "Vehicle condition": "Used vehicle, Accident-free",
    "Category": "Estate car, Demonstration Vehicle",
    "Model range": "Baureihe M3 Touring (G81N)(07.2024->)",
    "Trim line": "xDrive Competition M",
    "Vehicle Number": "25-08995",
    "Availability": "From Sep 12, 2025",
    "Mileage": "6,000 km",
    "Cubic Capacity": "2,993 ccm",
    "Power": "390 kW (530 hp)",
    "Drive type": "Internal combustion engine",
    "Fuel": "Petrol",
    "CO₂ class": "Based on CO₂ emissions (combined)",
    "Fuel consumption": [
      "10.3 l/100km (combined)"
    ],
    "Energy costs for 15,000 km annual mileage": "€2,858/Year",
    "Fuel price": "€1.85/l (annual average 2024)",
    "Possible CO₂ costs over the next 10 years (15,000 km/year)": [
      "€4,019 (assuming an average CO₂ price of €115/t)",
      "€1,748 (assuming a low average CO₂ price of €50/t)",
      "€6,640 (assuming a high average CO₂ price of €190/t)"
    ],
    "Number of Seats": "5",
    "Door Count": "4/5",
    "Transmission": "Automatic",
    "Emission Class": "Euro6",
    "Emissions Sticker": "4 (Green)",
    "First Registration": "05/2025",
    "Number of Vehicle Owners": "1",
    "HU": "05/2028",
    "Climatisation": "Automatic climatisation, 3 zones",
    "Parking sensors": "Rear, 360° camera, Front, Self-steering systems",
    "Airbags": "Front and Side and More Airbags",
    "Colour (Manufacturer)": "(0475) Saphirschwarz Metal",
    "Colour": "Black Metallic",
    "Interior Design": "Full leather, Black",
    "Weight": "1,940 kg",
    "Cylinders": "6",
    "Energy consumption (comb.)": "10.3 l/100km",
    "CO₂ emissions (comb.)": "233 g/km"
  },
  "features": [
    "ABS",
    "Adaptive cornering lights",
    "Adaptive Cruise Control",
    "Alarm system",
    "Alloy wheels",
    "Ambient lighting",
    "Android Auto",
    "Apple CarPlay",
    "Autom. dimming interior mirror",
    "Blind spot assist",
    "Bluetooth",
    "Cargo barrier",
    "Central locking",
    "DAB radio",
    "Digital cockpit",
    "Distance warning system",
    "Dynamic chassis control",
    "Electric seat adjustment",
    "Electric side mirror",
    "Electric tailgate",
    "Electric windows",
    "Eletric seat adjustment with memory function",
    "Emergency brake assist",
    "Emergency call system",
    "ESP",
    "Fatigue warning system",
    "Fog lamp",
    "Folding exterior mirrors",
    "Four-wheel drive",
    "Full Service History",
    "Glare-free high beam headlights",
    "Hands-free kit",
    "Head-up display",
    "Heated seats",
    "Heated steering wheel",
    "High beam assist",
    "Hill-start assist",
    "Immobilizer",
    "Induction charging for smartphones",
    "Integrated music streaming",
    "Isofix",
    "Keyless central locking",
    "Lane change assist",
    "Leather steering wheel",
    "LED headlights",
    "LED running lights",
    "Light sensor",
    "Lumbar support",
    "Multifunction steering wheel",
    "Navigation system",
    "Non-smoker vehicle",
    "On-board computer",
    "Paddle shifters",
    "Power Steering",
    "Rain sensor",
    "Rear traffic alert",
    "Roof rack",
    "Seat ventilation",
    "Ski bag",
    "Sound system",
    "Speed limit control system",
    "Sport seats",
    "Sports package",
    "Sports suspension",
    "Start-stop system",
    "Summer tyres",
    "Tinted windows",
    "Touchscreen",
    "Traction control",
    "Traffic sign recognition",
    "Tuner/radio",
    "Tyre pressure monitoring",
    "USB port",
    "Voice control",
    "Warranty",
    "WLAN / Wi-Fi hotspot"
  ]
},
{
  "title": "BMW M3 Limousine Competition Mxdrive HeadUp Sitzbelü",
  "previewImage": "https://img.classistatic.de/api/v1/mo-prod/images/0c/0c9598d4-07bd-44ee-97bc-6470bb2c1bfd?rule=mo-1600.jpg",
  "category": "Limousine",
  "brand": "BMW",
  "model": "M3",
  "url": "https://suchen.mobile.de/fahrzeuge/details.html?id=426145775",
  "price.total.amount": 95900,
  "priceRating": {
    "rating": "Very good price",
    "priceRanges": {
      "Very good price": {
        "start": 74801,
        "end": 97300
      },
      "Good price": {
        "start": 97301,
        "end": 104800
      },
      "Fair price": {
        "start": 104801,
        "end": 116500
      },
      "Increased price": {
        "start": 116501,
        "end": 125100
      },
      "High price": {
        "start": 125101,
        "end": 139000
      }
    }
  },
  "description": "Antrieb, Fahrwerk\nAdaptives M Fahrwerk\nAllrad\nBremsanlage: Compound - M Bremssystem (Bremssättel Rot)\nM Drive Professional\nM Sportdifferential\nSportfahrwerk\n\nAußenausstattung\nLM-Felgen\nSonnenschutzverglasung (hinten abgedunkelt)\n\nEditionen und Pakete\nAblagenpaket\nConnectedDrive Services (laufzeitgebundener Dienst)\nConnectedPackage Professional (laufzeitgebundener Dienst)\nInnovations-Paket (2)\n\nFahrerassistenz\nGeschwindigkeitsregelung mit Bremsfunktion\nGesetzlicher Notruf\nHead-Up Display\nParkassistent-Paket Plus\nRückfahrkamera\nSpurwechselwarnung\nTeleServices\n\nIndividualumfänge\nBMW Individual Hochglanz Shadow Line\nBMW Individual Hochglanz Shadow Line mit erweiterten Umfängen\nDachhimmel Individual anthrazit\nScheinwerfer BMW Individual Shadow-Line\n\nKomfort, Innenausstattung\nAktive Sitzbelüftung vorn\nAmbiente-Beleuchtung\nAußenspiegel elektr. anklappbar\nAutomatische Verriegelung beim Anfahren\nBMW Live Cockpit Professional\nDurchladeeinrichtung (Mittelarmlehne hinten)\nDurchladesystem\nEinparkhilfe selbstlenkendes System\nFensterheber elektrisch vorn + hinten\nFensterheber, elektrisch\nFondkopfstützen klappbar\nFreisprecheinrichtung Bluetooth mit USB-/Audio-Schnittstelle\nGalvanikapplikation für Bedienelemente\nGeschwindigkeits-Regelanlage mit Bremsfunktion\nHead-up-Display Full Color\nHeckklappenbetätigung automatisch\nInduktionsladeschale für Smartphone (Wireless Charging)\nInnen- und Aussenspiegel automatisch abblendend\nInnenausstattung: Interieurleisten Carbon\nInnenspiegel mit Abblendautomatik\nIsofix-Aufnahmen für Kindersitz\nKeyless Entry\nKlimaautomatic\nKlimaautomatik 3-Zonen mit autom. Umluft-Control\nKomfortzugang (Öffnungs- und Schließsystem)\nLeder\nLederlenkrad\nLendenwirbelstütze Sitz vorn links und rechts, elektr. verstellbar\nLenkrad (Leder) mit Multifunktion M-Technic\nLenkrad (M Sport, Alcantara)\nLenkrad heizbar\nLicht- und Regensensor\nLordose\nLordosenstuetze fuer Fahrer und Beifahrer\nM Sicherheitsgurte\nM Sportsitze\nMultifunktion für Lenkrad\nMultifunktionslenkrad\nRadioempfang digital (DAB+)\nScheibenwischer mit Regensensor\nService-System: Augmented Reality für Navigation\nSitze vorn elektr. verstellbar (mit Memory)\nSitzheizung fuer Fahrer und Beifahrer\nSitzheizung vorn\nSitzverstellung, elektrisch mit Memory\nSonnenschutzverglasung\nSportsitze\nZentralverriegelung\n\nMultimedia\nBluetooth\nBMW Live Cockpit Professional (laufzeitgebundener Dienst)\nDAB Tuner\nFreisprecheinrichtung\nHarman Kardon Surround Sound System\nNavigationssystem\nRadio\nTelefon\nUSB Schnittstelle\n\nRäder\nAlufelgen\nLM-Felgen vorn/hinten: 9,5x19 / 10,5x20 (Doppelspeichen 826 M, Bicolor, Schwarz)\nRadschraubensicherung\nReifenreparatur-Set\n\nSitzbezug\nLeder Merino schwarz\n\nSonstiges\nAblage für Wireless Charging \nActive Guard\nBlow by-Heizer\nCO2-Umfang\nDeutsch / Bordliteratur\nDeutschland-Ausfuehrung\nElektrisch verstellbare Spiegel\nEU-spezifische Zusatzumfaenge\nFahrassistenz-System: Einparkhilfe Seite\nFahrassistenz-System: Frontkollisionswarnung\nFahrassistenz-System: Heckaufprall-Vermeidung (Prävention Heckkollision)\nFahrassistenz-System: Park-Assistent\nFahrassistenz-System: Querverkehrs-Assistent\nFahrassistenz-System: Rückfahr-Assistent\nFahrassistenz-System: Rückfahrhilfe Notbremsfunktion (Active PDC)\nFahrassistenz-System: Spurwechselassistent\nFahrassistenz-System: Spurwechsel-Warnsystem\nKältemittel\nKilometertacho\nMetallic-Lackierung\nÖlwartungsintervall 24 Monate/30.000 km\nPersonal eSIM \nReifendruckkontrollsystem\nRückfahrkamera\nRückfahrkamera (Top View)\nService-System: Remote 3D View\nSitzbezug / Polsterung: Leder Merino Schwarz\nSteuerung Infotainment\nSteuerung Karosserie\nSurround-Kamerasystem (Surround View)\n\nUmwelt, Sicherheit\nAbgasnorm EU6 RDE II\nABS\nAktiver Fussgängerschutz\nAlarmanlage\nAuto Start/Stop Funktion \nBeifahrerairbag\nBeifahrerairbag-Deaktivierung\nDiebstahlwarnanlage\nESP\nFahrassistenz-System: Driving Assistant\nFahrassistenz-System: Fernlichtassistent\nFahrerairbag\nInnenspiegel, automatisch abblendend\nKindersitzbefestigung ISOFIX\nKopfairbag\nLED-Scheinwerfer\nLichtsensor\nNotbremsassistent\nPASM\nRegensensor\nReifen Druck Control\nScheinwerfer LED mit adaptiver Lichtverteilung\nSeitenairbag\nTraction Control\nWarndreieck\n\nAuf Wunsch mit M-Drivers-Package = VMax Anhebung und Gutschein der BMW Driving Experience für ein Fahrertraining für 2.450,00€ inkl. Mwst. auf separate Rechnung.\nNO EXPORT POSSIBLE / NO DEALERS\nAuf Wunsch mit Heckgepäckträger nur für Stützlast / Fahrradträger auf separate Rechnung Irrtümer und Zwischenverkauf vorbehalten.",
  "dealerDetails": {
    "id": 456454,
    "name": "Autohaus Praller GmbH",
    "sellerType": "Dealer",
    "phones": [
      "+49 (0)9498 588980577"
    ],
    "languages": [
      "Deutsch",
      "English"
    ],
    "country": "DE",
    "address": "Regensburger Str. 35, DE-93180 Deuerling",
    "location": {
      "latitude": 49.0371467,
      "longitude": 11.9042841
    },
    "activeSince": "2002-07-17T00:00:00.000Z",
    "homepageUrl": "https://home.mobile.de/home/redirect.html?customerId=456454",
    "iconUrl": "https://img.classistatic.de/api/v1/mo-prod/images/5a/5adfb1fb-bb7e-449a-a133-0d97ad9ae5a4?rule=mo-640.jpg",
    "reviewPageUrl": "https://www.mobile.de/bewertungen/AH-PRALLER?lang=en",
    "score": {
      "total": 4.7,
      "responseTime": 4.6,
      "friendliness": 5,
      "advice": 4.5
    },
    "activeRatingCount": 8,
    "vehicleAsDescribedPercentage": 85,
    "recommendPercentage": 100,
    "soldVehicleCount": null,
    "reviews": []
  },
  "attributes": {
    "Vehicle condition": "New vehicle, Accident-free",
    "Category": "Saloon",
    "Model range": "G80",
    "Trim line": "Competition Mxdrive HeadUp Sitzbelüftung 360Kamera Har…",
    "Vehicle Number": "B00448G80-SKY",
    "Availability": "Now",
    "Origin": "German edition",
    "Mileage": "0 km",
    "Cubic Capacity": "2,993 ccm",
    "Power": "390 kW (530 hp)",
    "Drive type": "Internal combustion engine",
    "Fuel": "Petrol, E10-enabled",
    "CO₂ class": "Based on CO₂ emissions (combined)",
    "Fuel consumption": [
      "10.2 l/100km (combined)",
      "15.4 l/100km (city)",
      "10.1 l/100km (suburban)",
      "8.7 l/100km (country road)",
      "9.5 l/100km (motorway)"
    ],
    "Energy costs for 15,000 km annual mileage": "€2,748/Year",
    "Fuel price": "€1.80/l (annual average 2024)",
    "Possible CO₂ costs over the next 10 years (15,000 km/year)": [
      "€4,382 (assuming an average CO₂ price of €127/t)",
      "€2,070 (assuming a low average CO₂ price of €60/t)",
      "€6,900 (assuming a high average CO₂ price of €200/t)"
    ],
    "Vehicle tax": "€460/Year",
    "Number of Seats": "5",
    "Door Count": "4/5",
    "Transmission": "Automatic",
    "Emission Class": "Euro6",
    "Emissions Sticker": "4 (Green)",
    "Construction Year": "2025",
    "Number of Vehicle Owners": "0",
    "HU": "New",
    "Climatisation": "Automatic climatisation, 3 zones",
    "Parking sensors": "Rear, 360° camera, Front, Self-steering systems",
    "Airbags": "Front and Side and More Airbags",
    "Colour (Manufacturer)": "SKYSCRAPER GRAU METALLIC",
    "Colour": "Grey Metallic",
    "Interior Design": "Full leather, Black",
    "Weight": "1,855 kg",
    "Tank capacity": "59 l",
    "Energy consumption (comb.)": "10.2 l/100km",
    "CO₂ emissions (comb.)": "230 g/km"
  },
  "features": [
    "ABS",
    "Adaptive cornering lights",
    "Alarm system",
    "Alloy wheels",
    "Ambient lighting",
    "Android Auto",
    "Apple CarPlay",
    "Arm rest",
    "Autom. dimming interior mirror",
    "Blind spot assist",
    "Bluetooth",
    "Central locking",
    "Cruise control",
    "DAB radio",
    "Digital cockpit",
    "Distance warning system",
    "Dynamic chassis control",
    "Electric seat adjustment",
    "Electric side mirror",
    "Electric tailgate",
    "Electric windows",
    "Eletric seat adjustment with memory function",
    "Emergency brake assist",
    "Emergency call system",
    "ESP",
    "Fatigue warning system",
    "Folding exterior mirrors",
    "Four-wheel drive",
    "Full Service History",
    "Glare-free high beam headlights",
    "Hands-free kit",
    "Head-up display",
    "Heated seats",
    "Heated steering wheel",
    "High beam assist",
    "Hill-start assist",
    "Immobilizer",
    "Induction charging for smartphones",
    "Integrated music streaming",
    "Isofix",
    "Keyless central locking",
    "Lane change assist",
    "Leather steering wheel",
    "LED headlights",
    "LED running lights",
    "Light sensor",
    "Lumbar support",
    "Multifunction steering wheel",
    "Navigation system",
    "Non-smoker vehicle",
    "On-board computer",
    "Paddle shifters",
    "Particulate filter",
    "Power Steering",
    "Rain sensor",
    "Seat ventilation",
    "Sound system",
    "Speed limit control system",
    "Sport seats",
    "Sports package",
    "Sports suspension",
    "Start-stop system",
    "Summer tyres",
    "Tinted windows",
    "Touchscreen",
    "Traction control",
    "Traffic sign recognition",
    "Trailer coupling preparation",
    "Tuner/radio",
    "Tyre pressure monitoring",
    "USB port",
    "Voice control",
    "Warranty",
    "WLAN / Wi-Fi hotspot"
  ]
},
{
  "title": "BMW M3 Competition M xDrive Limousine Harman/K LED",
  "previewImage": "https://img.classistatic.de/api/v1/mo-prod/images/9e/9e559f74-7117-4664-be2f-d8d87c68395e?rule=mo-1600.jpg",
  "category": "Limousine",
  "brand": "BMW",
  "model": "M3",
  "url": "https://suchen.mobile.de/fahrzeuge/details.html?id=429631972",
  "price.total.amount": 95908,
  "priceRating": {
    "rating": "Fair price",
    "priceRanges": {
      "Very good price": {
        "start": 66201,
        "end": 86100
      },
      "Good price": {
        "start": 86101,
        "end": 92700
      },
      "Fair price": {
        "start": 92701,
        "end": 103100
      },
      "Increased price": {
        "start": 103101,
        "end": 110700
      },
      "High price": {
        "start": 110701,
        "end": 123000
      }
    }
  },
  "description": "Antrieb, Fahrwerk\nAdaptives M Fahrwerk\nAllrad\nAutomatic\nM Sportdifferenzial\n\nEditionen und Pakete\nAblagenpaket\nConnected Package Professional (laufzeitgebundener Dienst)\nConnectedDrive Services (laufzeitgebundener Dienst)\nInnovationspaket\n\nExterieur\nGlasdach elektrisch\nSchiebedach\n\nFahrerassistenz\nDriving Assistant Professional\nGesetzlicher Notruf\nParking Assistant Plus\n\nIndividualumfänge\nM Hochglanz Shadow Line\nM Hochglanz Shadow Line mit erweiterten Umfängen\n\nKomfort, Innenausstattung\nAutomatische Heckklappenbetätigung\nFondkopfstützen klappbar\nGalvanikapplikation für Bedienelemente\nInnen- und Außenspiegelpaket\nKlimaautomatik\nKomfortzugang\nLordosenstütze für Fahrer und Beifahrer\nM Sicherheitsgurte\nM Sportsitze\nSitzheizung für Fahrer und Beifahrer\nSitzverstellung elektrisch\nSitzverstellung elektrisch mit Memory für Fahrersitz\nSonnenschutzverglasung\n\nMultimedia\nBMW Live Cockpit Professional (laufzeitgebundener Dienst)\nDAB Tuner\nHarman Kardon Surround Sound System\n\nRäder\n19\"/20\" M Schmiederäder Doppelspeiche 826 M Schwarz / MB\n\nSitzbezug\nLeder Merino Schwarz/Schwarz\n\nSonstiges\nAblage für Wireless Charging\nABS\nActive Guard\nBMW Apps\nIndividual\nKlimaanlage oder -automatik\nLeder\nLordose\nM Drive Professional\nM Interieurleisten Aluminium Rhombicle Anthrazit\nM Leuchten Shadow Line\nPersonal eSIM\nSitzheizung\nSportfahrwerk\nSteuerung D\nSteuerung FAS 18\nUnfallfrei\n\nUmwelt, Sicherheit\nActive Protection\nAdaptiver LED-Scheinwerfer\nAktiver Fußgängerschutz\nAlarmanlage mit Fernbedienung\nBeifahrerairbag-Deaktivierung\nFernlichtassistent\nInnenspiegel automatisch abblendend\n\nGebr. Winterräder inkl., FZG-Neupreis am Tag der EZ 111.659 EUR Irrtümer und Zwischenverkauf vorbehalten.",
  "dealerDetails": {
    "id": 463215,
    "name": "BMW AG Niederlassung Hamburg",
    "sellerType": "Dealer",
    "phones": [
      "+49 (0)40 5247939125"
    ],
    "languages": [
      "Deutsch",
      "English",
      "Polski",
      "Türkçe"
    ],
    "country": "DE",
    "address": "Rahlstedter Straße 10, DE-22885 Barsbüttel bei Hamburg",
    "location": {
      "latitude": 53.5769306,
      "longitude": 10.1934161
    },
    "activeSince": "2000-12-20T00:00:00.000Z",
    "homepageUrl": "https://home.mobile.de/home/redirect.html?customerId=463215",
    "iconUrl": "https://img.classistatic.de/api/v1/mo-prod/images/4c/4c68a699-b421-4544-af5f-e0fcdab888f5?rule=mo-640.jpg",
    "reviewPageUrl": "https://www.mobile.de/bewertungen/BMW-NL?lang=en",
    "score": {
      "total": 4.3,
      "responseTime": 4.2,
      "friendliness": 4.5,
      "advice": 4.2
    },
    "activeRatingCount": 100,
    "vehicleAsDescribedPercentage": 91,
    "recommendPercentage": 80,
    "soldVehicleCount": null,
    "reviews": []
  },
  "attributes": {
    "Vehicle condition": "Used vehicle",
    "Category": "Saloon, Employee's Car",
    "Model range": "M3",
    "Trim line": "M xDrive Limousine Harman/K LED",
    "Vehicle Number": "DG344069",
    "Availability": "Now",
    "Mileage": "15,595 km",
    "Cubic Capacity": "2,993 ccm",
    "Power": "390 kW (530 hp)",
    "Drive type": "Internal combustion engine",
    "Fuel": "Petrol, E10-enabled",
    "CO₂ class": "Based on CO₂ emissions (combined)",
    "Fuel consumption": [
      "10.2 l/100km (combined)",
      "15.4 l/100km (city)",
      "10.1 l/100km (suburban)",
      "8.7 l/100km (country road)",
      "9.5 l/100km (motorway)"
    ],
    "Energy costs for 15,000 km annual mileage": "€0/Year",
    "Fuel price": "€1.80/l (annual average 2024)",
    "Possible CO₂ costs over the next 10 years (15,000 km/year)": [
      "€0 (assuming an average CO₂ price of €127/t)",
      "€0 (assuming a low average CO₂ price of €60/t)",
      "€0 (assuming a high average CO₂ price of €200/t)"
    ],
    "Number of Seats": "5",
    "Door Count": "4/5",
    "Transmission": "Automatic",
    "Emission Class": "Euro6",
    "Emissions Sticker": "4 (Green)",
    "First Registration": "01/2025",
    "Construction Year": "2025",
    "Number of Vehicle Owners": "1",
    "HU": "01/2028",
    "Climatisation": "Automatic air conditioning",
    "Parking sensors": "Front, Rear, Self-steering systems",
    "Airbags": "Front Airbags",
    "Colour (Manufacturer)": "M Isle of Man Grün",
    "Colour": "Green Metallic",
    "Interior Design": "Full leather, Black",
    "Energy consumption (comb.)": "10.2 l/100km",
    "CO₂ emissions (comb.)": "229 g/km"
  },
  "features": [
    "ABS",
    "Adaptive lighting",
    "Alarm system",
    "Alloy wheels",
    "Autom. dimming interior mirror",
    "Bluetooth",
    "Central locking",
    "DAB radio",
    "Digital cockpit",
    "Electric seat adjustment",
    "Electric tailgate",
    "Electric windows",
    "Eletric seat adjustment with memory function",
    "Emergency call system",
    "ESP",
    "Four-wheel drive",
    "Full Service History",
    "Glare-free high beam headlights",
    "Hands-free kit",
    "Heated seats",
    "High beam assist",
    "Hill-start assist",
    "Immobilizer",
    "Induction charging for smartphones",
    "Isofix",
    "Keyless central locking",
    "LED headlights",
    "LED running lights",
    "Light sensor",
    "Lumbar support",
    "Multifunction steering wheel",
    "Navigation system",
    "On-board computer",
    "Power Steering",
    "Rain sensor",
    "Sound system",
    "Sport seats",
    "Sports package",
    "Sports suspension",
    "Start-stop system",
    "Sunroof",
    "Tinted windows",
    "Touchscreen",
    "Traction control",
    "Tuner/radio",
    "Voice control",
    "Warranty",
    "Winter tyres"
  ]
},
{
  "title": "BMW M3 xDRIVE COMPETITION*280KM/H*SERVICE ...",
  "previewImage": "https://img.classistatic.de/api/v1/mo-prod/images/16/1643375e-c3a7-472d-b0af-48822c3b7ef4?rule=mo-1600.jpg",
  "category": "EstateCar",
  "brand": "BMW",
  "model": "M3",
  "url": "https://suchen.mobile.de/fahrzeuge/details.html?id=432058286",
  "price.total.amount": 94990,
  "priceRating": {
    "rating": "Good price",
    "priceRanges": {
      "Very good price": {
        "start": 71101,
        "end": 92500
      },
      "Good price": {
        "start": 92501,
        "end": 99600
      },
      "Fair price": {
        "start": 99601,
        "end": 110700
      },
      "Increased price": {
        "start": 110701,
        "end": 118900
      },
      "High price": {
        "start": 118901,
        "end": 132100
      }
    }
  },
  "description": "1.Hand, unfallfrei, BMW-scheckheftgepflegt(Inspektion neu) !!!\nSERVICE INKLUSIVE 36 MONATE !!!\nSERVICE NEU !!!\nMWST AUSWEISBAR !!!\nDeutsches Fahrzeug !!! NEU-ZUSTAND !!!\nGerne nehmen wir Ihren Gebrauchtwagen in Zahlung.\n\n\nAussenfarbe: Saphirschwarz-metallic\nInnenausstattung: Volleder Merino Feinnarbe schwarz\nLISTENPREIS INKL. ÜF + SERVICEPAKET ca. 121.000\n\n\nSonderausstattung:\n\nAKTIVE SITZBELÜFTUNG VORN\nBremsanlage: Compound - M Bremssystem (Bremssättel Rot)\nFahrassistenz-System: Driving Assistant Professional\nFahrassistenz-System: Fernlichtassistent\nInnovations-Paket (2)\nLENKRAD HEIZBAR\nM-DRIVERS PACKAGE (VMAX 280 KM/H)\nMetallic-Lackierung\nScheinwerfer BMW Individual Shadow-Line\nSitzbezug / Polsterung: Voll-Leder Merino\nVerglasung Akustikglas\nAblage-Paket\nAdaptives Fahrwerk M-Technic\nAirbag Beifahrerseite abschaltbar, Airbag Fahrer-/Beifahrerseite\nAktives M Differential\nAlarmanlage\nAmbiente-Beleuchtung\nAnhänger-Stabilisierungs-Programm (ASL)\nAusstattungs-Paket: Connected Professional\nAutomatische Stabilitäts-Control (ASC)\nAußenausstattung: Shadow-Line Hochglanz\nAußenausstattung: Shadow-Line Hochglanz (erweiterter Umfang)\nBedienelemente galvanisiert\nBlinkleuchte in Außenspiegel integriert\nBMW Live Cockpit Professional\nCOMPETITION\nDach und Spiegelklappen schwarz lackiert\nDachhimmel Anthrazit (BMW Individual)\nDachreling Hochglanz Shadow-Line\nDiebstahlsicherung für Räder (Felgenschlösser)\nDurchladeeinrichtung (Mittelarmlehne hinten)\nDynamische Stabilitäts-Control (DSC) mit erweiterter Umfang\nDynamische Tractions Control (DTC)\nEinstiegsleisten mit Einleger in Aluminium mit Schriftzug M\nErste Hilfe-Kasten / Verbandkasten\nFahrassistenz-System: Active Guard (Bremsassistent)\nFensterheber elektrisch vorn + hinten\nFreisprecheinrichtung Bluetooth mit USB-/Audio-Schnittstelle\nGepäckraum-Abtrennung (Netz)\nGetriebe Automatik - mit Steptronic und Drivelogic (8-Stufen)\nGetränkehalter\nHeckklappenbetätigung automatisch\nHeckleuchten LED\nInduktionsladeschale für Smartphone (Wireless Charging)\nInnenausstattung: Interieurleisten Alu Rhombicle mit Akzentleiste\nInnenspiegel mit Abblendautomatik\nIsofix-Aufnahmen für Kindersitz\nKarosserie: 5-türig\nKennzeichenbeleuchtung LED\nKlimaautomatik 3-Zonen mit autom. Umluft-Control\nKnieairbag Fahrerseite, Kopf-Airbag-System hinten, Kopf-Airbag-System vorn\nKopfstützen hinten klappbar\nLendenwirbelstütze Sitz vorn links und rechts, elektr. verstellbar\nLenksäule (Lenkrad) mechan. verstellbar\nLeuchtweitenregelung, Lichtassistent (Follow me home)\nBMW M LM-Felgen 19\" + 20\"\nM Drive (Fahrprofilauswahl)\nM Sportdifferenzial\nM Drive Professional (Fahrprofilauswahl)\nM Dachreling Hochglanz Shadow Line\nModellpflege, Motor 3,0 Ltr. - 390 kW 24V TwinPower Turbo (S58)\nMultifunktion für Lenkrad\nOtto-Partikelfilter (OPF)\nParkassistent-Paket\nPersonalisierungssystem (BMW ID)\nPersonalisierungssystem (Personal eSIM)\nRadioempfang digital (DAB+)\nReifen-Reparaturset (Mobility-Pack)\nReifendruck-Kontrollsystem\nReifenpannen-Anzeige\nSchadstoffarm nach Abgasnorm Euro 6e\nSchaltpunktanzeige\nScheinwerfer LED\nSeitenairbag vorn\nService-System: ConnectedDrive Services\nService-System: Gesetzlicher Notruf\nService-System: Intelligenter Notruf inkl. TeleServices\nSicherheitsgurte M\nSitzbezug / Polsterung: Leder Merino\nSitze vorn elektr. verstellbar (mit Memory)\nSitzheizung vorn\nSonnenschutzverglasung (hinten abgedunkelt)\nSound-System Harman-Kardon\nSpiegel-Paket, Sportdifferential\nSportsitze vorn (M-Technic)\nStart/Stop-Anlage (Funktion)\nSteckdose (12V-Anschluß) in Mittelkonsole vorn\nWarndreieck\nWärme-/Sonnenschutzverglasung\netc...(Serienausstattung)\n\n\nIrrtümer und Änderungen vorbehalten !!!",
  "dealerDetails": {
    "sellerType": "Private Seller",
    "country": "DE",
    "address": "DE-86655 Harburg (Schwaben)",
    "location": {
      "latitude": 48.78453,
      "longitude": 10.69481
    },
    "iconUrl": null,
    "reviewPageUrl": null,
    "score": null,
    "activeRatingCount": null,
    "vehicleAsDescribedPercentage": null,
    "recommendPercentage": null,
    "soldVehicleCount": null,
    "reviews": []
  },
  "attributes": {
    "Vehicle condition": "Used vehicle",
    "Category": "Estate car",
    "Mileage": "2,900 km",
    "Power": "390 kW (530 hp)",
    "Drive type": "Internal combustion engine",
    "Fuel": "Petrol",
    "Transmission": "Automatic",
    "Emissions Sticker": "4 (Green)",
    "First Registration": "01/2025",
    "HU": "01/2028",
    "Climatisation": "A/C (man.)",
    "Parking sensors": "Rear",
    "Colour (Manufacturer)": "BLACK"
  },
  "features": [
    "ABS",
    "Alloy wheels",
    "Bluetooth",
    "Cruise control",
    "Full Service History",
    "Hands-free kit",
    "Heated seats",
    "Navigation system",
    "Tuner/radio"
  ]
},
{
  "title": "BMW M3 Competition DA Prof PA+ 360° H/K HuD Carbon",
  "previewImage": "https://img.classistatic.de/api/v1/mo-prod/images/26/267060ca-bede-42b7-acf8-89f9297348a6?rule=mo-1600.jpg",
  "category": "EstateCar",
  "brand": "BMW",
  "model": "M3",
  "url": "https://suchen.mobile.de/fahrzeuge/details.html?id=416120308",
  "price.total.amount": 94990,
  "priceRating": {
    "rating": "Good price",
    "priceRanges": {
      "Very good price": {
        "start": 71101,
        "end": 92500
      },
      "Good price": {
        "start": 92501,
        "end": 99600
      },
      "Fair price": {
        "start": 99601,
        "end": 110700
      },
      "Increased price": {
        "start": 110701,
        "end": 118900
      },
      "High price": {
        "start": 118901,
        "end": 132100
      }
    }
  },
  "description": "Leasingbeispiel\n\nMtl. Leasingrate: 1.527,73 EUR inkl. MwSt.\nAnschaffungspreis 95.990,01 EUR\nSonderzahlung: 0,00 EUR\nLaufleistung p.a. 10.000km\nLaufzeit 36 Monate\nSollzinssatz p.a.: 5,99% (gebunden für die gesamte Vertragslaufzeit)\nEffektiver Jahreszins 6,16%\nGesamtbetrag 54.998,28 EUR\nEin unverbindliches Leasingbeispiel der BMW Bank GmbH, Lilienthalallee 26, 80939 München.\n\n\nAntrieb, Fahrwerk\nAdaptives M Fahrwerk\nAllrad\nBremsanlage: Compound - M Bremssystem (Bremssättel Rot)\nM Drive Professional\nM Sportdifferential\nSportfahrwerk\n\nEditionen und Pakete\nAblagenpaket\nConnectedDrive Services (laufzeitgebundener Dienst)\nConnectedPackage Professional (laufzeitgebundener Dienst)\nInnovations-Paket (2)\nM Driver´s Package\n\nExterieur\nDach und Spiegelkappen schwarz\nDachreling\n\nFahrerassistenz\nBMW Drive Recorder (Dashcam)\nFahrassistenz-System: Driving Assistant Professional\nGesetzlicher Notruf\nHead-Up Display\nParkassistent-Paket Plus\nRückfahrkamera\nSpurverlassenswarnung\nSpurwechselwarnung\nTeleServices\n\nIndividualumfänge\nBMW Individual Dachreling Hochglanz Shadow Line\nBMW Individual Hochglanz Shadow Line\nBMW Individual Hochglanz Shadow Line mit erweiterten Umfängen\nDachhimmel Individual anthrazit\nScheinwerfer BMW Individual Shadow-Line\n\nKomfort, Innenausstattung\nAbstandsregeltempomat\nDurchladesystem\nEinparkhilfe selbstlenkendes System\nFensterheber, elektrisch\nFondkopfstützen klappbar\nGalvanikapplikation für Bedienelemente\nInnen- und Aussenspiegel automatisch abblendend\nInnenausstattung: Interieurleisten Carbon\nKeyless Entry\nKlimaautomatic\nKomfortzugang (Öffnungs- und Schließsystem)\nLeder\nLederlenkrad\nLordose\nLordosenstuetze fuer Fahrer und Beifahrer\nM Sicherheitsgurte\nM Sportsitze\nMultifunktionslenkrad\nSitzheizung fuer Fahrer und Beifahrer\nSitzverstellung, elektrisch mit Memory\nSonnenschutzverglasung\nSportsitze\nSpurhalteassistent\nTempomat\nZentralverriegelung\n\nMultimedia\nBluetooth\nBMW Live Cockpit Professional (laufzeitgebundener Dienst)\nDAB Tuner\nFreisprecheinrichtung\nHarman Kardon Surround Sound System\nNavigationssystem\nRadio\nTelefon\nUSB Schnittstelle\n\nRäder\n19\"/20\" M Schmiederäder Doppelspeiche 826 M Schwarz / MB\nRadschraubensicherung\nReifenreparatur-Set\n\nSitzbezug\nVollleder Merino Feinnarbe Schwarz/ Schwarz\n\nSonstiges\n19\"/20\" M Schmiederäder Doppelspeic he 826 M Schwarz / MB\nAbgasnorm EU6 RDE II\nAblage für Wireless Charging\nAblage für Wireless Charging \nAblagenpaket\nActive Guard\nAdaptiver LED-Scheinwerfer\nAdaptives M Fahrwerk\nAktiver Fußgängerschutz\nAlarmanlage\nBlow by-Heizer\nBMW Digital Key\nBMW Drive Recorder\nBMW Live Cockpit Professional\nCO2-Umfang\nCOC Zusatzumfänge\nConnected Package Professional\nConnectedDrive Services\nDAB-Tuner\nDach und Spiegelkappen schwarz\nDeaktivierung Beifahrerairbag\nDekodierung Zusatzfunktionen\nDeutsch / Bordliteratur\nDeutsch/Betriebsanleitung/Servicehe ft\nDeutschland-Ausfuehrung\nDeutschland-Ausführung\nDriving Assistant Professional\nElektrisch verstellbare Spiegel\nEU spezifische Umfänge\nEU-spezifische Zusatzumfaenge\nFahrassistenz-System: aktiver Spurhalteassistent\nFahrassistenz-System: Ampel-Erkennung\nFahrassistenz-System: Ausweich-Assistent\nFahrassistenz-System: Einparkhilfe Seite\nFahrassistenz-System: Falschfahrwarnung\nFahrassistenz-System: Frontkollisionswarnung\nFahrassistenz-System: Heckaufprall-Vermeidung (Prävention Heckkollision)\nFahrassistenz-System: Kreuzungs-Assistent\nFahrassistenz-System: Park-Assistent\nFahrassistenz-System: Querverkehrs-Assistent\nFahrassistenz-System: Rückfahr-Assistent\nFahrassistenz-System: Rückfahrhilfe Notbremsfunktion (Active PDC)\nFahrassistenz-System: Spurwechselassistent\nFahrassistenz-System: Spurwechsel-Warnsystem\nFernlichtassistent\nFondkopfstützen klappbar\nGalvanikapplikation für Bedieneleme nte\nGeschwindigkeits-Regelanlage, Aktiv mit Stop&Go-Funktion\nGesetzlicher Notruf\nHarman Kardon Surround Sound System\nInduktionsladen für Smartphones\nInnen- und Außenspiegelpaket\nInnenspiegel automatisch abblendend\nInnovationspaket\nInterne Steuerung\nKaeltemittel\nKältemittel\nKilometertacho\nKlimaautomatik\nKomfortzugang\nLordosenstütze für Fahrer und Beifa hrer\nM Compound-Bremse, rot hochglänzend\nM Dachhimmel anthrazit\nM Dachreling Hochglanz Shadow Line\nM Drive Professional\nM Driver's Package\nM Hochglanz Shadow Line\nM Hochglanz Shadow Line mit erweite rten Umfängen\nM Interieurleisten 'Carbon Fibre'\nM Leuchten Shadow Line\nM Sicherheitsgurte\nM Sportdifferenzial\nM Sportsitze\nMetallic-Lackierung M Brooklyn Grau\nÖlwartungsintervall 24 Monate/30.000 km\nÖlwartungsintervall 30000 km / 24 M onate\nParking Assistant Plus\nPersonal eSIM\nPersonal eSIM \nRadschraubensicherung\nReifendruck-Kontrolle\nReifendruckkontrollsystem\nReifenreparatur Set\nRückfahrkamera\nRückfahrkamera (Top View)\nService-System: Remote 3D View\nSitzbezug / Polsterung: Voll-Leder Merino\nSitzheizung für Fahrer und Beifahre r\nSitzverstellung, elektrisch mit Mem ory für Fahrersitz\nSonnenschutzverglasung\n* Sprachversion DeutIrrtümer und Zwischenverkauf vorbehalten.",
  "dealerDetails": {
    "id": 452801,
    "name": "Procar Automobile Düsseldorf GmbH",
    "sellerType": "Dealer",
    "phones": [
      "+49 (0)211 5426960351"
    ],
    "languages": [
      "Deutsch",
      "English",
      "Italiano",
      "Türkçe"
    ],
    "country": "DE",
    "address": "Bertha-von-Suttner-Straße 11-15, DE-40595 Düsseldorf",
    "location": {
      "latitude": 51.1329949,
      "longitude": 6.906949399999999
    },
    "activeSince": "2001-03-02T00:00:00.000Z",
    "homepageUrl": "https://home.mobile.de/home/redirect.html?customerId=452801",
    "iconUrl": "https://img.classistatic.de/api/v1/mo-prod/images/d5/d54ff071-7fe3-477a-9e19-47701cabfeda?rule=mo-640.jpg",
    "reviewPageUrl": "https://www.mobile.de/bewertungen/HANS-BRANDENBURG-GMBH?lang=en",
    "score": {
      "total": 4.4,
      "responseTime": 4.5,
      "friendliness": 4.6,
      "advice": 4.2
    },
    "activeRatingCount": 42,
    "vehicleAsDescribedPercentage": 91,
    "recommendPercentage": 89,
    "soldVehicleCount": null,
    "reviews": []
  },
  "attributes": {
    "Vehicle condition": "Used vehicle, Accident-free",
    "Category": "Estate car, Demonstration Vehicle",
    "Model range": "G81",
    "Trim line": "DA Prof PA+ 360° H/K HuD Carbon ",
    "Vehicle Number": "154911-B",
    "Availability": "Now",
    "Origin": "German edition",
    "Mileage": "14,900 km",
    "Cubic Capacity": "2,993 ccm",
    "Power": "390 kW (530 hp)",
    "Drive type": "Internal combustion engine",
    "Fuel": "Petrol, E10-enabled",
    "CO₂ class": "Based on CO₂ emissions (combined)",
    "Fuel consumption": [
      "10.4 l/100km (combined)",
      "15.8 l/100km (city)",
      "10.3 l/100km (suburban)",
      "8.8 l/100km (country road)",
      "9.8 l/100km (motorway)"
    ],
    "Energy costs for 15,000 km annual mileage": "€2,802/Year",
    "Fuel price": "€1.80/l (annual average 2024)",
    "Possible CO₂ costs over the next 10 years (15,000 km/year)": [
      "€4,477 (assuming an average CO₂ price of €127/t)",
      "€2,115 (assuming a low average CO₂ price of €60/t)",
      "€7,050 (assuming a high average CO₂ price of €200/t)"
    ],
    "Vehicle tax": "€480/Year",
    "Number of Seats": "5",
    "Door Count": "4/5",
    "Transmission": "Automatic",
    "Emission Class": "Euro6",
    "Emissions Sticker": "4 (Green)",
    "First Registration": "03/2025",
    "Construction Year": "2024",
    "Number of Vehicle Owners": "1",
    "HU": "New",
    "Climatisation": "Automatic climatisation, 3 zones",
    "Parking sensors": "360° camera, Front, Self-steering systems, Rear",
    "Airbags": "Front and Side and More Airbags",
    "Colour (Manufacturer)": "M Brooklyn Grau ",
    "Colour": "Grey Metallic",
    "Interior Design": "Full leather, Black",
    "Weight": "1,940 kg",
    "Tank capacity": "59 l",
    "Energy consumption (comb.)": "10.4 l/100km",
    "CO₂ emissions (comb.)": "235 g/km"
  },
  "features": [
    "ABS",
    "Adaptive cornering lights",
    "Adaptive Cruise Control",
    "Alarm system",
    "Alloy wheels",
    "Ambient lighting",
    "Android Auto",
    "Apple CarPlay",
    "Arm rest",
    "Autom. dimming interior mirror",
    "Blind spot assist",
    "Bluetooth",
    "Cargo barrier",
    "CD player",
    "Central locking",
    "DAB radio",
    "Digital cockpit",
    "Distance warning system",
    "Dynamic chassis control",
    "Electric seat adjustment",
    "Electric side mirror",
    "Electric tailgate",
    "Electric windows",
    "Eletric seat adjustment with memory function",
    "Emergency brake assist",
    "Emergency call system",
    "ESP",
    "Fatigue warning system",
    "Folding exterior mirrors",
    "Four-wheel drive",
    "Full Service History",
    "Glare-free high beam headlights",
    "Hands-free kit",
    "Head-up display",
    "Heated seats",
    "High beam assist",
    "Hill-start assist",
    "Immobilizer",
    "Induction charging for smartphones",
    "Integrated music streaming",
    "Isofix",
    "Keyless central locking",
    "Lane change assist",
    "Leather steering wheel",
    "LED headlights",
    "LED running lights",
    "Light sensor",
    "Lumbar support",
    "Multifunction steering wheel",
    "Navigation preparation",
    "Navigation system",
    "Non-smoker vehicle",
    "On-board computer",
    "Paddle shifters",
    "Particulate filter",
    "Power Steering",
    "Rain sensor",
    "Rear traffic alert",
    "Roof rack",
    "Sound system",
    "Speed limit control system",
    "Sport seats",
    "Sports package",
    "Sports suspension",
    "Start-stop system",
    "Summer tyres",
    "Tinted windows",
    "Touchscreen",
    "Traction control",
    "Traffic sign recognition",
    "Tuner/radio",
    "Tyre pressure monitoring",
    "USB port",
    "Voice control",
    "Warranty",
    "WLAN / Wi-Fi hotspot"
  ]
},
{
  "title": "BMW M3 Touring xDrive Competition KW-Gewindefahrwerk",
  "previewImage": "https://img.classistatic.de/api/v1/mo-prod/images/84/84a54669-7e78-4bd1-9794-85190d63b4d2?rule=mo-1600.jpg",
  "category": "EstateCar",
  "brand": "BMW",
  "model": "M3",
  "url": "https://suchen.mobile.de/fahrzeuge/details.html?id=412722349",
  "price.total.amount": 94900,
  "priceRating": {
    "rating": "Increased price",
    "priceRanges": {
      "Very good price": {
        "start": 60801,
        "end": 79100
      },
      "Good price": {
        "start": 79101,
        "end": 85200
      },
      "Fair price": {
        "start": 85201,
        "end": 94700
      },
      "Increased price": {
        "start": 94701,
        "end": 101700
      },
      "High price": {
        "start": 101701,
        "end": 113000
      }
    }
  },
  "description": "KW Gewindefahrwerk mit Distanzscheiben\n\nSonderausstattung:\nBMW Drive Recorder (Dashcam), BMW Live Cockpit Professional, Bremsanlage: Compound - M Bremssystem (Bremssättel Rot), Exterieur-Paket M Carbon, Innenausstattung: Interieurleisten Carbon, Innovations-Paket, Lenkrad heizbar, LM-Felgen, M Driver´s Package, Metallic-Lackierung, Parkassistent-Paket Plus, Scheinwerfer BMW Individual Shadow-Line, Sicherheitsgurte M, Sonnenschutzverglasung (hinten abgedunkelt), Sound-System Harman-Kardon, Verglasung Akustikglas\n\nWeitere Ausstattung:\nAblage-Paket, Adaptives Fahrwerk M-Technic, Airbag Beifahrerseite abschaltbar, Aktives M Differential, Ambiente-Beleuchtung, Ausstattungs-Paket: Connected Professional, Außenausstattung: Shadow-Line Hochglanz, Außenausstattung: Shadow-Line Hochglanz (erweiterter Umfang), Außenspiegel elektr. verstell- und heizbar, Bedienelemente galvanisiert, Bordcomputer, Competition, DAB-Tuner (Radioempfang digital), Dachhimmel Anthrazit (BMW Individual), Dachreling Hochglanz Shadow-Line, Diebstahlsicherung für Räder (Felgenschlösser), Durchladeeinrichtung (Mittelarmlehne hinten), Dynamische Stabilitäts-Control (DSC) mit erweiterter Umfang, Einstiegsleisten mit Einleger in Aluminium mit Schriftzug M, Erste Hilfe-Kasten / Verbandkasten, Fahrassistenz-System: Active Guard (Bremsassistent), Fahrassistenz-System: Aufmerksamkeits-Assistent, Freisprecheinrichtung Bluetooth mit USB-/Audio-Schnittstelle, Fußmatten Velours, Gepäckraumbeleuchtung, Getriebe Automatik - mit Steptronic und Drivelogic (8-Stufen), Getränkehalter, Heckklappenbetätigung automatisch, Heckleuchten LED, Induktionsladeschale für Smartphone (Wireless Charging), Innenspiegel mit Abblendautomatik, Instrumentenkombination (erweiterter Umfang), Isofix-Aufnahmen für Kindersitz an Rücksitz, Karosserie: 5-türig, Kennzeichenbeleuchtung LED, Klimaautomatik 3-Zonen mit autom. Umluft-Control, Knieairbag Fahrerseite, Kopf-Airbag-System hinten, Kopf-Airbag-System vorn, Kopfstützen hinten klappbar, Lenksäule (Lenkrad) elektr. verstellbar, Leuchtweitenregelung, M Drive (Fahrprofilauswahl), M Drive Professional (Fahrprofilauswahl), Motor 3,0 Ltr. - 375 kW 24V TwinTurbo KAT (S58), Nebelschlussleuchte(n), Otto-Partikelfilter (OPF), Park-Distance-Control (PDC) vorn und hinten, Parkbremse elektrisch, Reifendruck-Kontrollsystem, Reifenpannen-Anzeige, Schadstoffarm nach Abgasnorm Euro 6d, Schaltpunktanzeige, Seitenairbag vorn, Service-System: ConnectedDrive Services, Service-System: Gesetzlicher Notruf, Service-System: Intelligenter Notruf inkl. TeleServices, Sitzbezug / Polsterung: Leder Merino (erweiterter Umfang), Sitze vorn elektr. verstellbar (mit Memory), Spiegel-Paket, Sportdifferential, Sportsitze vorn (M-Technic), Start-Stop-Knopf, Start/Stop-Anlage (Funktion), Steckdose (12V-Anschluß) in Mittelkonsole vorn, Warndreieck, Widescreen Display, Wärme-/Sonnenschutzverglasung, Wärme-/Sonnenschutzverglasung kombiniert (hinten abgedunkelt)",
  "dealerDetails": {
    "id": 8829040,
    "name": "Raab Automobile",
    "sellerType": "Dealer",
    "phones": [
      "+49 (0)9861 870408337"
    ],
    "languages": [
      "Deutsch"
    ],
    "country": "DE",
    "address": "Linden 18, DE-91635 Windelsbach",
    "location": {
      "latitude": 49.4004492,
      "longitude": 10.2642652
    },
    "activeSince": "2012-11-05T00:00:00.000Z",
    "homepageUrl": "https://home.mobile.de/home/redirect.html?customerId=8829040",
    "iconUrl": null,
    "reviewPageUrl": null,
    "score": null,
    "activeRatingCount": null,
    "vehicleAsDescribedPercentage": null,
    "recommendPercentage": null,
    "soldVehicleCount": null,
    "reviews": []
  },
  "attributes": {
    "Vehicle condition": "Used vehicle, Accident-free",
    "Category": "Estate car",
    "Model range": "Baureihe M3 Touring (G81)(2022->)",
    "Trim line": "xDrive Competition",
    "Mileage": "13,900 km",
    "Cubic Capacity": "2,993 ccm",
    "Power": "375 kW (510 hp)",
    "Drive type": "Internal combustion engine",
    "Fuel": "Petrol",
    "Number of Seats": "5",
    "Door Count": "4/5",
    "Transmission": "Automatic",
    "Emission Class": "Euro6d",
    "Emissions Sticker": "4 (Green)",
    "First Registration": "01/2024",
    "Number of Vehicle Owners": "1",
    "HU": "01/2027",
    "Climatisation": "Automatic air conditioning",
    "Parking sensors": "Front, 360° camera, Rear",
    "Airbags": "Front and Side and More Airbags",
    "Colour (Manufacturer)": "BLACK SAPPHIRE METALLIC",
    "Colour": "Black Metallic",
    "Interior Design": "Full leather, Brown",
    "Weight": "1,940 kg",
    "Cylinders": "6",
    "Tank capacity": "59 l"
  },
  "features": [
    "ABS",
    "Adaptive cornering lights",
    "Adaptive Cruise Control",
    "Alloy wheels",
    "Ambient lighting",
    "Apple CarPlay",
    "Arm rest",
    "Autom. dimming interior mirror",
    "Bluetooth",
    "Central locking",
    "DAB radio",
    "Digital cockpit",
    "Distance warning system",
    "Electric seat adjustment",
    "Electric side mirror",
    "Electric tailgate",
    "Electric windows",
    "Eletric seat adjustment with memory function",
    "Emergency call system",
    "Emergency tyre repair kit",
    "ESP",
    "Fatigue warning system",
    "Folding exterior mirrors",
    "Four-wheel drive",
    "Full Service History",
    "Glare-free high beam headlights",
    "Hands-free kit",
    "Head-up display",
    "Heated rear seats",
    "Heated seats",
    "Heated steering wheel",
    "Heated windshield",
    "High beam assist",
    "Hill-start assist",
    "Immobilizer",
    "Induction charging for smartphones",
    "Isofix",
    "Keyless central locking",
    "Lane change assist",
    "Laser headlights",
    "Leather steering wheel",
    "LED running lights",
    "Lumbar support",
    "Multifunction steering wheel",
    "Navigation system",
    "Non-smoker vehicle",
    "On-board computer",
    "Paddle shifters",
    "Power Steering",
    "Rain sensor",
    "Rear traffic alert",
    "Roof rack",
    "Seat ventilation",
    "Ski bag",
    "Smoker's package",
    "Sound system",
    "Speed limit control system",
    "Sport seats",
    "Sports package",
    "Sports suspension",
    "Start-stop system",
    "Tinted windows",
    "Touchscreen",
    "Traction control",
    "Traffic sign recognition",
    "Tyre pressure monitoring",
    "USB port",
    "Voice control",
    "Warranty"
  ]
},
{
  "title": "BMW M3 Baureihe M3 Touring xDrive Competition",
  "previewImage": "https://img.classistatic.de/api/v1/mo-prod/images/01/01e51462-49db-4f97-bd01-4434769eb4d6?rule=mo-1600.jpg",
  "category": "EstateCar",
  "brand": "BMW",
  "model": "M3",
  "url": "https://suchen.mobile.de/fahrzeuge/details.html?id=427366691",
  "price.total.amount": 95950,
  "priceRating": {
    "rating": "Fair price",
    "priceRanges": {
      "Very good price": {
        "start": 67601,
        "end": 87900
      },
      "Good price": {
        "start": 87901,
        "end": 94700
      },
      "Fair price": {
        "start": 94701,
        "end": 105300
      },
      "Increased price": {
        "start": 105301,
        "end": 113000
      },
      "High price": {
        "start": 113001,
        "end": 125600
      }
    }
  },
  "description": "Sonderausstattung:\nBMW Live Cockpit Professional, Exterieur-Paket M Carbon, Fahrassistenz-System: Driving Assistant Professional, Innovations-Paket, Lenkrad heizbar, M Race Track Paket, Metallic-Lackierung, Parkassistent-Paket Plus, Scheinwerfer BMW Individual Shadow-Line, Sicherheitsgurte M, Sitzbezug / Polsterung: Voll-Leder Merino, Sonnenschutzverglasung (hinten abgedunkelt), Sound-System Harman-Kardon\n\nWeitere Ausstattung:\nAblage-Paket, Adaptives Fahrwerk M-Technic, Airbag Beifahrerseite abschaltbar, Aktives M Differential, Ambiente-Beleuchtung, Ausstattungs-Paket: Connected Professional, Außenausstattung: Shadow-Line Hochglanz, Außenausstattung: Shadow-Line Hochglanz (erweiterter Umfang), Außenspiegel elektr. verstell- und heizbar, Bedienelemente galvanisiert, Bordcomputer, Competition, DAB-Tuner (Radioempfang digital), Dachhimmel Anthrazit (BMW Individual), Dachreling Hochglanz Shadow-Line, Diebstahlsicherung für Räder (Felgenschlösser), Durchladeeinrichtung (Mittelarmlehne hinten), Dynamische Stabilitäts-Control (DSC) mit erweiterter Umfang, Einstiegsleisten mit Einleger in Aluminium mit Schriftzug M, Erste Hilfe-Kasten / Verbandkasten, Fahrassistenz-System: Active Guard (Bremsassistent), Fahrassistenz-System: Aufmerksamkeits-Assistent, Freisprecheinrichtung Bluetooth mit USB-/Audio-Schnittstelle, Fußmatten Velours, Gepäckraumbeleuchtung, Getriebe Automatik - mit Steptronic und Drivelogic (8-Stufen), Getränkehalter, Heckklappenbetätigung automatisch, Heckleuchten LED, Induktionsladeschale für Smartphone (Wireless Charging), Innenspiegel mit Abblendautomatik, Instrumentenkombination (erweiterter Umfang), Isofix-Aufnahmen für Kindersitz an Rücksitz, Karosserie: 5-türig, Kennzeichenbeleuchtung LED, Klimaautomatik 3-Zonen mit autom. Umluft-Control, Knieairbag Fahrerseite, Kopf-Airbag-System hinten, Kopf-Airbag-System vorn, Kopfstützen hinten klappbar, Lenksäule (Lenkrad) elektr. verstellbar, Leuchtweitenregelung, M Drive (Fahrprofilauswahl), M Drive Professional (Fahrprofilauswahl), Motor 3,0 Ltr. - 375 kW 24V TwinTurbo KAT (S58), Nebelschlussleuchte(n), Otto-Partikelfilter (OPF), Park-Distance-Control (PDC) vorn und hinten, Parkbremse elektrisch, Reifendruck-Kontrollsystem, Reifenpannen-Anzeige, Schadstoffarm nach Abgasnorm Euro 6d, Schaltpunktanzeige, Seitenairbag vorn, Service-System: ConnectedDrive Services, Service-System: Gesetzlicher Notruf, Service-System: Intelligenter Notruf inkl. TeleServices, Sitze vorn elektr. verstellbar (mit Memory), Spiegel-Paket, Sportdifferential, Start-Stop-Knopf, Start/Stop-Anlage (Funktion), Steckdose (12V-Anschluß) in Mittelkonsole vorn, Warndreieck, Widescreen Display, Wärme-/Sonnenschutzverglasung, Wärme-/Sonnenschutzverglasung kombiniert (hinten abgedunkelt)",
  "dealerDetails": {
    "id": 3359635,
    "name": "Da Cars GmbH",
    "sellerType": "Dealer",
    "phones": [
      "+49 (0)234 4799231821"
    ],
    "messengers": {
      "WHATS_APP": "+49 (0)163 2876808"
    },
    "languages": [
      "Deutsch"
    ],
    "country": "DE",
    "address": "Lütgendortmunder Hellweg 208, DE-44894 Bochum",
    "location": {
      "latitude": 51.4947648,
      "longitude": 7.3338585
    },
    "activeSince": "2010-01-22T00:00:00.000Z",
    "homepageUrl": "https://home.mobile.de/home/redirect.html?customerId=3359635",
    "iconUrl": null,
    "reviewPageUrl": "https://www.mobile.de/bewertungen/DACARSGMBH?lang=en",
    "score": {
      "total": 4.8,
      "responseTime": 4.9,
      "friendliness": 4.8,
      "advice": 4.7
    },
    "activeRatingCount": 29,
    "vehicleAsDescribedPercentage": 100,
    "recommendPercentage": 100,
    "soldVehicleCount": null,
    "reviews": []
  },
  "attributes": {
    "Vehicle condition": "Used vehicle, Accident-free",
    "Category": "Estate car",
    "Model range": "Baureihe M3 Touring (G81)(2022->)",
    "Trim line": "xDrive Competition",
    "Origin": "German edition",
    "Mileage": "3,034 km",
    "Cubic Capacity": "2,993 ccm",
    "Power": "375 kW (510 hp)",
    "Drive type": "Internal combustion engine",
    "Fuel": "Petrol",
    "Number of Seats": "5",
    "Door Count": "4/5",
    "Transmission": "Automatic",
    "Emission Class": "Euro6d",
    "Emissions Sticker": "4 (Green)",
    "First Registration": "11/2024",
    "Number of Vehicle Owners": "1",
    "Climatisation": "Automatic air conditioning",
    "Parking sensors": "Self-steering systems, Rear, 360° camera, Front",
    "Airbags": "Front and Side and More Airbags",
    "Colour (Manufacturer)": "BLACK SAPPHIRE METALLIC",
    "Colour": "Black Metallic",
    "Interior Design": "Full leather, Black",
    "Weight": "1,940 kg",
    "Cylinders": "6",
    "Tank capacity": "59 l"
  },
  "features": [
    "ABS",
    "Adaptive cornering lights",
    "Adaptive Cruise Control",
    "Alarm system",
    "Alloy wheels",
    "Ambient lighting",
    "Android Auto",
    "Apple CarPlay",
    "Arm rest",
    "Autom. dimming interior mirror",
    "Blind spot assist",
    "Bluetooth",
    "CD player",
    "Central locking",
    "DAB radio",
    "Digital cockpit",
    "Distance warning system",
    "Dynamic chassis control",
    "Electric seat adjustment",
    "Electric side mirror",
    "Electric tailgate",
    "Electric windows",
    "Eletric seat adjustment with memory function",
    "Emergency brake assist",
    "Emergency call system",
    "Emergency tyre repair kit",
    "ESP",
    "Fatigue warning system",
    "Folding exterior mirrors",
    "Four-wheel drive",
    "Full Service History",
    "Glare-free high beam headlights",
    "Hands-free kit",
    "Heated rear seats",
    "Heated seats",
    "Heated steering wheel",
    "High beam assist",
    "Hill-start assist",
    "Immobilizer",
    "Induction charging for smartphones",
    "Isofix",
    "Keyless central locking",
    "Lane change assist",
    "Laser headlights",
    "Leather steering wheel",
    "LED running lights",
    "Light sensor",
    "Lumbar support",
    "Multifunction steering wheel",
    "Navigation system",
    "Non-smoker vehicle",
    "On-board computer",
    "Paddle shifters",
    "Power Steering",
    "Rain sensor",
    "Rear traffic alert",
    "Roof rack",
    "Sound system",
    "Speed limit control system",
    "Sport seats",
    "Sports package",
    "Sports suspension",
    "Start-stop system",
    "Summer tyres",
    "Tinted windows",
    "Touchscreen",
    "Traction control",
    "Traffic sign recognition",
    "Tyre pressure monitoring",
    "USB port",
    "Voice control",
    "Warranty",
    "Winter package"
  ]
},
{
  "title": "BMW M3 Competition M xDrive Driv.Assist.Prof Kamera",
  "previewImage": "https://img.classistatic.de/api/v1/mo-prod/images/ef/ef1f63ad-781f-497f-a7fc-aeed4ae4ce6c?rule=mo-1600.jpg",
  "category": "EstateCar",
  "brand": "BMW",
  "model": "M3",
  "url": "https://suchen.mobile.de/fahrzeuge/details.html?id=431002922",
  "price.total.amount": 94880,
  "priceRating": {
    "rating": "Fair price",
    "priceRanges": {
      "Very good price": {
        "start": 65201,
        "end": 84700
      },
      "Good price": {
        "start": 84701,
        "end": 91200
      },
      "Fair price": {
        "start": 91201,
        "end": 101500
      },
      "Increased price": {
        "start": 101501,
        "end": 108900
      },
      "High price": {
        "start": 108901,
        "end": 121000
      }
    }
  },
  "description": "Gerne informiert Sie einer unserer Verkaufsberater, vor Besuch unserer Niederlassung, über die Verfügbarkeit des gewünschten Fahrzeuges. In diesem Zuge vereinbaren Sie gerne auch Ihren persönlichen Beratungstermin.Vielen Dank, ihr Verkaufsteam!\n\nSonstiges\nAblage für Wireless Charging\nABS\nActive Guard\nBlow by-Heizer\nBMW Apps\nIndividual\nKlimaanlage oder -automatik\nLeder\nLordose\nM Compound-Bremse, schwarz hochglänzend\nM Drive Professional\nM Interieurleisten Aluminium Rhombicle Anthrazit\nM Leuchten Shadow Line\nPersonal eSIM\nSitzheizung\nSportfahrwerk\nUnfallfrei\n\nAntrieb, Fahrwerk\nAdaptives M Fahrwerk\nAllrad\nM Sportdifferenzial\n\nEditionen und Pakete\nAblagenpaket\nConnected Package Professional (laufzeitgebundener Dienst)\nConnectedDrive Services (laufzeitgebundener Dienst)\nGepäckraumpaket\nInnovationspaket\n\nExterieur\nDach und Spiegelkappen schwarz\nDachreling\n\nFahrerassistenz\nDriving Assistant Professional\nGesetzlicher Notruf\nParking Assistant Plus\n\nIndividualumfänge\nM Dachreling Hochglanz Shadow Line\nM Hochglanz Shadow Line\nM Hochglanz Shadow Line mit erweiterten Umfängen\n\nKomfort, Innenausstattung\nAkustikverglasung\nFondkopfstützen klappbar\nGalvanikapplikation für Bedienelemente\nInnen- und Außenspiegelpaket\nKlimaautomatik\nKomfortzugang\nLenkradheizung\nLordosenstütze für Fahrer und Beifahrer\nM Sicherheitsgurte\nM Sportsitze\nSitzheizung für Fahrer und Beifahrer\nSitzverstellung elektrisch\nSitzverstellung elektrisch mit Memory für Fahrersitz\nSonnenschutzverglasung\n\nMultimedia\nBMW Live Cockpit Professional (laufzeitgebundener Dienst)\nDAB Tuner\nHarman Kardon Surround Sound System\n\nRäder\n19\"/20\" M Schmiederäder Doppelspeiche 826 M Schwarz / MB\n\nSitzbezug\nLeder Merino Schwarz/Schwarz\n\nUmwelt, Sicherheit\nAbgasnorm EU6 RDE II\nActive Protection\nAdaptiver LED-Scheinwerfer\nAktiver Fußgängerschutz\nAlarmanlage mit Fernbedienung\nBeifahrerairbag-Deaktivierung\nFernlichtassistent\nInnenspiegel automatisch abblendend\nReifendruck-Kontrolle\n\nWKR 36115A71A86 + 36115A71A89, ehemal. Neupreis Euro 113.470 (brutto)\n\nBitte haben Sie Verständnis dafür, dass es sich bei den ausgewiesenen Angebotspreisen um Festpreise handelt.Vielen Dank, Ihr Verkaufsteam!Irrtümer und Zwischenverkauf vorbehalten.",
  "dealerDetails": {
    "id": 452744,
    "name": "BMW AG Niederlassung Dreieich",
    "sellerType": "Dealer",
    "phones": [
      "+49 (0)6103 374785888"
    ],
    "languages": [
      "Deutsch",
      "Slovenščina",
      "English",
      "Italiano",
      "Français",
      "Türkçe"
    ],
    "country": "DE",
    "address": "Gustav-Otto-Straße 1, DE-63303 Dreieich-Sprendlingen",
    "location": {
      "latitude": 50.0336698,
      "longitude": 8.7025703
    },
    "activeSince": "2003-05-27T00:00:00.000Z",
    "homepageUrl": "https://home.mobile.de/home/redirect.html?customerId=452744",
    "iconUrl": "https://img.classistatic.de/api/v1/mo-prod/images/01/0194d669-b138-435c-ac6b-bda3563b75fe?rule=mo-640.jpg",
    "reviewPageUrl": "https://www.mobile.de/bewertungen/BMW-GROUP-DREIEICH?lang=en",
    "score": {
      "total": 4.4,
      "responseTime": 4.5,
      "friendliness": 4.5,
      "advice": 4.2
    },
    "activeRatingCount": 116,
    "vehicleAsDescribedPercentage": 87,
    "recommendPercentage": 85,
    "soldVehicleCount": null,
    "reviews": []
  },
  "attributes": {
    "Vehicle condition": "Used vehicle",
    "Category": "Estate car, Employee's Car",
    "Model range": "M3 touring",
    "Trim line": "M xDrive Driv.Assist.Prof Kamera",
    "Vehicle Number": "XE591431",
    "Availability": "Now",
    "Mileage": "13,885 km",
    "Cubic Capacity": "2,993 ccm",
    "Power": "390 kW (530 hp)",
    "Drive type": "Internal combustion engine",
    "Fuel": "Petrol, E10-enabled",
    "Number of Seats": "5",
    "Door Count": "4/5",
    "Transmission": "Automatic",
    "Emission Class": "Euro6",
    "Emissions Sticker": "4 (Green)",
    "First Registration": "11/2024",
    "Construction Year": "2024",
    "Number of Vehicle Owners": "1",
    "HU": "11/2027",
    "Climatisation": "Automatic climatisation, 2 zones",
    "Parking sensors": "Front, 360° camera, Rear, Self-steering systems",
    "Airbags": "Front and Side and More Airbags",
    "Colour (Manufacturer)": "M Toronto Rot",
    "Colour": "Red Metallic",
    "Interior Design": "Full leather, Black"
  },
  "features": [
    "ABS",
    "Adaptive cornering lights",
    "Alarm system",
    "Alloy wheels",
    "Arm rest",
    "Autom. dimming interior mirror",
    "Blind spot assist",
    "Bluetooth",
    "Central locking",
    "DAB radio",
    "Digital cockpit",
    "Distance warning system",
    "Dynamic chassis control",
    "Electric seat adjustment",
    "Electric side mirror",
    "Electric windows",
    "Eletric seat adjustment with memory function",
    "Emergency brake assist",
    "Emergency call system",
    "ESP",
    "Fatigue warning system",
    "Four-wheel drive",
    "Full Service History",
    "Glare-free high beam headlights",
    "Hands-free kit",
    "Heated seats",
    "Heated steering wheel",
    "High beam assist",
    "Hill-start assist",
    "Immobilizer",
    "Induction charging for smartphones",
    "Isofix",
    "Keyless central locking",
    "Lane change assist",
    "Leather steering wheel",
    "LED headlights",
    "LED running lights",
    "Light sensor",
    "Lumbar support",
    "Multifunction steering wheel",
    "Navigation system",
    "On-board computer",
    "Paddle shifters",
    "Power Steering",
    "Rain sensor",
    "Roof rack",
    "Sound system",
    "Speed limit control system",
    "Sport seats",
    "Sports package",
    "Sports suspension",
    "Start-stop system",
    "Summer tyres",
    "Tinted windows",
    "Touchscreen",
    "Traction control",
    "Traffic sign recognition",
    "Tuner/radio",
    "Tyre pressure monitoring",
    "USB port",
    "Voice control",
    "Warranty"
  ]
},
{
  "title": "BMW M3 xDrive Compet.*CARBON*AULITZKY*VOLL*NP135t€*",
  "previewImage": "https://img.classistatic.de/api/v1/mo-prod/images/9b/9b27c177-9f2c-437f-a4d8-5804c042a337?rule=mo-1600.jpg",
  "category": "EstateCar",
  "brand": "BMW",
  "model": "M3",
  "url": "https://suchen.mobile.de/fahrzeuge/details.html?id=422566303",
  "price.total.amount": 95555,
  "priceRating": {
    "rating": "Fair price",
    "priceRanges": {
      "Very good price": {
        "start": 62701,
        "end": 81400
      },
      "Good price": {
        "start": 81401,
        "end": 87700
      },
      "Fair price": {
        "start": 87701,
        "end": 97600
      },
      "Increased price": {
        "start": 97601,
        "end": 104700
      },
      "High price": {
        "start": 104701,
        "end": 116400
      }
    }
  },
  "description": "Entdecken Sie diesen exklusiven BMW M3 Touring mit 510 PS und Allradantrieb. Der Kombi aus 2023 überzeugt durch seine sportliche Eleganz in Grau-Metallic und schwarzem Lederinterieur. Mit nur einem Vorbesitzer und vollständiger Servicehistorie präsentiert sich dieses Fahrzeug in hervorragendem Zustand.\nDie technische Ausstattung lässt keine Wünsche offen: 6-Zylinder-Motor mit 2993 ccm, Euro 6d-Emission und Automatikgetriebe. Das Fahrerlebnis wird durch das adaptive Fahrwerk, Sportpaket und Performance-Handling-System auf ein neues Niveau gehoben. Die 3-Zonen-Klimaautomatik, beheizte Sitze vorne und hinten sowie das Head-up-Display sorgen für maximalen Komfort.\nModernste Sicherheitssysteme wie 360°-Kamera, Kollisionsvermeidung, Spurhalteassistent und adaptiver Tempomat bieten optimalen Schutz. Die Laser-Scheinwerfer mit adaptivem Kurvenlicht und blendfreiem Fernlicht garantieren beste Sicht bei jeder Fahrt.\nAllradantrieb mit 510 PS und Automatikgetriebe\nSportpaket mit adaptivem Fahrwerk und Sportledersitzen\nDigitales Cockpit mit Head-up-Display und Navigationssystem\nModernste Fahrassistenzsysteme inkl. 360°-Kamera\nLaser-Scheinwerfer und LED-Tagfahrlicht\nElektrische Heckklappe und Dachreling\nApple CarPlay, Android Auto und kabelloses Laden\n3-Zonen-Klimaautomatik mit Ambientbeleuchtung\nNur ein Vorbesitzer mit lückenloser Servicehistorie\nGarantie vorhanden\nAulitzky Edelstahl Abgasanlage (TÜV Eingetragen)\nBMW Drive Recorder (Dashcam),\nBMW Live Cockpit Professional,\nBMW Curved Display, Control-Display mit Farbmonitor (14,9 Zoll)\nBremsanlage: Compound - M Bremssystem (Bremssättel Rot),\nExterieur-Paket M Carbon,\nAbdeckkappen Außenspiegel M Carbon,\nHeckdiffusor Carbon\nFahrassistenz-System: Driving Assistant Professional,\nFahrassistenz-System: Spurwechselassistent,\nFahrassistenz System: Falschfahrwarnung,\nGeschwindigkeits Begrenzeranlage (Speed Limit Device),\nGeschwindigkeits Regelanlage, Aktiv mit Stop&Go-Funktion,\nFahrassistenz System: Frontkollisionswarnung,\nFahrassistenz-System: Heckaufprall-Vermeidung (Prävention Heckkollision),\nFahrassistenz-System: Kreuzungs-Assistent,\nFahrassistenz System: Querverkehrs-Assistent,\nFahrassistenz-System: Ausweich-Assistent,\nFahrassistenz-System: Ampel-Erkennung,\nFahrassistenz-System: Spurwechsel-Warnsystem,\nFahrassistenz-System: aktiver Spurhalteassistent\nInnenausstattung: Interieurleisten Carbon,\nInnovations-Paket,\nScheinwerfer Laserlicht,\nFahrassistenz-System: Fernlichtassistent,\nKomfortzugang (Öffnungs- und Schließsystem),\nLenkrad heizbar,\nLM-Felgen,\nM Driver´s Package,\nM Schalensitze Carbon,\nMetallic-Lackierung,\nParkassistent-Paket Plus,\nService-System: Remote 3D View,\nRückfahrkamera (Top View),\nSurround-Kamerasystem (Surround View),\nFahrassistenz System: Rückfahr-Assistent\nScheinwerfer BMW Individual Shadow-Line,\nSicherheitsgurte M,\nSicherheitssystem Active Protection,\nSitzbezug / Polsterung: Voll-Leder Merino,\nSonnenschutzverglasung (hinten abgedunkelt),\nSound-System Harman-Kardon\nWeitere Ausstattung:\nAblage-Paket,\nAdaptives Fahrwerk M-Technic,\nAirbag Beifahrerseite abschaltbar,\nAktives M Differential,\nAmbiente-Beleuchtung,\nAusstattungs-Paket: Connected Professional,\nAußenausstattung: Shadow-Line Hochglanz,\nAußenausstattung: Shadow-Line Hochglanz (erweiterter Umfang),\nAußenspiegel elektr. verstell- und heizbar,\nBedienelemente galvanisiert,\nBordcomputer,\nCompetition,\nDAB-Tuner (Radioempfang digital),\nDachhimmel Anthrazit (BMW Individual),\nDachreling Hochglanz Shadow-Line,\nDiebstahlsicherung für Räder (Felgenschlösser),\nDurchladeeinrichtung (Mittelarmlehne hinten),\nDynamische Stabilitäts-Control (DSC) mit erweiterter Umfang,\nEinstiegsleisten mit Einleger in Aluminium mit Schriftzug M,\nFahrassistenz-System: Active Guard (Bremsassistent),\nFahrassistenz-System: Aufmerksamkeits-Assistent,\nFreisprecheinrichtung Bluetooth mit USB-/Audio-Schnittstelle,\nFußmatten Velours,\nGepäckraumbeleuchtung,\nGetriebe Automatik - mit Steptronic und Drivelogic (8-Stufen),\nGetränkehalter,\nHeckklappenbetätigung automatisch,\nHeckleuchten LED,\nInduktionsladeschale für Smartphone (Wireless Charging),\nInnenspiegel mit Abblendautomatik,\nInstrumentenkombination (erweiterter Umfang),\nIsofix-Aufnahmen für Kindersitz an Rücksitz,\nKarosserie: 5-türig,\nKlimaautomatik 3-Zonen mit autom. Umluft-Control,\nKnieairbag Fahrerseite,\nKopf-Airbag-System hinten,\nKopf-Airbag-System vorn,\nLenksäule (Lenkrad) elektr. verstellbar,\nLeuchtweitenregelung,\nM Drive (Fahrprofilauswahl),\nM Drive Professional (Fahrprofilauswahl),\nMotor 3,0 Ltr. - 375 kW 24V TwinTurbo KAT (S58),\nNebelschlussleuchte(n),\nOtto-Partikelfilter (OPF),\nPark-Distance-Control (PDC) vorn und hinten,\nParkbremse elektrisch,\nReifendruck-Kontrollsystem,\nReifenpannen-Anzeige,\nSchadstoffarm nach Abgasnorm Euro 6d,\nSchaltpunktanzeige,\nSeitenairbag vorn,\nService-System: ConnectedDrive Services,\nService-System: Intelligenter Notruf inkl. TeleServices,\nSitze vorn elektr. verstellbar (mit Memory),\nSpiegel-Paket,\nSportdifferential,\nStart-Stop-Knopf,\nStart/Stop-Anlage (Funktion),\nSteckdose (12V-Anschluß) in Mittelkonsole vorn\nWarndreieck,\nWidescreen Display,",
  "dealerDetails": {
    "id": 456986,
    "name": "Autohaus Reisert Vertriebs GmbH",
    "sellerType": "Dealer",
    "phones": [
      "+49 (0)6186 441994160"
    ],
    "languages": [
      "Deutsch",
      "Slovenščina",
      "English",
      "Italiano",
      "Français",
      "Polski",
      "Română",
      "Dansk",
      "Español"
    ],
    "country": "DE",
    "address": "Raiffeisenstrasse 2, DE-63538 Großkrotzenburg",
    "location": {
      "latitude": 50.0846897,
      "longitude": 8.965095999999999
    },
    "activeSince": "2004-10-19T00:00:00.000Z",
    "homepageUrl": "https://home.mobile.de/home/redirect.html?customerId=456986",
    "iconUrl": "https://img.classistatic.de/api/v1/mo-prod/images/52/5256fcee-8393-4c2c-951f-0296b3e287e0?rule=mo-640.jpg",
    "reviewPageUrl": "https://www.mobile.de/bewertungen/AUTOHAUS-REISERT?lang=en",
    "score": {
      "total": 4.8,
      "responseTime": 4.9,
      "friendliness": 4.9,
      "advice": 4.7
    },
    "activeRatingCount": 80,
    "vehicleAsDescribedPercentage": 95,
    "recommendPercentage": 96,
    "soldVehicleCount": null,
    "reviews": []
  },
  "attributes": {
    "Vehicle condition": "Used vehicle, Accident-free",
    "Category": "Estate car",
    "Model range": "Baureihe M3 Touring (G81)(2022->)",
    "Trim line": "xDrive Competition",
    "Origin": "German edition",
    "Mileage": "6,300 km",
    "Cubic Capacity": "2,993 ccm",
    "Power": "375 kW (510 hp)",
    "Drive type": "Internal combustion engine",
    "Fuel": "Petrol",
    "Number of Seats": "5",
    "Door Count": "4/5",
    "Transmission": "Automatic",
    "Emission Class": "Euro6d",
    "Emissions Sticker": "4 (Green)",
    "First Registration": "04/2023",
    "Number of Vehicle Owners": "1",
    "HU": "New",
    "Climatisation": "Automatic climatisation, 3 zones",
    "Parking sensors": "Self-steering systems, Rear, 360° camera, Front",
    "Airbags": "Front and Side and More Airbags",
    "Colour (Manufacturer)": "FROZEN PURE GREY II METALLIC",
    "Colour": "Grey Metallic",
    "Interior Design": "Full leather, Black",
    "Weight": "1,940 kg",
    "Cylinders": "6",
    "Tank capacity": "59 l"
  },
  "features": [
    "ABS",
    "Adaptive cornering lights",
    "Adaptive Cruise Control",
    "Alarm system",
    "Alloy wheels",
    "Ambient lighting",
    "Android Auto",
    "Apple CarPlay",
    "Arm rest",
    "Autom. dimming interior mirror",
    "Blind spot assist",
    "Bluetooth",
    "Cargo barrier",
    "Central locking",
    "DAB radio",
    "Digital cockpit",
    "Distance warning system",
    "Dynamic chassis control",
    "Electric seat adjustment",
    "Electric side mirror",
    "Electric tailgate",
    "Electric windows",
    "Eletric seat adjustment with memory function",
    "Emergency brake assist",
    "Emergency call system",
    "ESP",
    "Fatigue warning system",
    "Folding exterior mirrors",
    "Four-wheel drive",
    "Full Service History",
    "Glare-free high beam headlights",
    "Hands-free kit",
    "Head-up display",
    "Heated rear seats",
    "Heated seats",
    "Heated steering wheel",
    "High beam assist",
    "Hill-start assist",
    "Immobilizer",
    "Induction charging for smartphones",
    "Integrated music streaming",
    "Isofix",
    "Keyless central locking",
    "Lane change assist",
    "Laser headlights",
    "Leather steering wheel",
    "LED running lights",
    "Light sensor",
    "Multifunction steering wheel",
    "Navigation preparation",
    "Navigation system",
    "Non-smoker vehicle",
    "On-board computer",
    "Paddle shifters",
    "Power Steering",
    "Rain sensor",
    "Rear traffic alert",
    "Roof rack",
    "Sound system",
    "Speed limit control system",
    "Sport seats",
    "Sports package",
    "Sports suspension",
    "Start-stop system",
    "Summer tyres",
    "Tinted windows",
    "Touchscreen",
    "Traction control",
    "Traffic sign recognition",
    "Tuner/radio",
    "Tyre pressure monitoring",
    "USB port",
    "Voice control",
    "Warranty",
    "Winter package"
  ]
},
{
  "title": "BMW M3 Competition Touring LCI Carbonp.DrivP3,99%",
  "previewImage": "https://img.classistatic.de/api/v1/mo-prod/images/6e/6e0a6afe-72eb-469d-9f87-b6cccec0720b?rule=mo-1600.jpg",
  "category": "EstateCar",
  "brand": "BMW",
  "model": "M3",
  "url": "https://suchen.mobile.de/fahrzeuge/details.html?id=428713619",
  "price.total.amount": 94850,
  "priceRating": {
    "rating": "Good price",
    "priceRanges": {
      "Very good price": {
        "start": 68701,
        "end": 89300
      },
      "Good price": {
        "start": 89301,
        "end": 96100
      },
      "Fair price": {
        "start": 96101,
        "end": 106900
      },
      "Increased price": {
        "start": 106901,
        "end": 114800
      },
      "High price": {
        "start": 114801,
        "end": 127500
      }
    }
  },
  "description": "Antrieb, Fahrwerk\nAdaptives M Fahrwerk\nAllrad\nBremsanlage: Compound - M Bremssystem (Bremssättel Rot)\nM Drive Professional\nM Sportdifferential\nSportfahrwerk\n\nAußenausstattung\nDachreling Hochglanz Shadow-Line\nHeckklappenbetätigung automatisch\nLM-Felgen\nSonnenschutzverglasung (hinten abgedunkelt)\n\nEditionen und Pakete\nAblagenpaket\nConnectedDrive Services (laufzeitgebundener Dienst)\nConnectedPackage Professional (laufzeitgebundener Dienst)\nExterieur-Paket M Carbon\nGepäckraum-Paket\nInnovations-Paket (2)\nM Driver´s Package\n\nExterieur\nDach und Spiegelkappen schwarz\nDachreling\nElektrische Gepäckraumklappe\n\nFahrerassistenz\nFahrassistenz-System: Driving Assistant Professional\nGesetzlicher Notruf\nHead-Up Display\nParkassistent-Paket Plus\nRückfahrkamera\nSpurverlassenswarnung\nSpurwechselwarnung\nTeleServices\n\nIndividualumfänge\nBMW Individual Dachreling Hochglanz Shadow Line\nBMW Individual Hochglanz Shadow Line\nBMW Individual Hochglanz Shadow Line mit erweiterten Umfängen\nDachhimmel Individual anthrazit\nScheinwerfer BMW Individual Shadow-Line\n\nKomfort, Innenausstattung\nAbstandsregeltempomat\nAktive Sitzbelüftung vorn\nAmbiente-Beleuchtung\nAußenspiegel elektr. anklappbar\nBMW Live Cockpit Professional\nDurchladeeinrichtung (Mittelarmlehne hinten)\nDurchladesystem\nEinparkhilfe selbstlenkendes System\nFensterheber elektrisch vorn + hinten\nFensterheber, elektrisch\nFondkopfstützen klappbar\nFreisprecheinrichtung Bluetooth mit USB-/Audio-Schnittstelle\nGalvanikapplikation für Bedienelemente\nGepäckraum-Abtrennung (Netz)\nGeschwindigkeits-Regelanlage mit Bremsfunktion\nHead-up-Display Full Color\nInduktionsladeschale für Smartphone (Wireless Charging)\nInnen- und Aussenspiegel automatisch abblendend\nInnenausstattung: Interieurleisten Carbon\nInnenspiegel mit Abblendautomatik\nIsofix-Aufnahmen für Kindersitz\nKeyless Entry\nKlimaautomatic\nKlimaautomatik 3-Zonen mit autom. Umluft-Control\nKomfortzugang (Öffnungs- und Schließsystem)\nLeder\nLederlenkrad\nLendenwirbelstütze Sitz vorn links und rechts, elektr. verstellbar\nLenkrad (Leder) mit Multifunktion M-Technic\nLenkrad heizbar\nLordose\nLordosenstuetze fuer Fahrer und Beifahrer\nM Sicherheitsgurte\nM Sportsitze\nMultifunktionslenkrad\nSitzheizung fuer Fahrer und Beifahrer\nSitzverstellung, elektrisch mit Memory\nSonnenschutzverglasung\nSportsitze\nSpurhalteassistent\nTempomat\nZentralverriegelung\n\nMultimedia\nBluetooth\nBMW Live Cockpit Professional (laufzeitgebundener Dienst)\nDAB Tuner\nFreisprecheinrichtung\nHarman Kardon Surround Sound System\nNavigationssystem\nRadio\nTelefon\nUSB Schnittstelle\n\nRäder\n19\"/20\" M Schmiederäder Doppelspeiche 826 M Schwarz / MB\nRadschraubensicherung\nReifenreparatur-Set\n\nSitzbezug\nBMW Individual Volllederausstattung 'Merino' Elfenbeinweiß\n\nSonstiges\nAbdeckkappen Außenspiegel M Carbon\nAblage für Wireless Charging \nActive Guard\nBerichtigung gebrauchte Automobile\nBlow by-Heizer\nBMW Digital Key\nCO2-Umfang\nDekodierung Zusatzfunktionen\nDeutsch / Bordliteratur\nDeutschland-Ausfuehrung\nElektrisch verstellbare Spiegel\nEU-spezifische Zusatzumfaenge\nFahrassistenz-System: aktiver Spurhalteassistent\nFahrassistenz-System: Ampel-Erkennung\nFahrassistenz-System: Ausweich-Assistent\nFahrassistenz-System: Einparkhilfe Seite\nFahrassistenz-System: Falschfahrwarnung\nFahrassistenz-System: Frontkollisionswarnung\nFahrassistenz-System: Heckaufprall-Vermeidung (Prävention Heckkollision)\nFahrassistenz-System: Kreuzungs-Assistent\nFahrassistenz-System: Park-Assistent\nFahrassistenz-System: Querverkehrs-Assistent\nFahrassistenz-System: Rückfahr-Assistent\nFahrassistenz-System: Rückfahrhilfe Notbremsfunktion (Active PDC)\nFahrassistenz-System: Spurwechselassistent\nFahrassistenz-System: Spurwechsel-Warnsystem\nGeschwindigkeits-Regelanlage, Aktiv mit Stop&Go-Funktion\nHeckdiffusor Carbon\nInduktionsladen für Smartphones\nKältemittel\nKilometertacho\nMetallic-Lackierung\nÖlwartungsintervall 24 Monate/30.000 km\nPersonal eSIM \nReifendruckkontrollsystem\nRückfahrkamera\nRückfahrkamera (Top View)\nService-System: Remote 3D View\nSteuerung Infotainment\nSteuerung Karosserie\nSurround-Kamerasystem (Surround View)\n\nUmwelt, Sicherheit\nAbgasnorm EU6 RDE II\nABS\nAktiver Fussgängerschutz\nAlarmanlage\nAuto Start/Stop Funktion \nBeifahrerairbag\nBeifahrerairbag-Deaktivierung\nESP\nFahrassistenz-System: Fernlichtassistent\nFahrerairbag\nInnenspiegel, automatisch abblendend\nKindersitzbefestigung ISOFIX\nKopfairbag\nLED-Scheinwerfer\nLichtsensor\nNotbremsassistent\nPASM\nRegensensor\nReifen Druck Control\nScheinwerfer LED mit adaptiver Lichtverteilung\nSeitenairbag\nSicherheitssystem Active Protection\nTraction Control\nWarndreieck\n\nM Exterieurpaket Carbon\nM Driver´s Package V Max Anhebung\nInterieurleisten Carbon Fibre\nWerksdienstwagen BMW AG - Kein Mietwagen\nFacelift M3 Touring\nincl. BMW Premium Selection Neuwagenanschlußgarantie bis 11/2029\n3,99% eff. Zins Finanzierung auch ohne Anzahlung über BMW Bank möglich - unsere Verkaufsberater informieren Sie gerne. Irrtümer und Zwischenverkauf vorbehalten.",
  "dealerDetails": {
    "id": 38044637,
    "name": "MOTORHEIMAT Wagner - Schwarz GmbH & Co. KG",
    "sellerType": "Dealer",
    "phones": [
      "+49 (0)89 4132658897"
    ],
    "languages": [
      "Deutsch",
      "English"
    ],
    "country": "DE",
    "address": "Kolpingring 2, DE-82041 Oberhaching bei München",
    "location": {
      "latitude": 48.0313855,
      "longitude": 11.583926
    },
    "activeSince": "2007-04-24T00:00:00.000Z",
    "homepageUrl": "https://home.mobile.de/home/redirect.html?customerId=38044637",
    "iconUrl": null,
    "reviewPageUrl": "https://www.mobile.de/bewertungen/MOTORHEIMATWAGNERSCHWARZGMBHCOKG?lang=en",
    "score": {
      "total": 4.8,
      "responseTime": 4.8,
      "friendliness": 4.8,
      "advice": 4.8
    },
    "activeRatingCount": 9,
    "vehicleAsDescribedPercentage": 100,
    "recommendPercentage": 88,
    "soldVehicleCount": null,
    "reviews": []
  },
  "attributes": {
    "Vehicle condition": "Used vehicle",
    "Category": "Estate car, Employee's Car",
    "Model range": "G81N",
    "Trim line": "Touring LCI Carbonp.DrivP3,99%",
    "Availability": "Now",
    "Origin": "German edition",
    "Mileage": "8,500 km",
    "Cubic Capacity": "2,993 ccm",
    "Power": "390 kW (530 hp)",
    "Drive type": "Internal combustion engine",
    "Fuel": "Petrol, E10-enabled",
    "Number of Seats": "5",
    "Door Count": "4/5",
    "Transmission": "Automatic",
    "Emission Class": "Euro6",
    "Emissions Sticker": "4 (Green)",
    "First Registration": "11/2024",
    "Construction Year": "2024",
    "Number of Vehicle Owners": "1",
    "HU": "New",
    "Climatisation": "Automatic climatisation, 3 zones",
    "Parking sensors": "Self-steering systems, Rear, 360° camera, Front",
    "Airbags": "Front and Side and More Airbags",
    "Colour (Manufacturer)": "BLACK SAPPHIRE",
    "Colour": "Black Metallic",
    "Interior Design": "Full leather, Other",
    "Weight": "1,940 kg",
    "Cylinders": "6",
    "Tank capacity": "59 l"
  },
  "features": [
    "ABS",
    "Adaptive cornering lights",
    "Adaptive Cruise Control",
    "Alarm system",
    "Alloy wheels",
    "Ambient lighting",
    "Android Auto",
    "Apple CarPlay",
    "Arm rest",
    "Autom. dimming interior mirror",
    "Blind spot assist",
    "Bluetooth",
    "Cargo barrier",
    "Central locking",
    "DAB radio",
    "Digital cockpit",
    "Distance warning system",
    "Dynamic chassis control",
    "Electric seat adjustment",
    "Electric side mirror",
    "Electric tailgate",
    "Electric windows",
    "Eletric seat adjustment with memory function",
    "Emergency brake assist",
    "Emergency call system",
    "Emergency tyre repair kit",
    "ESP",
    "Fatigue warning system",
    "Folding exterior mirrors",
    "Four-wheel drive",
    "Full Service History",
    "Glare-free high beam headlights",
    "Hands-free kit",
    "Head-up display",
    "Heated seats",
    "Heated steering wheel",
    "High beam assist",
    "Hill-start assist",
    "Immobilizer",
    "Induction charging for smartphones",
    "Integrated music streaming",
    "Isofix",
    "Keyless central locking",
    "Lane change assist",
    "Leather steering wheel",
    "LED headlights",
    "LED running lights",
    "Light sensor",
    "Lumbar support",
    "Multifunction steering wheel",
    "Navigation system",
    "Non-smoker vehicle",
    "On-board computer",
    "Paddle shifters",
    "Particulate filter",
    "Power Steering",
    "Rain sensor",
    "Rear traffic alert",
    "Roof rack",
    "Seat ventilation",
    "Sound system",
    "Speed limit control system",
    "Sport seats",
    "Sports package",
    "Sports suspension",
    "Start-stop system",
    "Summer tyres",
    "Tinted windows",
    "Touchscreen",
    "Traction control",
    "Traffic sign recognition",
    "Tuner/radio",
    "Tyre pressure monitoring",
    "USB port",
    "Voice control",
    "Warranty"
  ]
},
{
  "title": "BMW M3 Comp. Tour. M xDr., inkl. Individual Lack.,Pa",
  "previewImage": "https://img.classistatic.de/api/v1/mo-prod/images/45/45287bc1-f720-42ce-b93e-b237a0108cba?rule=mo-1600.jpg",
  "category": "EstateCar",
  "brand": "BMW",
  "model": "M3",
  "url": "https://suchen.mobile.de/fahrzeuge/details.html?id=433157356",
  "price.total.amount": 95530,
  "priceRating": {
    "rating": "Good price",
    "priceRanges": {
      "Very good price": {
        "start": 71501,
        "end": 92900
      },
      "Good price": {
        "start": 92901,
        "end": 100100
      },
      "Fair price": {
        "start": 100101,
        "end": 111300
      },
      "Increased price": {
        "start": 111301,
        "end": 119500
      },
      "High price": {
        "start": 119501,
        "end": 132700
      }
    }
  },
  "description": "Getriebe: Automatik\nTechnik: Allrad, Bordcomputer, Partikelfilter, Start-Stop-Automatik, Sportabgasanlage, Schaltwippen, Volldigitales Kombiinstrument\nAssistenten: Verkehrszeichenerkennung, Park-Lenk-Assistent, Regensensor, Fernlichtassistent, Lichtsensor, Notbremsassistent, Ausparkassistent\nKomfort: Servolenkung, Zentralverriegelung, Elektrischer Fensterheber, Lederausstattung, Sitzheizung, Elektrische Aussenspiegel, Teilbare Ruecksitzlehne, Tempomat, Multifunktionslenkrad, Keyless Go Startfunktion, Elektrische Sitze, Innenspiegel autom. abblendbar, Mittelarmlehne, Lenksaeule einstellbar, Sportsitze, ParkDistanceControl vorne und hinten, Elektrische Heckklappe, Keyless Entry, Memory Sitze, Ambientebeleuchtung, Lordosenstütze, Lederlenkrad, Geschwindigkeitsbegrenzungsanlage, Klimaautomatik-3-Zonen\nSicht: LED-Hauptscheinwerfer, LED-Tagfahrlicht, HEAD-UP-Display, LED-Rueckleuchten, Rückfahrkamera, Privacyverglasung\nSicherheit: ABS, Airbag, Beifahrer-Airbag, Wegfahrsperre, Seitenairbags, Alarmanlage, ESP, Reifendruckkontrolle, Traktionskontrolle, Kindersitzbefestigung, Notrufsystem, Pannenkit, Isofix Beifahrersitz\nEntertainment: Navigationssystem, Soundsystem, Radio, Telefonvorbereitung, USB-Anschluss, MP3, Bluetooth, Freisprecheinrichtung, Apple CarPlay, Android Auto, Sprachsteuerung, DAB, WLAN, Touchscreen, Induktionsladen für Smartphones, Musikstreaming, Navigationsvorbereitung\nUmwelt: Grüne Umweltplakette\nQualität: Garantie, Scheckheftgepflegt, GW Plus, HUAU neu, Nichtraucherfahrzeug, Inspektion neu\nSonstiges: Katalysator, Sportausstattung, Dachreling, Sportpaket, Sportfahrwerk, Elektrische Parkbremse, Fahrerprofilauswahl, Sommerreifen\nWeiteres: GRUNDAUSSTATTUNG. Dieser BMW überzeugt schon in der Basisausführung mit einer großzügigen Serienausstattung im Interieur und Exterieur. Zur Grundausstattung gehören u. a.: Exterieur M Schmiederäder M Außenspiegel M Hochglanz Shadow Line mit erweiterten Umfängen inkl. Dachreling Sonnenschutzverglasung LED-Scheinwerfer und LED-Heckleuchten Automatische Heckklappenbetätigung Heckscheibe separat zu öffnen Interieur BMW Live Cockpit Professional (inkl. BMW Head-Up Display) mit BMW Curved Display BMW Operating System 8.5 mit Navigation Connected Package Professional Alarmanlage DAB-Tuner Bluetooth / WiFi Schnittstelle mit Freisprecheinrichtung M Sportsitze für Fahrer und Beifahrer in Leder Merino Sitzverstellung, elektrisch mit Memory für Fahrer, Lordosenstütze Sitzheizung für Fahrer und Beifahrer M Sicherheitsgurte Harman Kardon Surround System M Lederlenkrad mit Nähten in M Farben M Dachhimmel anthrazit Klimaautomatik mit 3-Zonenregelung Ambiente Innenraumbeleuchtung Innen- und Außenspiegelpaket Durchladesystem 40:20:40 Personal eSIM Antrieb/Fahrwerk M xDrive Allradsystem 8-Gang M Steptronic Getriebe mit Drivelogic mit Schaltwippen am Lenkrad Adaptives M Fahrwerk Aktives M Differenzial M Abgasanlage, mit vier Endrohren M Drive M Drive Professional M Compound-Bremse Fahrerassistenz Geschwindigkeitsregelung mit Bremsfunktion Parking Assistant Active Guard Steuerung EfficientDynamics M Drive Professional Radschraubensicherung M Sportdifferenzial Reifendruck-Kontrolle Reifenreparatur Set Adaptives M Fahrwerk Alarmanlage Dach und Spiegelkappen schwarz M Dachreling Hochglanz Shadow Line Sonnenschutzverglasung Warndreieck und Verbandkasten Innen- und Außenspiegelpaket Innenspiegel automatisch abblendend Sitzverstellung, elektrisch mit Memory für Fahrersitz Lordosenstütze für Fahrer und Beifahrer Ablagenpaket Sitzheizung für Fahrer und Beifahrer M Sicherheitsgurte Galvanikapplikation für Bedienelemente Klimaautomatik Geschwindigkeitsregelung mit Bremsfunktion Deaktivierung Beifahrerairbag Fondkopfstützen klappbar DAB-Tuner Harman Kardon Surround Sound System Teleservices Gesetzlicher Notruf ConnectedDrive Services Connected Package Professional Ablage für Wireless Charging Personal eSIM BMW Live Cockpit Professional M Sportsitze M Hochglanz Shadow Line M Dachhimmel anthrazit M Hochglanz Shadow Line mit erweiterten Umfängen Ölwartungsintervall 30000 km / 24 Monate Aktiver Fußgängerschutz\nInt.KnNr: 16992153\nÄnderungen, Zwischenverkauf und Irrtümer vorbehalten.\nquality by dotzilla",
  "dealerDetails": {
    "id": 454448,
    "name": "BMW Autohaus Sperber GmbH & Co. KG",
    "sellerType": "Dealer",
    "phones": [
      "+49 (0)951 96433385",
      "+49 (0)951 96430330"
    ],
    "languages": [
      "Deutsch",
      "English",
      "Français"
    ],
    "country": "DE",
    "address": "Ohmstrasse 10a, DE-96050 Bamberg",
    "location": {
      "latitude": 49.8972862,
      "longitude": 10.919498
    },
    "activeSince": "2002-07-22T00:00:00.000Z",
    "homepageUrl": "https://home.mobile.de/home/redirect.html?customerId=454448",
    "iconUrl": null,
    "reviewPageUrl": "https://www.mobile.de/bewertungen/AH-SPERBER?lang=en",
    "score": {
      "total": 4.4,
      "responseTime": 4.4,
      "friendliness": 4.6,
      "advice": 4.3
    },
    "activeRatingCount": 148,
    "vehicleAsDescribedPercentage": 91,
    "recommendPercentage": 82,
    "soldVehicleCount": null,
    "reviews": []
  },
  "attributes": {
    "Vehicle condition": "New vehicle, Accident-free",
    "Category": "Estate car",
    "Vehicle Number": "16992153",
    "Availability": "From Mar 2, 2026",
    "Origin": "German edition",
    "Mileage": "0 km",
    "Cubic Capacity": "2,993 ccm",
    "Power": "390 kW (530 hp)",
    "Drive type": "Internal combustion engine",
    "Fuel": "Petrol",
    "CO₂ class": "Based on CO₂ emissions (combined)",
    "Fuel consumption": [
      "10.4 l/100km (combined)"
    ],
    "Energy costs for 15,000 km annual mileage": "€2,802/Year",
    "Fuel price": "€1.80/l (annual average 2024)",
    "Possible CO₂ costs over the next 10 years (15,000 km/year)": [
      "€4,477 (assuming an average CO₂ price of €127/t)",
      "€2,115 (assuming a low average CO₂ price of €60/t)",
      "€7,050 (assuming a high average CO₂ price of €200/t)"
    ],
    "Vehicle tax": "€480/Year",
    "Number of Seats": "5",
    "Door Count": "4/5",
    "Transmission": "Automatic",
    "Emissions Sticker": "4 (Green)",
    "Number of Vehicle Owners": "0",
    "HU": "New",
    "Climatisation": "Automatic climatisation, 3 zones",
    "Parking sensors": "Front, Camera, Self-steering systems, Rear",
    "Airbags": "Front and Side Airbags",
    "Colour (Manufacturer)": "Individual Lack (Preis laut best",
    "Colour": "White",
    "Interior Design": "Full leather, Black",
    "Cylinders": "6",
    "Energy consumption (comb.)": "10.4 l/100km",
    "CO₂ emissions (comb.)": "235 g/km"
  },
  "features": [
    "ABS",
    "Alarm system",
    "Ambient lighting",
    "Android Auto",
    "Apple CarPlay",
    "Arm rest",
    "Autom. dimming interior mirror",
    "Bluetooth",
    "Central locking",
    "Cruise control",
    "DAB radio",
    "Digital cockpit",
    "Electric seat adjustment",
    "Electric side mirror",
    "Electric tailgate",
    "Electric windows",
    "Eletric seat adjustment with memory function",
    "Emergency brake assist",
    "Emergency call system",
    "Emergency tyre repair kit",
    "ESP",
    "Folding exterior mirrors",
    "Four-wheel drive",
    "Full Service History",
    "Hands-free kit",
    "Head-up display",
    "Heated seats",
    "High beam assist",
    "Immobilizer",
    "Induction charging for smartphones",
    "Integrated music streaming",
    "Isofix",
    "Keyless central locking",
    "Leather steering wheel",
    "LED headlights",
    "LED running lights",
    "Light sensor",
    "Lumbar support",
    "Multifunction steering wheel",
    "Navigation preparation",
    "Navigation system",
    "New service",
    "Non-smoker vehicle",
    "On-board computer",
    "Paddle shifters",
    "Particulate filter",
    "Passenger seat Isofix point",
    "Power Steering",
    "Rain sensor",
    "Rear traffic alert",
    "Roof rack",
    "Sound system",
    "Speed limit control system",
    "Sport seats",
    "Sports package",
    "Sports suspension",
    "Start-stop system",
    "Summer tyres",
    "Tinted windows",
    "Touchscreen",
    "Traction control",
    "Traffic sign recognition",
    "Tuner/radio",
    "Tyre pressure monitoring",
    "USB port",
    "Voice control",
    "Warranty",
    "WLAN / Wi-Fi hotspot"
  ]
},
{
  "title": "BMW M3 Lim. Ad. LED RFK Lenkhzg. Driving Assi. 20\"",
  "previewImage": "https://img.classistatic.de/api/v1/mo-prod/images/1d/1de7cf85-204a-4c6a-9f7c-08276a6bb693?rule=mo-1600.jpg",
  "category": "Limousine",
  "brand": "BMW",
  "model": "M3",
  "url": "https://suchen.mobile.de/fahrzeuge/details.html?id=431878141",
  "price.total.amount": 95390,
  "priceRating": {
    "rating": "Good price",
    "priceRanges": {
      "Very good price": {
        "start": 70301,
        "end": 91400
      },
      "Good price": {
        "start": 91401,
        "end": 98400
      },
      "Fair price": {
        "start": 98401,
        "end": 109400
      },
      "Increased price": {
        "start": 109401,
        "end": 117500
      },
      "High price": {
        "start": 117501,
        "end": 130500
      }
    }
  },
  "description": "Verbrauch und Emission (WLTP)\nPrimärer Antrieb Verbrauch innerorts: 15,10 l/100 km\nPrimärer Antrieb Verbrauch Stadtrand: 9,90 l/100 km\nPrimärer Antrieb Verbrauch Landstraße: 8,60 l/100 km\nPrimärer Antrieb Verbrauch Autobahn: 9,60 l/100 km\nPrimärer Antrieb Verbrauch kombiniert: 10,10 l/100 km\nCO2 Emission kombiniert: 229 g/km\n\nModelljahr\nModelljahr: 2025\n\nGetriebe\nSchaltgetriebe, 6 Gänge\n\nAusstattungslinie\nM Sport\n\nAusstattungspakete\nM Sportpaket\nOptikpaket: M Aerodynamikpaket\nAblagepaket\nSpiegelpaket: Innen- und Außenspiegelpaket\n\nAssistenzsysteme\nHead-up-Display HUD\nBlendfreier Fernlichtassistent\nBMW ParkAssistent mit PDC vorne u. hinten\nRückfahrkamera\nFahrlichtautomatik\nGeschwindigkeitsregelung mit Bremsfunktion\nBerganfahrhilfe\nSpracheingabesystem\nMüdigkeitserkennung\nTotwinkel-Assistent\nSpurverlassenswarnung\nCornering Brake Control CBC\nFahrerassistenzpaket: Driving Assistant\nActive Guard Auffahrwarnung\nAufmerksamkeitsassistent\nSpeed Limit Info\n\nLicht und Sicht\nAdaptiver LED-Scheinwerfer: M Leuchten Shadow Line\nAbbiegelicht\nLED-Tagfahrlicht\nRegensensor\nAutomatisch abblendende Innen- und Außenspiegel\nSonnenschutzverglasung\nLeuchtweitenregulierung\nAmbientebeleuchtung mehrfarbig\nLichtsensor\n\nAudio & Kommunikation\nBMW Live Cockpit Professional\nBMW Professional Radio\nDigitaler Radioempfang DAB+\niDrive\nHarman/Kardon Soundsystem\nUSB Anschluss, Bluetooth Audiostreaming\nBMW ConnectedDrive: Connected Package Professional laufzeitgebundener Dienst\nHandyvorbereitung Bluetooth\nSmartphone-App Integration\nKabelloses Laden für Handys\n\nKomfort\nBMW Live Cockpit Professional\nKlimaautomatik, 3 Zonen\nFahrer-/Beifahrersitz elektrisch\nMemoryfunktion Fahrersitz\nLordosenstütze Fahrer/Beifahrer elektrisch\nSitzheizung Fahrer/Beifahrer\nSportsitze: M Sportsitze\nArmauflage Fahrer/Beifahrer\nServotronic\nLenksäule verstellbar\nKomfortzugang\nAuto Start Stop Funktion\nZentralver. mit Fernbedienung\nFensterheber elektrisch 4-fach\nKopfstützen vorn und hinten\nAutomatische Heckklappenbetätigung\nM Drive: Professional\n\nInterieur\nSitze Leder Merino Silverstone/Schwarz\nMultifunktions-Sport-/Lederlenkrad: M Alcantaralenkrad\nLenkradheizung\nBordcomputer\nRücksitze klapp- und teilbar\nDurchladesystem\nDekoreinlagen Carbon: M Interieurleisten 'Carbon Fibre'\nBodenbelag Teppich\n\nExterieur\nAntrieb: Heckantrieb\nAdaptives Fahrwerk\nTouchscreen Bedienung\nDifferentialsperre: M Sportdifferenzial\nCompound-Bremse: M Compound-Bremse, schwarz hochglänzend\nM Leichtmetallräder 20 Zoll: 19\"/20\" M Schmiederäder Doppelspeiche 826 M Schwarz / MB\nAußenspiegel elekt. verstell- & anklappbar, beheizt\nBremsenergierückgewinnung\nReifenpannenset\nM Sportabgasanlage\nInnovationspaket\nNotrufsystem\nGeschwindigkeitsbegrenzer\nDoppelverglasung: Akustikverglasung\nBMW My Modes\n\nSicherheit\nISOFIX Kindersitzbefestigung\nFußgängerschutzsystem\nFahrer- /Beifahrerairbag\nKopfairbag vorn und hinten\nSeitenairbag vorn\nDynamische Traktions Control DTC\nDynamische Stabilitäts Control DSC\nReifendruckkontrolle\nDiebstahlwarnanlage\nWegfahrsperre\nAußentemperatur Anzeige\nAntiblockiersystem ABS\nCity-Anbremsfunktion\n\nSonstige Maße und Gewichte\nNutzlast: 430 kg\nzulässiges Gesamtgewicht: 2.210 kg\n\nZwischenverkauf und Irrtümer für dieses Angebot sind ausdrücklich vorbehalten. Die Fahrzeugbeschreibung dient lediglich der allgemeinen Identifizierung des Fahrzeuges und stellt keine Gewährleistung im kaufrechtlichen Sinne dar. Ausschlaggebend sind einzig und allein die Vereinbarungen in der Auftragsbestätigung oder im Kaufvertrag. Einige der abgebildeten und inserierten Sonderausstattungen können bei ihrer Nutzung weitere Kosten verursachen. Den genauen Ausstattungsumfang erhalten Sie von unserem Verkaufspersonal.",
  "dealerDetails": {
    "id": 454410,
    "name": "Autohaus Walter Mulfinger GmbH",
    "sellerType": "Dealer",
    "phones": [
      "+49 (0)7181 207490822"
    ],
    "languages": [
      "Deutsch",
      "English"
    ],
    "country": "DE",
    "address": "Siechenfeldstraße 28, DE-73614 Schorndorf",
    "location": {
      "latitude": 48.8071657,
      "longitude": 9.515018999999999
    },
    "activeSince": "2003-06-02T00:00:00.000Z",
    "homepageUrl": "https://home.mobile.de/home/redirect.html?customerId=454410",
    "iconUrl": null,
    "reviewPageUrl": "https://www.mobile.de/bewertungen/KRAUTTER-GMBH?lang=en",
    "score": {
      "total": 4.6,
      "responseTime": 4.7,
      "friendliness": 4.8,
      "advice": 4.5
    },
    "activeRatingCount": 25,
    "vehicleAsDescribedPercentage": 95,
    "recommendPercentage": 100,
    "soldVehicleCount": null,
    "reviews": []
  },
  "attributes": {
    "Vehicle condition": "New vehicle, Accident-free",
    "Category": "Saloon",
    "Trim line": "M Sport",
    "Vehicle Number": "2368043",
    "Availability": "Now",
    "Origin": "German edition",
    "Mileage": "0 km",
    "Cubic Capacity": "2,993 ccm",
    "Power": "353 kW (480 hp)",
    "Drive type": "Internal combustion engine",
    "Fuel": "Petrol, E10-enabled",
    "CO₂ class": "Based on CO₂ emissions (combined)",
    "Fuel consumption": [
      "10.1 l/100km (combined)",
      "15.1 l/100km (city)",
      "9.9 l/100km (suburban)",
      "8.6 l/100km (country road)",
      "9.6 l/100km (motorway)"
    ],
    "Energy costs for 15,000 km annual mileage": "€2,721/Year",
    "Fuel price": "€1.80/l (annual average 2024)",
    "Possible CO₂ costs over the next 10 years (15,000 km/year)": [
      "€3,950 (assuming an average CO₂ price of €115/t)",
      "€1,718 (assuming a low average CO₂ price of €50/t)",
      "€6,526 (assuming a high average CO₂ price of €190/t)"
    ],
    "Vehicle tax": "€456/Year",
    "Number of Seats": "5",
    "Door Count": "4/5",
    "Transmission": "Manual gearbox",
    "Emission Class": "Euro 6e",
    "Emissions Sticker": "4 (Green)",
    "Construction Year": "2025",
    "Climatisation": "Automatic climatisation, 3 zones",
    "Parking sensors": "Camera, Front, Self-steering systems, Rear",
    "Airbags": "Front and Side and More Airbags",
    "Colour (Manufacturer)": "Saphirschwarz",
    "Colour": "Black Metallic",
    "Interior Design": "Full leather, Grey",
    "Cylinders": "6",
    "Energy consumption (comb.)": "10.1 l/100km",
    "CO₂ emissions (comb.)": "229 g/km"
  },
  "features": [
    "ABS",
    "Alarm system",
    "Alloy wheels",
    "Ambient lighting",
    "Arm rest",
    "Autom. dimming interior mirror",
    "Blind spot assist",
    "Bluetooth",
    "Central locking",
    "Cruise control",
    "DAB radio",
    "Digital cockpit",
    "Distance warning system",
    "Dynamic chassis control",
    "Electric seat adjustment",
    "Electric side mirror",
    "Electric tailgate",
    "Electric windows",
    "Eletric seat adjustment with memory function",
    "Emergency brake assist",
    "Emergency call system",
    "Emergency tyre repair kit",
    "ESP",
    "Fatigue warning system",
    "Folding exterior mirrors",
    "Glare-free high beam headlights",
    "Hands-free kit",
    "Head-up display",
    "Heated seats",
    "Heated steering wheel",
    "High beam assist",
    "Hill-start assist",
    "Immobilizer",
    "Induction charging for smartphones",
    "Integrated music streaming",
    "Isofix",
    "Keyless central locking",
    "Lane change assist",
    "Leather steering wheel",
    "LED headlights",
    "LED running lights",
    "Light sensor",
    "Lumbar support",
    "Multifunction steering wheel",
    "Navigation system",
    "Non-smoker vehicle",
    "On-board computer",
    "Particulate filter",
    "Power Steering",
    "Rain sensor",
    "Rear wheel drive",
    "Sound system",
    "Speed limit control system",
    "Sport seats",
    "Sports package",
    "Start-stop system",
    "Touchscreen",
    "Traction control",
    "Traffic sign recognition",
    "Tuner/radio",
    "Tyre pressure monitoring",
    "USB port",
    "Voice control",
    "Warranty"
  ]
},
{
  "title": "BMW M3 Lim. Ad. LED RFK Lenkhzg. Driving Assi. 20",
  "previewImage": "https://img.classistatic.de/api/v1/mo-prod/images/1d/1de7cf85-204a-4c6a-9f7c-08276a6bb693?rule=mo-1600.jpg",
  "category": "Limousine",
  "brand": "BMW",
  "model": "M3",
  "url": "https://suchen.mobile.de/fahrzeuge/details.html?id=433689320",
  "price.total.amount": 94980,
  "priceRating": {
    "rating": "Good price",
    "priceRanges": {
      "Very good price": {
        "start": 70201,
        "end": 91300
      },
      "Good price": {
        "start": 91301,
        "end": 98300
      },
      "Fair price": {
        "start": 98301,
        "end": 109300
      },
      "Increased price": {
        "start": 109301,
        "end": 117400
      },
      "High price": {
        "start": 117401,
        "end": 130400
      }
    }
  },
  "description": "Verbrauch und Emission (WLTP)\nPrimärer Antrieb Verbrauch innerorts: 15,10 l/100 km\nPrimärer Antrieb Verbrauch Stadtrand: 9,90 l/100 km\nPrimärer Antrieb Verbrauch Landstraße: 8,60 l/100 km\nPrimärer Antrieb Verbrauch Autobahn: 9,60 l/100 km\nPrimärer Antrieb Verbrauch kombiniert: 10,10 l/100 km\nCO2 Emission kombiniert: 229 g/km\n\nModelljahr\nModelljahr: 2025\n\nGetriebe\nSchaltgetriebe, 6 Gänge\n\nAusstattungslinie\nM Sport\n\nAusstattungspakete\nM Sportpaket\nOptikpaket: M Aerodynamikpaket\nAblagepaket\nSpiegelpaket: Innen- und Außenspiegelpaket\n\nAssistenzsysteme\nHead-up-Display HUD\nBlendfreier Fernlichtassistent\nBMW ParkAssistent mit PDC vorne u. hinten\nRückfahrkamera\nFahrlichtautomatik\nGeschwindigkeitsregelung mit Bremsfunktion\nBerganfahrhilfe\nSpracheingabesystem\nMüdigkeitserkennung\nTotwinkel-Assistent\nSpurverlassenswarnung\nCornering Brake Control CBC\nFahrerassistenzpaket: Driving Assistant\nActive Guard Auffahrwarnung\nAufmerksamkeitsassistent\nSpeed Limit Info\n\nLicht und Sicht\nAdaptiver LED-Scheinwerfer: M Leuchten Shadow Line\nAbbiegelicht\nLED-Tagfahrlicht\nRegensensor\nAutomatisch abblendende Innen- und Außenspiegel\nSonnenschutzverglasung\nLeuchtweitenregulierung\nAmbientebeleuchtung mehrfarbig\nLichtsensor\n\nAudio & Kommunikation\nBMW Live Cockpit Professional\nBMW Professional Radio\nDigitaler Radioempfang DAB+\niDrive\nHarman/Kardon Soundsystem\nUSB Anschluss, Bluetooth Audiostreaming\nBMW ConnectedDrive: Connected Package Professional laufzeitgebundener Dienst\nHandyvorbereitung Bluetooth\nSmartphone-App Integration\nKabelloses Laden für Handys\n\nKomfort\nBMW Live Cockpit Professional\nKlimaautomatik, 3 Zonen\nFahrer-/Beifahrersitz elektrisch\nMemoryfunktion Fahrersitz\nLordosenstütze Fahrer/Beifahrer elektrisch\nSitzheizung Fahrer/Beifahrer\nSportsitze: M Sportsitze\nArmauflage Fahrer/Beifahrer\nServotronic\nLenksäule verstellbar\nKomfortzugang\nAuto Start Stop Funktion\nZentralver. mit Fernbedienung\nFensterheber elektrisch 4-fach\nKopfstützen vorn und hinten\nAutomatische Heckklappenbetätigung\nM Drive: Professional\n\nInterieur\nSitze Leder Merino Silverstone/Schwarz\nMultifunktions-Sport-/Lederlenkrad: M Alcantaralenkrad\nLenkradheizung\nBordcomputer\nRücksitze klapp- und teilbar\nDurchladesystem\nDekoreinlagen Carbon: M Interieurleisten 'Carbon Fibre'\nBodenbelag Teppich\n\nExterieur\nAntrieb: Heckantrieb\nAdaptives Fahrwerk\nTouchscreen Bedienung\nDifferentialsperre: M Sportdifferenzial\nCompound-Bremse: M Compound-Bremse, schwarz hochglänzend\nM Leichtmetallräder 20 Zoll: 19\"/20\" M Schmiederäder Doppelspeiche 826 M Schwarz / MB\nAußenspiegel elekt. verstell- & anklappbar, beheizt\nBremsenergierückgewinnung\nReifenpannenset\nM Sportabgasanlage\nInnovationspaket\nNotrufsystem\nGeschwindigkeitsbegrenzer\nDoppelverglasung: Akustikverglasung\nBMW My Modes\n\nSicherheit\nISOFIX Kindersitzbefestigung\nFußgängerschutzsystem\nFahrer- /Beifahrerairbag\nKopfairbag vorn und hinten\nSeitenairbag vorn\nDynamische Traktions Control DTC\nDynamische Stabilitäts Control DSC\nReifendruckkontrolle\nDiebstahlwarnanlage\nWegfahrsperre\nAußentemperatur Anzeige\nAntiblockiersystem ABS\nCity-Anbremsfunktion\n\nSonstige Maße und Gewichte\nNutzlast: 430 kg\nzulässiges Gesamtgewicht: 2.210 kg\n\nZwischenverkauf und Irrtümer für dieses Angebot sind ausdrücklich vorbehalten. Die Fahrzeugbeschreibung dient lediglich der allgemeinen Identifizierung des Fahrzeuges und stellt keine Gewährleistung im kaufrechtlichen Sinne dar. Ausschlaggebend sind einzig und allein die Vereinbarungen in der Auftragsbestätigung oder im Kaufvertrag. Einige der abgebildeten und inserierten Sonderausstattungen können bei ihrer Nutzung weitere Kosten verursachen. Den genauen Ausstattungsumfang erhalten Sie von unserem Verkaufspersonal.",
  "dealerDetails": {
    "id": 16954084,
    "name": "Autohaus Walter Mulfinger GmbH",
    "sellerType": "Dealer",
    "phones": [
      "+49 (0)7191 735994168"
    ],
    "languages": [
      "Deutsch",
      "English"
    ],
    "country": "DE",
    "address": "Stuttgarter Straße 141, DE-71522 Backnang",
    "location": {
      "latitude": 48.936167,
      "longitude": 9.4378339
    },
    "activeSince": "2017-09-26T00:00:00.000Z",
    "homepageUrl": "https://home.mobile.de/home/redirect.html?customerId=16954084",
    "iconUrl": null,
    "reviewPageUrl": "https://www.mobile.de/bewertungen/AUTOHAUSWALTERMULFINGERGMBHBACKNANG?lang=en",
    "score": {
      "total": 5,
      "responseTime": 5,
      "friendliness": 5,
      "advice": 5
    },
    "activeRatingCount": 1,
    "vehicleAsDescribedPercentage": 100,
    "recommendPercentage": 100,
    "soldVehicleCount": null,
    "reviews": []
  },
  "attributes": {
    "Vehicle condition": "New vehicle, Accident-free",
    "Category": "Saloon",
    "Trim line": "M Sport",
    "Vehicle Number": "FV53977",
    "Availability": "Now",
    "Origin": "German edition",
    "Mileage": "0 km",
    "Cubic Capacity": "2,993 ccm",
    "Power": "353 kW (480 hp)",
    "Drive type": "Internal combustion engine",
    "Fuel": "Petrol, E10-enabled",
    "CO₂ class": "Based on CO₂ emissions (combined)",
    "Fuel consumption": [
      "10.1 l/100km (combined)",
      "15.1 l/100km (city)",
      "9.9 l/100km (suburban)",
      "8.6 l/100km (country road)",
      "9.6 l/100km (motorway)"
    ],
    "Energy costs for 15,000 km annual mileage": "€2,721/Year",
    "Fuel price": "€1.80/l (annual average 2024)",
    "Possible CO₂ costs over the next 10 years (15,000 km/year)": [
      "€3,950 (assuming an average CO₂ price of €115/t)",
      "€1,718 (assuming a low average CO₂ price of €50/t)",
      "€6,526 (assuming a high average CO₂ price of €190/t)"
    ],
    "Vehicle tax": "€456/Year",
    "Number of Seats": "5",
    "Door Count": "4/5",
    "Transmission": "Manual gearbox",
    "Emission Class": "Euro 6e",
    "Emissions Sticker": "4 (Green)",
    "Construction Year": "2025",
    "Climatisation": "Automatic climatisation, 3 zones",
    "Parking sensors": "Front, Self-steering systems, Rear, Camera",
    "Airbags": "Front and Side and More Airbags",
    "Colour (Manufacturer)": "Saphirschwarz",
    "Colour": "Black Metallic",
    "Interior Design": "Full leather, Grey",
    "Cylinders": "6",
    "Energy consumption (comb.)": "10.1 l/100km",
    "CO₂ emissions (comb.)": "229 g/km"
  },
  "features": [
    "ABS",
    "Alarm system",
    "Alloy wheels",
    "Ambient lighting",
    "Arm rest",
    "Autom. dimming interior mirror",
    "Blind spot assist",
    "Bluetooth",
    "Central locking",
    "Cruise control",
    "DAB radio",
    "Digital cockpit",
    "Distance warning system",
    "Dynamic chassis control",
    "Electric seat adjustment",
    "Electric side mirror",
    "Electric tailgate",
    "Electric windows",
    "Eletric seat adjustment with memory function",
    "Emergency brake assist",
    "Emergency call system",
    "Emergency tyre repair kit",
    "ESP",
    "Fatigue warning system",
    "Folding exterior mirrors",
    "Glare-free high beam headlights",
    "Hands-free kit",
    "Head-up display",
    "Heated seats",
    "Heated steering wheel",
    "High beam assist",
    "Hill-start assist",
    "Immobilizer",
    "Induction charging for smartphones",
    "Integrated music streaming",
    "Isofix",
    "Keyless central locking",
    "Lane change assist",
    "Leather steering wheel",
    "LED headlights",
    "LED running lights",
    "Light sensor",
    "Lumbar support",
    "Multifunction steering wheel",
    "Navigation system",
    "Non-smoker vehicle",
    "On-board computer",
    "Particulate filter",
    "Power Steering",
    "Rain sensor",
    "Rear wheel drive",
    "Sound system",
    "Speed limit control system",
    "Sport seats",
    "Sports package",
    "Start-stop system",
    "Touchscreen",
    "Traction control",
    "Traffic sign recognition",
    "Tuner/radio",
    "Tyre pressure monitoring",
    "USB port",
    "Voice control"
  ]
},
{
  "title": "BMW M3 Touring // 530 PS//M Carbon Schalensitze//sof",
  "previewImage": "https://img.classistatic.de/api/v1/mo-prod/images/a9/a971e2dc-cc4d-48d0-8d45-8d976c1787a5?rule=mo-1600.jpg",
  "category": "EstateCar",
  "brand": "BMW",
  "model": "M3",
  "url": "https://suchen.mobile.de/fahrzeuge/details.html?id=426009230",
  "price.total.amount": 94444,
  "priceRating": {
    "rating": "Very good price",
    "priceRanges": {
      "Very good price": {
        "start": 75701,
        "end": 98400
      },
      "Good price": {
        "start": 98401,
        "end": 105900
      },
      "Fair price": {
        "start": 105901,
        "end": 117800
      },
      "Increased price": {
        "start": 117801,
        "end": 126500
      },
      "High price": {
        "start": 126501,
        "end": 140500
      }
    }
  },
  "description": "Antrieb, Fahrwerk\nAdaptives M Fahrwerk\nAllrad\nM Drive Professional\nM Sportdifferential\nSportfahrwerk\n\nAußenausstattung\nDachreling Hochglanz Shadow-Line\nHeckklappenbetätigung automatisch\nLM-Felgen\nSonnenschutzverglasung (hinten abgedunkelt)\n\nEditionen und Pakete\nAblagenpaket\nConnectedDrive Services (laufzeitgebundener Dienst)\nConnectedPackage Professional (laufzeitgebundener Dienst)\nGepäckraum-Paket\nInnovations-Paket (2)\n\nExterieur\nDach und Spiegelkappen schwarz\nDachreling\nElektrische Gepäckraumklappe\n\nFahrerassistenz\nFahrassistenz-System: Driving Assistant Professional\nGesetzlicher Notruf\nHead-Up Display\nParking Assistant\nRückfahrkamera\nSpurverlassenswarnung\nSpurwechselwarnung\nTeleServices\n\nIndividualumfänge\nBMW Individual Dachreling Hochglanz Shadow Line\nBMW Individual Hochglanz Shadow Line\nBMW Individual Hochglanz Shadow Line mit erweiterten Umfängen\nDachhimmel Individual anthrazit\n\nKomfort, Innenausstattung\nAbstandsregeltempomat\nAmbiente-Beleuchtung\nAußenspiegel elektr. anklappbar\nBMW Live Cockpit Professional\nDurchladeeinrichtung (Mittelarmlehne hinten)\nDurchladesystem\nEinparkhilfe selbstlenkendes System\nFahrassistenz-System: Einparkhilfe Seite\nFahrassistenz-System: Park-Assistent\nFensterheber elektrisch vorn + hinten\nFensterheber, elektrisch\nFondkopfstützen klappbar\nFreisprecheinrichtung Bluetooth mit USB-/Audio-Schnittstelle\nGalvanikapplikation für Bedienelemente\nGepäckraum-Abtrennung (Netz)\nGeschwindigkeits-Regelanlage mit Bremsfunktion\nHead-up-Display Full Color\nInduktionsladeschale für Smartphone (Wireless Charging)\nInnen- und Aussenspiegel automatisch abblendend\nInnenspiegel mit Abblendautomatik\nIsofix-Aufnahmen für Kindersitz\nKeyless Entry\nKlimaautomatic\nKlimaautomatik 3-Zonen mit autom. Umluft-Control\nKomfortzugang (Öffnungs- und Schließsystem)\nLeder\nLederlenkrad\nLendenwirbelstütze Sitz vorn links und rechts, elektr. verstellbar\nLenkrad (Leder) mit Multifunktion M-Technic\nLicht- und Regensensor\nLordose\nM Schalensitze Carbon\nM Sicherheitsgurte\nMultifunktion für Lenkrad\nMultifunktionslenkrad\nRadioempfang digital (DAB+)\nScheibenwischer mit Regensensor\nService-System: Augmented Reality für Navigation\nSitze vorn elektr. verstellbar (mit Memory)\nSitzheizung fuer Fahrer und Beifahrer\nSitzheizung vorn\nSitzverstellung, elektrisch mit Memory\nSonnenschutzverglasung\nSound-System Harman-Kardon\nSportsitze\nSpurhalteassistent\nStart/Stop-Anlage (Funktion)\nTempomat\nVerglasung Akustikglas\nZentralverriegelung\nZentralverriegelung mit Diebstahlsicherung und Crashsensor\n\nMultimedia\nBluetooth\nBMW Live Cockpit Professional (laufzeitgebundener Dienst)\nDAB Tuner\nFreisprecheinrichtung\nHarman Kardon Surround Sound System\nNavigationssystem\nRadio\nTelefon\nUSB Schnittstelle\n\nRäder\nAlufelgen\nLM-Felgen vorn/hinten: 9,5x19 / 10,5x20 (Doppelspeichen 825 M, Bicolor, Schwarz)\nRadschraubensicherung\nReifenreparatur-Set\n\nSicherheit/Umwelt\nAdaptives Fahrwerk M-Technic\nAirbag Beifahrerseite abschaltbar\nAirbag Fahrer-/Beifahrerseite\nAlarmanlage\nAnti-Blockier-System (ABS)\nAntriebsart: Allradantrieb\nAntriebsart: xDrive (Allrad)\nDiebstahl-Warnanlage\nDynamische Stabilitäts-Control (DSC)\nDynamische Stabilitäts-Control (DSC) mit erweiterter Umfang\nFahrassistenz-System: Active Guard (Bremsassistent)\nFahrassistenz-System: Rückfahrhilfe Notbremsfunktion (Active PDC)\n\nSitzbezug\nLEDER MERINO\n\nSonstiges\nAblage für Wireless Charging \nActive Guard\nBlow by-Heizer\nBMW Digital Key\nCO2-Umfang\nDekodierung Zusatzfunktionen\nDeutsch / Bordliteratur\nDeutschland-Ausfuehrung\nElektrisch verstellbare Spiegel\nEU-spezifische Zusatzumfaenge\nFahrassistenz-System: aktiver Spurhalteassistent\nFahrassistenz-System: Ampel-Erkennung\nFahrassistenz-System: Ausweich-Assistent\nFahrassistenz-System: Falschfahrwarnung\nFahrassistenz-System: Frontkollisionswarnung\nFahrassistenz-System: Heckaufprall-Vermeidung (Prävention Heckkollision)\nFahrassistenz-System: Kreuzungs-Assistent\nFahrassistenz-System: Querverkehrs-Assistent\nFahrassistenz-System: Spurwechselassistent\nFahrassistenz-System: Spurwechsel-Warnsystem\nGeschwindigkeits-Regelanlage, Aktiv mit Stop&Go-Funktion\nInduktionsladen für Smartphones\nInterieurleisten Aluminium Rhombicle Anthrazit \nKältemittel\nKilometertacho\nMetallic-Lackierung\nÖlwartungsintervall 24 Monate/30.000 km\nPersonal eSIM \nReifendruckkontrollsystem\nSitzbezug / Polsterung: Leder Merino Schwarz\nSteuerung Infotainment\nSteuerung Karosserie\n\nUmwelt, Sicherheit\nAbgasnorm EU6 RDE II\nABS\nAktiver Fussgängerschutz\nAlarmanlage\nAuto Start/Stop Funktion \nBeifahrerairbag\nBeifahrerairbag-Deaktivierung\nESP\nFahrassistenz-System: Fernlichtassistent\nFahrerairbag\nInnenspiegel, automatisch abblendend\nKindersitzbefestigung ISOFIX\nKopfairbag\nLED-Scheinwerfer\nLichtsensor\nNotbremsassistent\nPASM\nRegensensor\nReifen Druck Control\nScheinwerfer LED mit adaptiver Lichtverteilung\nSeitenairbag\nTraction Control\nWarndreieck\nIrrtümer und Zwischenverkauf vorbehalten.",
  "dealerDetails": {
    "id": 4783285,
    "name": "Autohaus Michael Schmidt GmbH",
    "sellerType": "Dealer",
    "phones": [
      "+49 (0)8151 187603694"
    ],
    "languages": [
      "Deutsch",
      "English",
      "Română"
    ],
    "country": "DE",
    "address": "Leutstettener Strasse 26, DE-82319 Starnberg",
    "location": {
      "latitude": 48.0050105,
      "longitude": 11.348471
    },
    "activeSince": "2010-10-06T00:00:00.000Z",
    "homepageUrl": "https://home.mobile.de/home/redirect.html?customerId=4783285",
    "iconUrl": null,
    "reviewPageUrl": "https://www.mobile.de/bewertungen/AutohausMichaelSchmidtGmbHStarnberg?lang=en",
    "score": {
      "total": 4.4,
      "responseTime": 4.4,
      "friendliness": 4.6,
      "advice": 4.2
    },
    "activeRatingCount": 5,
    "vehicleAsDescribedPercentage": 80,
    "recommendPercentage": 80,
    "soldVehicleCount": null,
    "reviews": []
  },
  "attributes": {
    "Vehicle condition": "New vehicle, Accident-free",
    "Category": "Estate car",
    "Model range": "G81",
    "Trim line": "// 530 PS//M Carbon Schalensitze//sofort verfügbar",
    "Availability": "Now",
    "Origin": "German edition",
    "Mileage": "0 km",
    "Cubic Capacity": "2,993 ccm",
    "Power": "390 kW (530 hp)",
    "Drive type": "Internal combustion engine",
    "Fuel": "Petrol, E10-enabled",
    "CO₂ class": "Based on CO₂ emissions (combined)",
    "Fuel consumption": [
      "10.4 l/100km (combined)",
      "15.8 l/100km (city)",
      "10.3 l/100km (suburban)",
      "8.8 l/100km (country road)",
      "9.8 l/100km (motorway)"
    ],
    "Energy costs for 15,000 km annual mileage": "€2,802/Year",
    "Fuel price": "€1.80/l (annual average 2024)",
    "Possible CO₂ costs over the next 10 years (15,000 km/year)": [
      "€4,477 (assuming an average CO₂ price of €127/t)",
      "€2,115 (assuming a low average CO₂ price of €60/t)",
      "€7,050 (assuming a high average CO₂ price of €200/t)"
    ],
    "Vehicle tax": "€480/Year",
    "Number of Seats": "5",
    "Door Count": "4/5",
    "Transmission": "Automatic",
    "Emission Class": "Euro6",
    "Construction Year": "2024",
    "Number of Vehicle Owners": "0",
    "HU": "New",
    "Climatisation": "Automatic climatisation, 3 zones",
    "Parking sensors": "Rear, Self-steering systems, Front, Camera",
    "Airbags": "Front and Side and More Airbags",
    "Colour (Manufacturer)": "SKYSCRAPER GRAU METALLIC",
    "Colour": "Grey Metallic",
    "Interior Design": "Full leather, Black",
    "Weight": "1,940 kg",
    "Tank capacity": "59 l",
    "Energy consumption (comb.)": "10.4 l/100km",
    "CO₂ emissions (comb.)": "235 g/km"
  },
  "features": [
    "ABS",
    "Adaptive Cruise Control",
    "Adaptive lighting",
    "Alarm system",
    "Alloy wheels",
    "Ambient lighting",
    "Android Auto",
    "Apple CarPlay",
    "Arm rest",
    "Autom. dimming interior mirror",
    "Blind spot assist",
    "Bluetooth",
    "Cargo barrier",
    "CD player",
    "Central locking",
    "DAB radio",
    "Digital cockpit",
    "Distance warning system",
    "Dynamic chassis control",
    "Electric seat adjustment",
    "Electric side mirror",
    "Electric tailgate",
    "Electric windows",
    "Emergency brake assist",
    "Emergency call system",
    "ESP",
    "Four-wheel drive",
    "Full Service History",
    "Glare-free high beam headlights",
    "Hands-free kit",
    "Head-up display",
    "Heated seats",
    "High beam assist",
    "Hill-start assist",
    "Immobilizer",
    "Induction charging for smartphones",
    "Isofix",
    "Keyless central locking",
    "Lane change assist",
    "Leather steering wheel",
    "LED headlights",
    "LED running lights",
    "Light sensor",
    "Lumbar support",
    "Multifunction steering wheel",
    "Navigation system",
    "Non-smoker vehicle",
    "On-board computer",
    "Paddle shifters",
    "Particulate filter",
    "Power Steering",
    "Rain sensor",
    "Roof rack",
    "Sound system",
    "Speed limit control system",
    "Sport seats",
    "Sports package",
    "Sports suspension",
    "Start-stop system",
    "Summer tyres",
    "Tinted windows",
    "Touchscreen",
    "Traction control",
    "Traffic sign recognition",
    "Tuner/radio",
    "Tyre pressure monitoring",
    "USB port",
    "Voice control",
    "Warranty"
  ]
},
{
  "title": "BMW M3 Competition Touring M xDrive Innovationspaket",
  "previewImage": "https://img.classistatic.de/api/v1/mo-prod/images/40/40033a12-65e9-4bdd-9d10-20a1c5f392ec?rule=mo-1600.jpg",
  "category": "EstateCar",
  "brand": "BMW",
  "model": "M3",
  "url": "https://suchen.mobile.de/fahrzeuge/details.html?id=429297834",
  "price.total.amount": 96070,
  "priceRating": {
    "rating": "Very good price",
    "priceRanges": {
      "Very good price": {
        "start": 75701,
        "end": 98500
      },
      "Good price": {
        "start": 98501,
        "end": 106000
      },
      "Fair price": {
        "start": 106001,
        "end": 117900
      },
      "Increased price": {
        "start": 117901,
        "end": 126600
      },
      "High price": {
        "start": 126601,
        "end": 140700
      }
    }
  },
  "description": "Profitieren Sie von den Vorteilen einer Online-Beratung inkl. vollständiger Abwicklung über unser ahg Online Autohaus!\nWeitere Informationen dazu finden Sie unter: https://www.ahg-mobile.de/de/online-autohaus.\nIhr Ansprechpartner:\nahg Onlinevertrieb\nTel: 0781/608-77\nE-Mail: onlinevertrieb@ahg-mobile.de\n\nSonderausstattung:\nDekodierung Zusatzfunktionen\nFahrgestellnummer von aussen sichtbar\nInnovationspaket\n(Komfortzugang\nAdaptiver LED-Scheinwerfer\nFernlichtassistent\nDriving Assistant Professional)\nParking Assistant\n\nSerienausstattung:\n19'/20' M Schmiederäder Doppelspeiche 826 M Schwarz / MB\nAblage für Wireless Charging\nAblagenpaket\nAdaptives M Fahrwerk\nAktiver Fußgängerschutz\nAlarmanlage\nBMW Live Cockpit Professional\nConnected Package Professional\nConnectedDrive Services\nDAB-Tuner\nDach und Spiegelkappen schwarz\nDeaktivierung Beifahrerairbag\nFondkopfstützen klappbar\nGalvanikapplikation für Bedienelemente\nGesetzlicher Notruf\nHarman Kardon Surround Sound System\nInnen- und Außenspiegelpaket\nInnenspiegel automatisch abblendend\nKlimaautomatik\nLordosenstütze für Fahrer und Beifahrer\nM Dachhimmel anthrazit\nM Dachreling Hochglanz Shadow Line\nM Drive Professional\nM Hochglanz Shadow Line\nM Hochglanz Shadow Line mit erweiterten Umfängen\nM Sicherheitsgurte\nM Sportdifferenzial\nM Sportsitze\nPersonal eSIM\nRadschraubensicherung\nReifendruck-Kontrolle\nReifenreparatur Set\nSitzheizung für Fahrer und Beifahrer\nSitzverstellung\nelektrisch mit Memory für Fahrersitz\nSonnenschutzverglasung\nSteuerung EfficientDynamics\nTeleservices\n\n(Änderungen, Irrtümer und Zwischenverkauf vorbehalten!)",
  "dealerDetails": {
    "id": 14775403,
    "name": "Online Autohaus - ahg Autohandelsgesellschaft mbH",
    "sellerType": "Dealer",
    "phones": [
      "+49 (0)7451 520906247"
    ],
    "languages": [
      "Deutsch",
      "English",
      "Italiano"
    ],
    "country": "DE",
    "address": "Weberstraße 13, DE-72160 Horb am Neckar",
    "location": {
      "latitude": 48.4573232,
      "longitude": 8.695715
    },
    "activeSince": "2016-05-12T00:00:00.000Z",
    "homepageUrl": "https://home.mobile.de/home/redirect.html?customerId=14775403",
    "iconUrl": "https://img.classistatic.de/api/v1/mo-prod/images/3d/3d9b8f70-c574-40f1-a564-50077ef1f016?rule=mo-640.jpg",
    "reviewPageUrl": "https://www.mobile.de/bewertungen/PKWOUTLET?lang=en",
    "score": {
      "total": 4.6,
      "responseTime": 4.7,
      "friendliness": 4.6,
      "advice": 4.6
    },
    "activeRatingCount": 11,
    "vehicleAsDescribedPercentage": 90,
    "recommendPercentage": 100,
    "soldVehicleCount": null,
    "reviews": []
  },
  "attributes": {
    "Vehicle condition": "New vehicle, Accident-free",
    "Category": "Estate car",
    "Availability": "Now",
    "Origin": "German edition",
    "Cubic Capacity": "2,993 ccm",
    "Power": "390 kW (530 hp)",
    "Drive type": "Internal combustion engine",
    "Fuel": "Petrol",
    "CO₂ class": "Based on CO₂ emissions (combined)",
    "Fuel consumption": [
      "10.4 l/100km (combined)",
      "15.8 l/100km (city)",
      "10.3 l/100km (suburban)",
      "8.8 l/100km (country road)",
      "9.8 l/100km (motorway)"
    ],
    "Number of Seats": "5",
    "Door Count": "4/5",
    "Transmission": "Automatic",
    "Emission Class": "Euro6",
    "Emissions Sticker": "4 (Green)",
    "HU": "New",
    "Climatisation": "Automatic air conditioning",
    "Parking sensors": "Camera, Self-steering systems, Rear, Front",
    "Airbags": "Front and Side and More Airbags",
    "Colour (Manufacturer)": "Skyscraper Grau metallic",
    "Colour": "Grey Metallic",
    "Interior Design": "Full leather, Black",
    "Energy consumption (comb.)": "10.4 l/100km",
    "CO₂ emissions (comb.)": "234 g/km"
  },
  "features": [
    "ABS",
    "Adaptive Cruise Control",
    "Alarm system",
    "Alloy wheels",
    "Bluetooth",
    "Central locking",
    "DAB radio",
    "Daytime running lights",
    "Electric seat adjustment",
    "Electric side mirror",
    "Electric windows",
    "ESP",
    "Four-wheel drive",
    "Full Service History",
    "Hands-free kit",
    "Head-up display",
    "Heated seats",
    "Immobilizer",
    "Isofix",
    "LED headlights",
    "Light sensor",
    "Multifunction steering wheel",
    "Navigation system",
    "Non-smoker vehicle",
    "On-board computer",
    "Power Steering",
    "Rain sensor",
    "Roof rack",
    "Sport seats",
    "Sports suspension",
    "Start-stop system",
    "Traction control",
    "Tuner/radio"
  ]
},
{
  "title": "BMW M3 Comp. xDr. Driver CarbonExt. Sitzlüft. ACC 36",
  "previewImage": "https://img.classistatic.de/api/v1/mo-prod/images/84/84b65c4f-02c5-4c70-977d-49b6a9c685de?rule=mo-1600.jpg",
  "category": "Limousine",
  "brand": "BMW",
  "model": "M3",
  "url": "https://suchen.mobile.de/fahrzeuge/details.html?id=434089497",
  "price.total.amount": 95889,
  "priceRating": {
    "rating": "Good price",
    "priceRanges": {
      "Very good price": {
        "start": 72001,
        "end": 93600
      },
      "Good price": {
        "start": 93601,
        "end": 100800
      },
      "Fair price": {
        "start": 100801,
        "end": 112200
      },
      "Increased price": {
        "start": 112201,
        "end": 120400
      },
      "High price": {
        "start": 120401,
        "end": 133800
      }
    }
  },
  "description": "+WILLKOMMEN BEIM AUTOHAUS BAYERNCAR KÖNIGSBRUNN ...kaufen mit gutem Gefühl! ++ALLE FAHRZEUGE optional DEKRA geprüft !++Zwischenverkauf, Änderungen und Irrtümer vorbehalten ++WE ALSO SALE WITHOUT VAT FOR EXPORT-JUST ASK US!++ \nDeutschlandweite Zustellungen möglich!!!\n\nUnsere Serviceleistungen:\n- Allianz Automotive Garantie Erweiterung (optional)\n- Finanzierung über die BMW Premium Financial oder die Credit Plus Bank\nAb sofort sind wir über WhatsApp erreichbar.\nWhatsApp-/FaceTime Kontakt: +49-171 19 021 90\n\n++ BMW M3 Competition xDrive Limousine LCI ++\nRepair Inclusive 3Jahre/200.000km\nFarbe: 0475 Saphirschwarz Metallic\nPolster: LKSW Leder Merino Schwarz\n\n01MB M DRIVE PROFESSIONAL\n01U0 BMW LM Rad 826M JB\n0248 Lenkradheizung\n02PA Radschraubensicherung\n02T4 M Sportdifferenzial\n02VB Reifendruckanzeige\n02VC Reifenreparatur-Set\n02VF Adaptives M Fahrwerk\n0302 Alarmanlage\n0316 Automatische Heckklappenbetätigung\n0322 Komfortzugang\n03KA Akustik Komfort Verglasung\n03M6 M COMPOUND-BREMSE, SCHWARZ HOCHGL.\n03MF BMW INDIVIDUAL LEUCHTEN SHADOW LINE\n0420 Abgedunkelte Verglasung\n0428 Warndreieck und Verbandstasche\n0430 Innen-/Aussensp. mit Abblendautomatik\n0431 Innenspiegel automatisch abblendend\n0453 Klimatisierte Sitze vorne\n0459 Sitzverstellung elektrisch mit Memory\n0488 Lordosenstütze Fahrer u. Beifahrer\n0493 Ablagenpaket\n0494 Sitzheizung Fahrer/Beifahrer\n04GQ M Sicherheitsgurte\n04MC Interieurleisten Carbon Fibre\n04NE Blow-by-Heizer\n04U0 Galvanikapplikation Bedienelemente\n0534 Klimaautomatik\n0548 Kilometertacho\n0552 Adaptiver LED-Scheinwerfer\n05AC Fernlichtassistent\n05AU Driving Assistant Professional\n05AV Active Guard\n05DA Deaktivierung Airbag Beifahrer\n05DC Kopfstützen im Fond klappbar\n05DN Parkassistenzsystem Plus\n0654 DAB-Tuner (DAB+ fähig)\n0688 Harman/Kardon Surround Sound System\n06AE Teleservices\n06AF Gesetzlicher Notruf\n06AK Connected Drive Services\n06C4 Connected Package Professional\n06NX Storage tray wireless charging\n06PA Personal eSIM\n06U3 BMW Live Cockpit Professional\n06VB Steuerung Infotainment\n0712 M Sportsitz\n071C M Exterieurpaket Carbon\n0760 Hochglanz Shadow-Line\n0775 Dachhimmel anthrazit\n07M9 M Hochglanz Shadow Line mit erweiterten Umfängen\n07ME M Driver's Package\n\nEin Angebot von BMW-Bank Premium Financial:\nLaufzeit: 36 Monate\nAnzahlung: 15.805,00 €\neffekt. Jahreszins: 6,99 %\nSchlussrate: 60.383,00 €\nNettokreditbetrag: 83.184,00 €\nBruttokreditbetrag: 97.816,00 €\nAbschlussgebühr: 0,00 €\nRatensicherung: 0,00 €\nSollzinssatz: 6,78 %\n\nmonatl. Rate: 1.069,00 €\nWir bieten unsere Fahrzeuge bereits kurz nach Kauf und ohne Bilder an. Sobald diese bei uns eingetroffen sind werden Bilder eingestellt.\nMit einer Bestellung versenden wir nochmal eine detaillierte Aufstellung der kompletten Fahrzeugausstattung. Wir bitten diese vor Vertragsabschluß sorgfältig zu lesen, da Fehler\nim Inserat vorbehaltlich sind und Irrtümer nicht ausgeschlossen werden können.",
  "dealerDetails": {
    "id": 451587,
    "name": "BayernCar GmbH",
    "sellerType": "Dealer",
    "phones": [
      "+49 (0)8231 926992757"
    ],
    "messengers": {
      "WHATS_APP": "+49 (0)171 1902190"
    },
    "languages": [
      "Deutsch",
      "English"
    ],
    "country": "DE",
    "address": "Dornierstraße 10, DE-86343 Königsbrunn",
    "location": {
      "latitude": 48.2539715,
      "longitude": 10.8711669
    },
    "activeSince": "2005-10-17T00:00:00.000Z",
    "homepageUrl": "https://home.mobile.de/home/redirect.html?customerId=451587",
    "iconUrl": "https://img.classistatic.de/api/v1/mo-prod/images/f7/f73f1ae9-a818-4727-830b-e5061e043ce7?rule=mo-640.jpg",
    "reviewPageUrl": "https://www.mobile.de/bewertungen/BAYERN-CAR?lang=en",
    "score": {
      "total": 4.6,
      "responseTime": 4.6,
      "friendliness": 4.7,
      "advice": 4.5
    },
    "activeRatingCount": 47,
    "vehicleAsDescribedPercentage": 94,
    "recommendPercentage": 94,
    "soldVehicleCount": null,
    "reviews": []
  },
  "attributes": {
    "Vehicle condition": "Used vehicle, Accident-free",
    "Category": "Saloon, Demonstration Vehicle",
    "Model range": "G80",
    "Trim line": "Competition",
    "Vehicle Number": "25-67493",
    "Availability": "Now",
    "Mileage": "4,797 km",
    "Cubic Capacity": "2,993 ccm",
    "Power": "390 kW (530 hp)",
    "Drive type": "Internal combustion engine",
    "Fuel": "Petrol",
    "CO₂ class": "Based on CO₂ emissions (combined)",
    "Fuel consumption": [
      "10.1 l/100km (combined)"
    ],
    "Energy costs for 15,000 km annual mileage": "€2,802/Year",
    "Fuel price": "€1.85/l (annual average 2024)",
    "Possible CO₂ costs over the next 10 years (15,000 km/year)": [
      "€3,950 (assuming an average CO₂ price of €115/t)",
      "€1,718 (assuming a low average CO₂ price of €50/t)",
      "€6,526 (assuming a high average CO₂ price of €190/t)"
    ],
    "Number of Seats": "5",
    "Door Count": "4/5",
    "Transmission": "Automatic",
    "Emission Class": "Euro6",
    "Emissions Sticker": "4 (Green)",
    "First Registration": "01/2025",
    "Number of Vehicle Owners": "1",
    "HU": "01/2028",
    "Climatisation": "Automatic climatisation, 3 zones",
    "Parking sensors": "360° camera, Front, Self-steering systems, Rear",
    "Airbags": "Front and Side and More Airbags",
    "Colour (Manufacturer)": "(0475) Saphirschwarz Metal",
    "Colour": "Black Metallic",
    "Interior Design": "Full leather, Black",
    "Cylinders": "6",
    "Energy consumption (comb.)": "10.1 l/100km",
    "CO₂ emissions (comb.)": "229 g/km"
  },
  "features": [
    "ABS",
    "Adaptive cornering lights",
    "Adaptive Cruise Control",
    "Alarm system",
    "Alloy wheels",
    "Ambient lighting",
    "Android Auto",
    "Apple CarPlay",
    "Arm rest",
    "Autom. dimming interior mirror",
    "Blind spot assist",
    "Bluetooth",
    "Cargo barrier",
    "Central locking",
    "DAB radio",
    "Digital cockpit",
    "Distance warning system",
    "Dynamic chassis control",
    "Electric seat adjustment",
    "Electric side mirror",
    "Electric tailgate",
    "Electric windows",
    "Eletric seat adjustment with memory function",
    "Emergency brake assist",
    "Emergency call system",
    "ESP",
    "Fatigue warning system",
    "Folding exterior mirrors",
    "Four-wheel drive",
    "Full Service History",
    "Glare-free high beam headlights",
    "Hands-free kit",
    "Head-up display",
    "Heated seats",
    "Heated steering wheel",
    "High beam assist",
    "Hill-start assist",
    "Immobilizer",
    "Induction charging for smartphones",
    "Integrated music streaming",
    "Isofix",
    "Keyless central locking",
    "Lane change assist",
    "Leather steering wheel",
    "LED headlights",
    "LED running lights",
    "Light sensor",
    "Lumbar support",
    "Multifunction steering wheel",
    "Navigation system",
    "Non-smoker vehicle",
    "On-board computer",
    "Paddle shifters",
    "Particulate filter",
    "Power Steering",
    "Rain sensor",
    "Rear traffic alert",
    "Seat ventilation",
    "Sound system",
    "Speed limit control system",
    "Sport seats",
    "Sports package",
    "Sports suspension",
    "Start-stop system",
    "Summer tyres",
    "Tinted windows",
    "Touchscreen",
    "Traction control",
    "Traffic sign recognition",
    "Tuner/radio",
    "Tyre pressure monitoring",
    "USB port",
    "Voice control",
    "Warranty",
    "WLAN / Wi-Fi hotspot"
  ]
},
{
  "title": "BMW M3 Competion M xDrive Touring M Drivers Package ",
  "previewImage": "https://img.classistatic.de/api/v1/mo-prod/images/58/58c4f5f4-a738-4292-b5b1-33cb17c3e60d?rule=mo-1600.jpg",
  "category": "EstateCar",
  "brand": "BMW",
  "model": "M3",
  "url": "https://suchen.mobile.de/fahrzeuge/details.html?id=430329847",
  "price.total.amount": 95380,
  "priceRating": {
    "rating": "Good price",
    "priceRanges": {
      "Very good price": {
        "start": 68201,
        "end": 88600
      },
      "Good price": {
        "start": 88601,
        "end": 95500
      },
      "Fair price": {
        "start": 95501,
        "end": 106200
      },
      "Increased price": {
        "start": 106201,
        "end": 114000
      },
      "High price": {
        "start": 114001,
        "end": 126600
      }
    }
  },
  "description": "Sonderausstattung:\nM Driver?s Package\nInnovationspaket\nBMW Individual Lackierung\nDriving Assistant Professional\nM Interieurleisten Carbon Fibre\nParking Assistant Plus\nBMW Individual erweiterte Lederausstattung Merino\nGepäckraumpaket\n19'/20' M Schmiederäder Doppelspeiche 825 M Bicolor Schwarz mit Mischbereifung\nM Combound-Bremse Rot hochglänzend\nActive Protection\nM Leuchten Shadow Line\nAkustikverglasung\nFernlichtassistent\n\nSerienausstattung:\nSechzehn Lautsprecher (Harman/Kardon), Subwoofer und Surround Sound\nBordcomputer mit Durchschnittskraftstoffverbrauch\nLuxus-Ausstattung: Aluminium auf Mittelkonsole, Aluminium-Türverkleidung, Aluminium auf Armaturenbrett\nLED Hauptscheinwerfer mit Ellipsoid-Streuscheibe LED\nAudio-Anlage Digitalradio, Internetradio, Touch Screen, Farbdisplay und 464\nTagfahrlicht\nKopf-/Dach Airbag vorn und hinten\nAudio-Fernbedienung am Lenkrad\nLaderaumabdeckung flexibel\nZentralverriegelung (mit Fernbedienung) mit Schließung der elektr. Fenster\nAlarmanlage mit Innenraumüberwachung\nDachreling getönt\nFahrer-Airbag, Beifahrer-Airbag mit Deaktivierung für Beifahrerairbag\nSeiten-Airbag vorne\nSicherheitsgurte hinten mit Gurtstraffer links, Sicherheitsgurte hinten rechts, Dreipunkt-Gurt hinten Mitte :\nPremiumleder / Premiumleder\nArmlehne für Vordersitze\nArmlehne für Rücksitze\nFahrersitz Sportsitz mit sieben elektr. Verstellmöglichkeiten, Sitzheizung, Lehnenneigungsverstellung mit Memory, Längsverstellung mit Memory und Längsverstellung mit Memory 2-Wege elektrisch mit Sitzflächenneigungsverstellung mit Memory und mechanischer Oberschenkelauflage, Beifahrersitz Sportsitz mit sieben elektr. Verstellmöglichkeiten, Sitzheizung, elektrischer Lehnenneigungsverstellung, elektrischer Längsverstellung und elektrischer Höhenverstellung 2-Wege elektrisch mit elektrischer Sitzflächenneigungsverstellung und mechanischer Oberschenkelauflage\nMultifunktions-Alu & Lederlenkrad höhenverstellbar und längsverstellbar\nServolenkung geschwindigkeitsabhängig, elektrisch, variable Übersetzung mit variabler Übersetzung\n12V Steckdose im Gepäck/Laderaum vorne und hinten\nGetränkehalter für Vordersitze und Rücksitze\nSportfahrwerk\nAktive Radaufhängung mit wählbarer Einstellung elektronisch\nBelüftungssystem mit digitaler Überwachung, Pollenfilter, Aktivkohlefilter und Motorvorwärmer\nGetrennte Belüftungsregelung für Beifahrerseite und hinten mit digitaler Anzeige\nKlimaanlage mit 3 Klimatisierungszonen (vollautomatisch)\nAnklappbare Außenspiegel\nWindschutzscheiben-Wisch-Wasch-Anlage mit Regensensor\nElektrische Fensterheber mit Impulsschaltung für zwei Fenster vorn und hinten\nAlufelgen 9,5 X 19 auf Vorderachse 48,3, 24,1, 1U0, Alufelgen 10,5 X 20 auf Hinterachse 50,8, 26,7, 1U0\nNavigationssystem mit Bedienung über Touch Screen, Datenquelle: Internet (Farbe), 14,90 Zoll-Bildschirm, Verkehrsinformation und Verkehrsinfo Monate inklusive: 24\nElektronische Fahrstabilitätskontrolle\nSportauspuff\nABS\nBremsassistent\nEnergieeffizienzklasse: G\nReifendruckkontrolle Druckanzeige und Felgensensor\nIsofix\nSmart Card / Smart Schlüssel inklusive keyless start\nSprachbedienung herstellereigen\nAusstattungsbezeichnung: M3 COMPETITION, Lokale Ausstattungsbezeichnung: M3 Competion, Ausstattungsklasse: S2\nElektrische Heckklappen-Zuziehhilfe\nElektronische Handbremse\nPartikelfilter\nKnie-Airbags Fahrer\nLokale Sprache Deutsch, BMW, 3er-Reihe, M3 Competion M xDrive Touring, M3 Competion und M3 Competion M xDrive Touring\nBerganfahrassistent / Auto Hold\nAutom. Warnblinker bei starker Bremsung\nElektr. Sitz-Memory für Außenspiegel\nCrash Warnsystem aktiviert Bremslicht, Müdigkeitswarnung, automatische Notbremsung, Bremst bei niedriger Geschwindigkeit Mindestgeschw. Zur Aktivierung: 5 km/h Fußgängerschutz, visuelle/akustische Warnung, Funktion über 130 km/h 78 mph, Funktion über 50 km/h 30 mph und Funktion unter 50 km/h 30 mph\nBluetooth\nStart/Stop\nGeschwindigkeitsregelanlage\nSpurassistent aktiviert Lenkung\nSichtschutzglas hinten und Seite hinten\nStartknopf\nEinparkassistent hinten und vollautomatisches Ein- und Ausparken 90°\nMulti-Funktions-Monitor mit 12,30 Zoll Bildschirm Kombi-Instrumente 1, Bildschirmgröße (cm):, Wahlrad und beinhaltet Augmented Reality, Multi-Funktions-Monitor mit 14,90 Zoll Bildschirm und Touch-Bedienung Armaturenbrett 1, Bildschirmgröße (cm):, fix, Drehknopf, Touchpadsteuerung, nein und beinhaltet Augmented Reality\nLED Licht Bremslicht, Abblendlicht, Blinker, Tagfahrlicht, Rückleuchten und Fernlicht\nBeleuchtete Einstiegszone\nEnergie Rückgewinnung\nParkplatzinformation\nVerkehrszeichenerkennung\nAktives Differenzial Hinten\nInterner Speicher/Festplatte 320,00 GB\nWifi Netzwerk Anzahl Monate Vertrag inkl.: 999 und Verbindungsart: SIM-Karte erforderlich\n\n(Änderungen, Irrtümer und Zwischenverkauf vorbehalten!)",
  "dealerDetails": {
    "id": 2687684,
    "name": "ahg Autohandelsgesellschaft mbH",
    "sellerType": "Dealer",
    "phones": [
      "+49 (0)7461 150936578"
    ],
    "languages": [
      "Deutsch",
      "Slovenščina",
      "English",
      "Español",
      "Türkçe"
    ],
    "country": "DE",
    "address": "Stockacher Straße 181, DE-78532 Tuttlingen",
    "location": {
      "latitude": 47.9734503,
      "longitude": 8.834088
    },
    "activeSince": "2009-07-01T00:00:00.000Z",
    "homepageUrl": "https://home.mobile.de/home/redirect.html?customerId=2687684",
    "iconUrl": "https://img.classistatic.de/api/v1/mo-prod/images/9f/9fa4e068-348a-4d6d-b6a1-5e0f0e91ed12?rule=mo-640.jpg",
    "reviewPageUrl": "https://www.mobile.de/bewertungen/AHGFAUDEAUTOHANDELSGESELLSCHAFTMBHTUTTINGEN?lang=en",
    "score": {
      "total": 4.6,
      "responseTime": 4.6,
      "friendliness": 4.6,
      "advice": 4.6
    },
    "activeRatingCount": 7,
    "vehicleAsDescribedPercentage": 100,
    "recommendPercentage": 83,
    "soldVehicleCount": null,
    "reviews": []
  },
  "attributes": {
    "Vehicle condition": "Used vehicle, Accident-free",
    "Category": "Estate car",
    "Vehicle Number": "FT77490",
    "Availability": "Now",
    "Mileage": "9,542 km",
    "Cubic Capacity": "2,993 ccm",
    "Power": "390 kW (530 hp)",
    "Drive type": "Internal combustion engine",
    "Fuel": "Petrol",
    "CO₂ class": "Based on CO₂ emissions (combined)",
    "Fuel consumption": [
      "10.4 l/100km (combined)",
      "15.8 l/100km (city)",
      "10.3 l/100km (suburban)",
      "8.8 l/100km (country road)",
      "9.8 l/100km (motorway)"
    ],
    "Number of Seats": "5",
    "Door Count": "4/5",
    "Transmission": "Automatic",
    "Emission Class": "Euro6",
    "Emissions Sticker": "4 (Green)",
    "First Registration": "08/2024",
    "Number of Vehicle Owners": "1",
    "Climatisation": "Automatic air conditioning",
    "Parking sensors": "Rear, Front, Camera, Self-steering systems",
    "Airbags": "Front and Side and More Airbags",
    "Colour (Manufacturer)": "BMW Individual Dravitgrau Meta",
    "Colour": "Grey Metallic",
    "Interior Design": "Full leather, Brown",
    "Energy consumption (comb.)": "10.4 l/100km",
    "CO₂ emissions (comb.)": "234 g/km"
  },
  "features": [
    "ABS",
    "Adaptive Cruise Control",
    "Adaptive lighting",
    "Alarm system",
    "Alloy wheels",
    "Bluetooth",
    "Central locking",
    "DAB radio",
    "Daytime running lights",
    "Electric seat adjustment",
    "Electric side mirror",
    "Electric windows",
    "ESP",
    "Four-wheel drive",
    "Full Service History",
    "Hands-free kit",
    "Head-up display",
    "Heated seats",
    "Immobilizer",
    "Isofix",
    "LED headlights",
    "Light sensor",
    "Multifunction steering wheel",
    "Navigation system",
    "Non-smoker vehicle",
    "On-board computer",
    "Particulate filter",
    "Power Steering",
    "Rain sensor",
    "Roof rack",
    "Sport seats",
    "Sports suspension",
    "Start-stop system",
    "Traction control",
    "Tuner/radio"
  ]
},
{
  "title": "BMW M3 Touring xDrive Competition *CARBON*M-PERFORMA",
  "previewImage": "https://img.classistatic.de/api/v1/mo-prod/images/7e/7ebbd1a7-d4a1-40eb-9754-ad09a66193ff?rule=mo-1600.jpg",
  "category": "EstateCar",
  "brand": "BMW",
  "model": "M3",
  "url": "https://suchen.mobile.de/fahrzeuge/details.html?id=432180538",
  "price.total.amount": 95400,
  "priceRating": {
    "rating": "Fair price",
    "priceRanges": {
      "Very good price": {
        "start": 61701,
        "end": 80200
      },
      "Good price": {
        "start": 80201,
        "end": 86300
      },
      "Fair price": {
        "start": 86301,
        "end": 96000
      },
      "Increased price": {
        "start": 96001,
        "end": 103100
      },
      "High price": {
        "start": 103101,
        "end": 114500
      }
    }
  },
  "description": "Garantie bis 2027\n\nKW V4 \nSchmidt Schmiedefelgen \n\nUmbauten eingetragen\n\n\nSonderausstattung \nM Race Track Paket\n◦ M Driver´s Package\n◦ Head-up-Display\n◦ Innenausstattung: Interieurleisten Carbon\n◦ M Schalensitze Carbon\n◦ Bremsanlage: M Carbon-Keramik\n◦ M Drive Professional (Fahrprofilauswahl)\n◦ LM-Felgen\n◦ Reifensystem Performance\nBMW Individual-Sonderlackierung Frozen Brilliant White Metallic\nBMW Individual-Sonderlackierung Frozen Pure Grey Metallic\nExterieur-Paket M Carbon\n◦ Abdeckkappen Außenspiegel M Carbon\n◦ Heckdiffusor Carbon\nInnovations-Paket\n◦ Scheinwerfer Laserlicht\n◦ Fahrassistenz-System: Fernlichtassistent\n◦ Komfortzugang (Öffnungs- und Schließsystem)\n◦ Fahrassistenz-System: Driving Assistant\n◦ Fahrassistenz-System: Spurwechselassistent\n◦ Fahrassistenz-System: Frontkollisionswarnung\n◦ Fahrassistenz-System: Heckaufprall-Vermeidung (Prävention Heckkollision)\n◦ Fahrassistenz-System: Querverkehrs-Assistent\n◦ Fahrassistenz-System: Spurwechsel-Warnsystem\nSitzbezug / Polsterung: Voll-Leder Merino\nFahrassistenz-System: Driving Assistant Professional\n◦ Fahrassistenz-System: Spurwechselassistent\n◦ Fahrassistenz-System: Falschfahrwarnung\n◦ Geschwindigkeits-Begrenzeranlage (Speed Limit Device)\n◦ Geschwindigkeits-Regelanlage, Aktiv mit Stop&Go-Funktion\n◦ Fahrassistenz-System: Frontkollisionswarnung\n◦ Fahrassistenz-System: Heckaufprall-Vermeidung (Prävention Heckkollision)\n◦ Fahrassistenz-System: Kreuzungs-Assistent\n◦ Fahrassistenz-System: Querverkehrs-Assistent\n◦ Fahrassistenz-System: Ausweich-Assistent\n◦ Fahrassistenz-System: Ampel-Erkennung\n◦ Fahrassistenz-System: Spurwechsel-Warnsystem\n◦ Fahrassistenz-System: aktiver Spurhalteassistent\nParkassistent-Paket Plus\n◦ Service-System: Remote 3D View\n◦ Rückfahrkamera (Top View)\n◦ Surround-Kamerasystem (Surround View)\n◦ Fahrassistenz-System: Rückfahr-Assistent\nBMW Live Cockpit Professional\n◦ BMW Curved Display\n◦ Control-Display mit Farbmonitor (14,9 Zoll)\nSound-System Harman-Kardon\nSonnenschutzverglasung (hinten abgedunkelt)\nPersonalisierungssystem (Personal eSIM)\nScheinwerfer BMW Individual Shadow-Line\nSicherheitsgurte M\nBMW Drive Recorder (Dashcam)\nReifen-Reparaturset (Mobility-Pack)\nSerienausstattung \nAblage-Paket\nAdaptives Fahrwerk M-Technic\nAirbag Beifahrerseite abschaltbar\nAktives M Differential\nAlarmanlage\nAmbiente-Beleuchtung\nAnti-Blockier-System (ABS)\nAntriebsart: Allradantrieb\nAntriebsart: xDrive (Allrad)\nAusstattungs-Paket: Connected Professional\nAußenausstattung: Shadow-Line Hochglanz\nAußenausstattung: Shadow-Line Hochglanz (erweiterter Umfang)\nAußenspiegel elektr. verstell- und heizbar\nBedienelemente galvanisiert\nBordcomputer\nCompetition\nDAB-Tuner (Radioempfang digital)\nDachhimmel Anthrazit (BMW Individual)\nDachreling Hochglanz Shadow-Line\nDiebstahlsicherung für Räder (Felgenschlösser)\nDurchladeeinrichtung (Mittelarmlehne hinten)\nDynamische Stabilitäts-Control (DSC) mit erweiterter Umfang\nEinstiegsleisten mit Einleger in Aluminium mit Schriftzug M\nErste Hilfe-Kasten / Verbandkasten\nFahrassistenz-System: Active Guard (Bremsassistent)\nFahrassistenz-System: Aufmerksamkeits-Assistent\nFensterheber elektrisch\nFreisprecheinrichtung Bluetooth mit USB-/Audio-Schnittstelle\nFußmatten Velours\nGepäckraumbeleuchtung\nGeschwindigkeits-Begrenzeranlage (Speed Limit Device)\nGetriebe Automatik - mit Steptronic und Drivelogic (8-Stufen)\nGetränkehalter\nHeckklappenbetätigung automatisch\nHeckleuchten LED\nInduktionsladeschale für Smartphone (Wireless Charging)\nInnenspiegel mit Abblendautomatik\nInstrumentenkombination (erweiterter Umfang)\nIsofix-Aufnahmen für Kindersitz an Rücksitz\nKarosserie: 5-türig\nKennzeichenbeleuchtung LED\nKlimaautomatik 3-Zonen mit autom. Umluft-Control\nKnieairbag Fahrerseite\nKopf-Airbag-System hinten\nKopf-Airbag-System vorn\nKopfstützen hinten klappbar\nLenkrad (Leder) mit Multifunktion M-Technic\nLenksäule (Lenkrad) elektr. verstellbar\nLeuchtweitenregelung\nM Drive (Fahrprofilauswahl)\nM Drive Professional (Fahrprofilauswahl)\nMotor 3,0 Ltr. - 375 kW 24V TwinTurbo KAT (S58)\nNebelschlussleuchte(n)\nOtto-Partikelfilter (OPF)\nPark-Distance-Control (PDC) vorn und hinten\n✆ 01520/6841798 oder ✆ 01520/6841794 \n\nINZAHLUNGNAHME MÖGLICH : \nSchauen Sie gerne mit Ihren Gebrauchtwagen bei uns vorbei, damit wir Ihnen ein passendes Angebot unterbreiten können. Wir kaufen auch Fahrzeuge an, ohne das Sie bei uns ein neues Fahrzeug erwerben.\n\nDie gemachten Angaben sind unverbindliche Beschreibungen. Sie stellen keine zugesicherten Eigenschaften des Fahrzeuges dar. Der Verkäufer haftet nicht für Tipp und Datenfehler. Irrtümer und Zwischenverkauf sind vorbehalten.\n\nWeitere Informationen und weitere Fahrzeuge mit XL-Bildern finden Sie auf unserer Homepage www.urbanclassicshamburg.de",
  "dealerDetails": {
    "id": 35004303,
    "name": "Urban Classics Hamburg",
    "sellerType": "Dealer",
    "phones": [
      "+49 (0)40 2383293735"
    ],
    "messengers": {
      "WHATS_APP": "+49 (0)1520 6841798"
    },
    "languages": [
      "Deutsch",
      "English"
    ],
    "country": "DE",
    "address": "Oststraße 68, DE-22844 Norderstedt",
    "location": {
      "latitude": 53.7309974,
      "longitude": 10.0234252
    },
    "activeSince": "2024-04-29T00:00:00.000Z",
    "homepageUrl": "https://home.mobile.de/home/redirect.html?customerId=35004303",
    "iconUrl": "https://img.classistatic.de/api/v1/mo-prod/images/d1/d1e9a7e0-ec39-403c-aad2-a64f5e82f9b4?rule=mo-640.jpg",
    "reviewPageUrl": "https://www.mobile.de/bewertungen/UrbanClassicsHamburg?lang=en",
    "score": {
      "total": 3.8,
      "responseTime": 3.8,
      "friendliness": 4.3,
      "advice": 3.3
    },
    "activeRatingCount": 4,
    "vehicleAsDescribedPercentage": 33,
    "recommendPercentage": 33,
    "soldVehicleCount": null,
    "reviews": []
  },
  "attributes": {
    "Vehicle condition": "Used vehicle, Accident-free",
    "Category": "Estate car",
    "Vehicle Number": "415",
    "Origin": "German edition",
    "Mileage": "8,233 km",
    "Cubic Capacity": "2,993 ccm",
    "Power": "375 kW (510 hp)",
    "Drive type": "Internal combustion engine",
    "Fuel": "Petrol, E10-enabled",
    "CO₂ class": "Based on CO₂ emissions (combined)",
    "Fuel consumption": [
      "10.3 l/100km (combined)",
      "15.4 l/100km (city)",
      "10.2 l/100km (suburban)",
      "8.8 l/100km (country road)",
      "9.7 l/100km (motorway)"
    ],
    "Energy costs for 15,000 km annual mileage": "€2,844/Year",
    "Fuel price": "€1.85/l (annual average 2025)",
    "Possible CO₂ costs over the next 10 years (15,000 km/year)": [
      "€4,002 (assuming an average CO₂ price of €115/t)",
      "€1,914 (assuming a low average CO₂ price of €55/t)",
      "€6,612 (assuming a high average CO₂ price of €190/t)"
    ],
    "Vehicle tax": "€468/Year",
    "Number of Seats": "5",
    "Door Count": "4/5",
    "Transmission": "Automatic",
    "Emission Class": "Euro6d",
    "Emissions Sticker": "4 (Green)",
    "First Registration": "01/2024",
    "Number of Vehicle Owners": "1",
    "Climatisation": "Automatic climatisation, 3 zones",
    "Parking sensors": "Camera, Front, Rear",
    "Airbags": "Front and Side and More Airbags",
    "Colour (Manufacturer)": "SONDERLACKIERUNG Rivierablau",
    "Colour": "Blue",
    "Interior Design": "Full leather, Black",
    "Weight": "1,940 kg",
    "Cylinders": "6",
    "Tank capacity": "59 l",
    "Energy consumption (comb.)": "10.3 l/100km",
    "CO₂ emissions (comb.)": "232 g/km"
  },
  "features": [
    "ABS",
    "Adaptive cornering lights",
    "Adaptive Cruise Control",
    "Alarm system",
    "Alloy wheels",
    "Ambient lighting",
    "Android Auto",
    "Apple CarPlay",
    "Arm rest",
    "Autom. dimming interior mirror",
    "Blind spot assist",
    "Bluetooth",
    "Cargo barrier",
    "Central locking",
    "DAB radio",
    "Digital cockpit",
    "Distance warning system",
    "Electric seat adjustment",
    "Electric side mirror",
    "Electric tailgate",
    "Electric windows",
    "Eletric seat adjustment with memory function",
    "Emergency brake assist",
    "Emergency call system",
    "Emergency tyre repair kit",
    "ESP",
    "Fatigue warning system",
    "Four-wheel drive",
    "Full Service History",
    "Glare-free high beam headlights",
    "Hands-free kit",
    "Headlight washer system",
    "Head-up display",
    "Heated rear seats",
    "Heated seats",
    "High beam assist",
    "Immobilizer",
    "Induction charging for smartphones",
    "Integrated music streaming",
    "Isofix",
    "Keyless central locking",
    "Lane change assist",
    "Laser headlights",
    "Leather steering wheel",
    "LED running lights",
    "Light sensor",
    "Lumbar support",
    "Multifunction steering wheel",
    "Navigation system",
    "Non-smoker vehicle",
    "On-board computer",
    "Paddle shifters",
    "Particulate filter",
    "Passenger seat Isofix point",
    "Power Steering",
    "Rain sensor",
    "Roof rack",
    "Ski bag",
    "Sound system",
    "Speed limit control system",
    "Sport seats",
    "Sports package",
    "Sports suspension",
    "Start-stop system",
    "Summer tyres",
    "Tinted windows",
    "Touchscreen",
    "Traction control",
    "Traffic sign recognition",
    "Tuner/radio",
    "Tyre pressure monitoring",
    "Voice control",
    "Warranty"
  ]
},
{
  "title": "BMW M3 Competion M xDrive Touring M3 Competion",
  "previewImage": "https://img.classistatic.de/api/v1/mo-prod/images/2b/2b8909e3-a809-4b9b-8aca-ae3439c5c168?rule=mo-1600.jpg",
  "category": "EstateCar",
  "brand": "BMW",
  "model": "M3",
  "url": "https://suchen.mobile.de/fahrzeuge/details.html?id=433099046",
  "price.total.amount": 96000,
  "priceRating": {
    "rating": "Good price",
    "priceRanges": {
      "Very good price": {
        "start": 71201,
        "end": 92500
      },
      "Good price": {
        "start": 92501,
        "end": 99700
      },
      "Fair price": {
        "start": 99701,
        "end": 110900
      },
      "Increased price": {
        "start": 110901,
        "end": 119000
      },
      "High price": {
        "start": 119001,
        "end": 132200
      }
    }
  },
  "description": "unfallfrei , neuwertiger zustand , 1. Hand , MwSt. ausweisbar\nListenneupreis 126000,- €",
  "dealerDetails": {
    "id": 5424769,
    "name": "Wagner",
    "sellerType": "Private Seller",
    "phones": [
      "+49 (0)174 1626958"
    ],
    "country": "DE",
    "address": "am scheunenacker 27, DE-27305 Bruchhausen Vilsen",
    "location": {
      "latitude": 52.8606994,
      "longitude": 8.9209506
    },
    "iconUrl": null,
    "reviewPageUrl": null,
    "score": null,
    "activeRatingCount": null,
    "vehicleAsDescribedPercentage": null,
    "recommendPercentage": null,
    "soldVehicleCount": null,
    "reviews": []
  },
  "attributes": {
    "Vehicle condition": "Used vehicle",
    "Category": "Estate car",
    "Mileage": "2,500 km",
    "Cubic Capacity": "2,993 ccm",
    "Power": "390 kW (530 hp)",
    "Drive type": "Internal combustion engine",
    "Fuel": "Petrol",
    "Number of Seats": "5",
    "Door Count": "4/5",
    "Transmission": "Automatic",
    "Emission Class": "Euro 6e",
    "First Registration": "02/2025",
    "Number of Vehicle Owners": "1",
    "Climatisation": "Automatic climatisation, 3 zones",
    "Parking sensors": "360° camera, Self-steering systems",
    "Colour": "Grey",
    "Interior Design": "Black"
  },
  "features": [
    "ABS",
    "Alarm system",
    "Alloy wheels",
    "Ambient lighting",
    "Android Auto",
    "Apple CarPlay",
    "Arm rest",
    "Autom. dimming interior mirror",
    "Blind spot assist",
    "Bluetooth",
    "Cargo barrier",
    "CD player",
    "Central locking",
    "DAB radio",
    "Distance warning system",
    "Electric seat adjustment",
    "Electric side mirror",
    "Electric tailgate",
    "Electric windows",
    "Emergency brake assist",
    "Emergency call system",
    "ESP",
    "Fatigue warning system",
    "Fog lamp",
    "Full Service History",
    "Head-up display",
    "Heated seats",
    "Heated steering wheel",
    "Hill-start assist",
    "Immobilizer",
    "Induction charging for smartphones",
    "Isofix",
    "Keyless central locking",
    "Lane change assist",
    "Leather steering wheel",
    "Light sensor",
    "Lumbar support",
    "Multifunction steering wheel",
    "Navigation system",
    "Night vision assist",
    "Non-smoker vehicle",
    "On-board computer",
    "Paddle shifters",
    "Particulate filter",
    "Power Steering",
    "Rain sensor",
    "Sound system",
    "Speed limit control system",
    "Sport seats",
    "Start-stop system",
    "Touchscreen",
    "Traction control",
    "Traffic sign recognition",
    "Tuner/radio",
    "Tyre pressure monitoring",
    "USB port",
    "Voice control",
    "Warranty",
    "WLAN / Wi-Fi hotspot"
  ]
},
{
  "title": "BMW M3 Touring xDrive Competition",
  "previewImage": "https://img.classistatic.de/api/v1/mo-prod/images/38/38b487c6-06ed-4531-ada5-ba7f7d51d3cd?rule=mo-1600.jpg",
  "category": "EstateCar",
  "brand": "BMW",
  "model": "M3",
  "url": "https://suchen.mobile.de/fahrzeuge/details.html?id=431883235",
  "price.total.amount": 95500,
  "priceRating": {
    "rating": "Fair price",
    "priceRanges": {
      "Very good price": {
        "start": 62401,
        "end": 81100
      },
      "Good price": {
        "start": 81101,
        "end": 87300
      },
      "Fair price": {
        "start": 87301,
        "end": 97100
      },
      "Increased price": {
        "start": 97101,
        "end": 104200
      },
      "High price": {
        "start": 104201,
        "end": 115800
      }
    }
  },
  "description": "Sonderausstattung:\nAktive Sitzbelüftung vorn, BMW Drive Recorder (Dashcam), BMW Live Cockpit Professional, Bremsanlage: Compound - M Bremssystem (Bremssättel Schwarz), Fahrassistenz-System: Driving Assistant Professional, Gepäckraum-Paket, Innenausstattung: Interieurleisten Carbon, Innovations-Paket, Lenkrad heizbar, LM-Felgen, M Driver´s Package, Metallic-Lackierung, Parkassistent-Paket Plus, Personalisierungssystem (Personal eSIM), Reifen-Reparaturset (Mobility-Pack), Scheinwerfer BMW Individual Shadow-Line, Sicherheitsgurte M, Sicherheitssystem Active Protection, Sonnenschutzrollo an Türscheiben hinten, Sonnenschutzverglasung (hinten abgedunkelt), Sound-System Harman-Kardon, Verglasung Akustikglas\n\nWeitere Ausstattung:\nAblage-Paket, Adaptives Fahrwerk M-Technic, Airbag Beifahrerseite abschaltbar, Aktives M Differential, Ambiente-Beleuchtung, Ausstattungs-Paket: Connected Professional, Außenausstattung: Shadow-Line Hochglanz, Außenausstattung: Shadow-Line Hochglanz (erweiterter Umfang), Außenspiegel elektr. verstell- und heizbar, Bedienelemente galvanisiert, Bordcomputer, Competition, DAB-Tuner (Radioempfang digital), Dachhimmel Anthrazit (BMW Individual), Dachreling Hochglanz Shadow-Line, Diebstahlsicherung für Räder (Felgenschlösser), Durchladeeinrichtung (Mittelarmlehne hinten), Dynamische Stabilitäts-Control (DSC) mit erweiterter Umfang, Einstiegsleisten mit Einleger in Aluminium mit Schriftzug M, Erste Hilfe-Kasten / Verbandkasten, Fahrassistenz-System: Active Guard (Bremsassistent), Fahrassistenz-System: Aufmerksamkeits-Assistent, Freisprecheinrichtung Bluetooth mit USB-/Audio-Schnittstelle, Fußmatten Velours, Gepäckraumbeleuchtung, Getriebe Automatik - mit Steptronic und Drivelogic (8-Stufen), Getränkehalter, Heckklappenbetätigung automatisch, Heckleuchten LED, Induktionsladeschale für Smartphone (Wireless Charging), Innenspiegel mit Abblendautomatik, Instrumentenkombination (erweiterter Umfang), Isofix-Aufnahmen für Kindersitz an Rücksitz, Karosserie: 5-türig, Kennzeichenbeleuchtung LED, Klimaautomatik 3-Zonen mit autom. Umluft-Control, Knieairbag Fahrerseite, Kopf-Airbag-System hinten, Kopf-Airbag-System vorn, Kopfstützen hinten klappbar, Lenksäule (Lenkrad) elektr. verstellbar, Leuchtweitenregelung, M Drive (Fahrprofilauswahl), M Drive Professional (Fahrprofilauswahl), Motor 3,0 Ltr. - 375 kW 24V TwinTurbo KAT (S58), Nebelschlussleuchte(n), Otto-Partikelfilter (OPF), Park-Distance-Control (PDC) vorn und hinten, Parkbremse elektrisch, Reifendruck-Kontrollsystem, Reifenpannen-Anzeige, Schadstoffarm nach Abgasnorm Euro 6d, Schaltpunktanzeige, Seitenairbag vorn, Service-System: ConnectedDrive Services, Service-System: Gesetzlicher Notruf, Service-System: Intelligenter Notruf inkl. TeleServices, Sitzbezug / Polsterung: Leder Merino (erweiterter Umfang), Sitze vorn elektr. verstellbar (mit Memory), Spiegel-Paket, Sportdifferential, Sportsitze vorn (M-Technic), Start-Stop-Knopf, Start/Stop-Anlage (Funktion), Steckdose (12V-Anschluß) in Mittelkonsole vorn, Warndreieck, Widescreen Display, Wärme-/Sonnenschutzverglasung, Wärme-/Sonnenschutzverglasung kombiniert (hinten abgedunkelt)",
  "dealerDetails": {
    "id": 460754,
    "name": "Autohaus Knopf GmbH & Co.KG   BMW Service Händler",
    "sellerType": "Dealer",
    "phones": [
      "+49 (0)6203 401683421"
    ],
    "languages": [
      "Deutsch"
    ],
    "country": "DE",
    "address": "Carl-Benz-Str. 12, DE-69198 Schriesheim",
    "location": {
      "latitude": 49.4658854,
      "longitude": 8.6632429
    },
    "activeSince": "2001-02-19T00:00:00.000Z",
    "homepageUrl": "https://home.mobile.de/home/redirect.html?customerId=460754",
    "iconUrl": null,
    "reviewPageUrl": "https://www.mobile.de/bewertungen/AUTOHAUS-KNOPF-GMBH?lang=en",
    "score": {
      "total": 4.8,
      "responseTime": 4.8,
      "friendliness": 5,
      "advice": 4.5
    },
    "activeRatingCount": 4,
    "vehicleAsDescribedPercentage": 100,
    "recommendPercentage": 100,
    "soldVehicleCount": null,
    "reviews": []
  },
  "attributes": {
    "Vehicle condition": "Used vehicle, Accident-free",
    "Category": "Estate car, Demonstration Vehicle",
    "Model range": "G81",
    "Trim line": "Competition ",
    "Vehicle Number": "1009231",
    "Origin": "German edition",
    "Mileage": "13,285 km",
    "Cubic Capacity": "2,993 ccm",
    "Power": "375 kW (510 hp)",
    "Drive type": "Internal combustion engine",
    "Fuel": "Petrol",
    "Number of Seats": "5",
    "Door Count": "4/5",
    "Transmission": "Automatic",
    "Emission Class": "Euro6c",
    "Emissions Sticker": "4 (Green)",
    "First Registration": "01/2024",
    "Number of Vehicle Owners": "1",
    "HU": "01/2027",
    "Climatisation": "Automatic air conditioning",
    "Parking sensors": "Camera, Front, Self-steering systems, Rear",
    "Airbags": "Front and Side and More Airbags",
    "Colour (Manufacturer)": "BLACK SAPPHIRE METALLIC",
    "Colour": "Black Metallic",
    "Interior Design": "Full leather, Black"
  },
  "features": [
    "ABS",
    "Adaptive cornering lights",
    "Adaptive Cruise Control",
    "Alarm system",
    "Alloy wheels",
    "Ambient lighting",
    "Android Auto",
    "Apple CarPlay",
    "Arm rest",
    "Autom. dimming interior mirror",
    "Blind spot assist",
    "Bluetooth",
    "Cargo barrier",
    "Central locking",
    "DAB radio",
    "Digital cockpit",
    "Distance warning system",
    "Dynamic chassis control",
    "Electric seat adjustment",
    "Electric side mirror",
    "Electric tailgate",
    "Electric windows",
    "Eletric seat adjustment with memory function",
    "Emergency brake assist",
    "Emergency call system",
    "ESP",
    "Folding exterior mirrors",
    "Four-wheel drive",
    "Full Service History",
    "Glare-free high beam headlights",
    "Hands-free kit",
    "Head-up display",
    "Heated rear seats",
    "Heated seats",
    "Heated steering wheel",
    "High beam assist",
    "Hill-start assist",
    "Immobilizer",
    "Induction charging for smartphones",
    "Integrated music streaming",
    "Isofix",
    "Keyless central locking",
    "Lane change assist",
    "Laser headlights",
    "Leather steering wheel",
    "LED running lights",
    "Light sensor",
    "Lumbar support",
    "Multifunction steering wheel",
    "Navigation system",
    "Non-smoker vehicle",
    "On-board computer",
    "Paddle shifters",
    "Power Steering",
    "Rain sensor",
    "Roof rack",
    "Sound system",
    "Speed limit control system",
    "Sport seats",
    "Sports package",
    "Sports suspension",
    "Start-stop system",
    "Summer tyres",
    "Tinted windows",
    "Touchscreen",
    "Traction control",
    "Traffic sign recognition",
    "Tyre pressure monitoring",
    "USB port",
    "Voice control",
    "Warranty",
    "WLAN / Wi-Fi hotspot"
  ]
},
{
  "title": "BMW M3 Competition M xDrive Touring Navi Harman/K",
  "previewImage": "https://img.classistatic.de/api/v1/mo-prod/images/3e/3efc28b3-b542-4d13-9eb9-9630191119c5?rule=mo-1600.jpg",
  "category": "EstateCar",
  "brand": "BMW",
  "model": "M3",
  "url": "https://suchen.mobile.de/fahrzeuge/details.html?id=431880048",
  "price.total.amount": 95999,
  "priceRating": {
    "rating": "Increased price",
    "priceRanges": {
      "Very good price": {
        "start": 60201,
        "end": 78300
      },
      "Good price": {
        "start": 78301,
        "end": 84300
      },
      "Fair price": {
        "start": 84301,
        "end": 93700
      },
      "Increased price": {
        "start": 93701,
        "end": 100600
      },
      "High price": {
        "start": 100601,
        "end": 111800
      }
    }
  },
  "description": "Antrieb, Fahrwerk\nAdaptives M Fahrwerk\nAllrad\nM Carbon-Keramik-Bremse\nM Sportdifferenzial\n\nEditionen und Pakete\nAblagenpaket\nConnected Package Professional (laufzeitgebundener Dienst)\nConnectedDrive Services (laufzeitgebundener Dienst)\nGepäckraumpaket\nInnovationspaket\nM Carbon Exterieurpaket\nM Driver's Package\n\nExterieur\nDach und Spiegelkappen schwarz\nDachreling\n\nFahrerassistenz\nBMW Drive Recorder\nDriving Assistant Professional\nGesetzlicher Notruf\nParking Assistant Plus\nTeleservices\n\nIndividualumfänge\nM Dachreling Hochglanz Shadow Line\nM Hochglanz Shadow Line\nM Hochglanz Shadow Line mit erweiterten Umfängen\n\nKomfort, Innenausstattung\nAktive Sitzbelüftung vorn\nAkustikverglasung\nFondkopfstützen klappbar\nGalvanikapplikation für Bedienelemente\nInnen- und Außenspiegelpaket\nKlimaautomatik\nKomfortzugang\nLenkradheizung\nLordosenstütze für Fahrer und Beifahrer\nM Interieurleisten 'Carbon Fibre'\nM Sicherheitsgurte\nM Sportsitze\nSitzheizung für Fahrer und Beifahrer\nSitzverstellung elektrisch\nSitzverstellung elektrisch mit Memory für Fahrersitz\nSonnenschutzverglasung\n\nMultimedia\nBMW Live Cockpit Plus (laufzeitgebundener Dienst)\nDAB Tuner\nHarman Kardon Surround Sound System\n\nSitzbezug\nVollleder Merino Feinnarbe Schwarz/Schwarz\n\nSonstiges\n19\"/20\" M Schmiederäder Doppelspeiche 826 M Bicolor Schwarz / MB\nAblage für Wireless Charging\nABS\nActive Guard\nAutomatic Getriebe Steptronic\nBMW Apps\nCOC Zusatzumfänge\nDekodierung Zusatzfunktionen\nIndividual\nKlimaanlage oder -automatik\nLeder\nLordose\nM Drive Professional\nM Leuchten Shadow Line\nReifenreparatur Set\nSitzheizung\nSportfahrwerk\nSteuerung D\nSteuerung FAS 18\nSteuerung G\nUnfallfrei\nWidescreen Display\n\nUmwelt, Sicherheit\nAbgasnorm EU6 RDE II\nActive Protection\nAktiver Fussgängerschutz\nAlarmanlage mit Fernbedienung\nBeifahrerairbag-Deaktivierung\nBMW Laserlicht\nFernlichtassistent\nInnenspiegel automatisch abblendend\nReifendruck-Kontrolle\nIrrtümer und Zwischenverkauf vorbehalten.",
  "dealerDetails": {
    "id": 452795,
    "name": "BMW AG Niederlassung Düsseldorf",
    "sellerType": "Dealer",
    "phones": [
      "+49 (0)211 5420164552"
    ],
    "languages": [
      "Deutsch",
      "English"
    ],
    "country": "DE",
    "address": "Grafenberger Allee 258, DE-40237 Düsseldorf",
    "location": {
      "latitude": 51.234778,
      "longitude": 6.8177143
    },
    "activeSince": "2002-08-27T00:00:00.000Z",
    "homepageUrl": "https://home.mobile.de/home/redirect.html?customerId=452795",
    "iconUrl": "https://img.classistatic.de/api/v1/mo-prod/images/32/32f58ddd-a607-4618-9dca-9287c0ac1257?rule=mo-640.jpg",
    "reviewPageUrl": "https://www.mobile.de/bewertungen/BMW-GROUP-NL-DUESSELDORF?lang=en",
    "score": {
      "total": 4.5,
      "responseTime": 4.4,
      "friendliness": 4.6,
      "advice": 4.3
    },
    "activeRatingCount": 69,
    "vehicleAsDescribedPercentage": 92,
    "recommendPercentage": 94,
    "soldVehicleCount": null,
    "reviews": []
  },
  "attributes": {
    "Vehicle condition": "Used vehicle",
    "Category": "Estate car",
    "Model range": "G81",
    "Trim line": "M xDrive Touring Navi Harman/K",
    "Vehicle Number": "G0032754",
    "Availability": "Now",
    "Origin": "German edition",
    "Mileage": "18,010 km",
    "Cubic Capacity": "2,993 ccm",
    "Power": "375 kW (510 hp)",
    "Drive type": "Internal combustion engine",
    "Fuel": "Petrol, E10-enabled",
    "Number of Seats": "5",
    "Door Count": "4/5",
    "Transmission": "Automatic",
    "Emission Class": "Euro6",
    "Emissions Sticker": "4 (Green)",
    "First Registration": "04/2024",
    "Construction Year": "2024",
    "Number of Vehicle Owners": "1",
    "HU": "04/2027",
    "Climatisation": "Automatic air conditioning",
    "Parking sensors": "Front, Rear, Self-steering systems",
    "Airbags": "Front and Side and More Airbags",
    "Colour (Manufacturer)": "M Portimao Blau",
    "Colour": "Blue Metallic",
    "Interior Design": "Full leather, Black"
  },
  "features": [
    "ABS",
    "Adaptive cornering lights",
    "Alarm system",
    "Alloy wheels",
    "Autom. dimming interior mirror",
    "Bluetooth",
    "Central locking",
    "DAB radio",
    "Digital cockpit",
    "Electric seat adjustment",
    "Electric side mirror",
    "Electric windows",
    "Eletric seat adjustment with memory function",
    "Emergency call system",
    "ESP",
    "Four-wheel drive",
    "Full Service History",
    "Glare-free high beam headlights",
    "Hands-free kit",
    "Heated seats",
    "Heated steering wheel",
    "High beam assist",
    "Hill-start assist",
    "Immobilizer",
    "Induction charging for smartphones",
    "Isofix",
    "Keyless central locking",
    "Laser headlights",
    "Light sensor",
    "Lumbar support",
    "Navigation system",
    "Non-smoker vehicle",
    "On-board computer",
    "Power Steering",
    "Rain sensor",
    "Roof rack",
    "Seat ventilation",
    "Sound system",
    "Sport seats",
    "Sports package",
    "Sports suspension",
    "Start-stop system",
    "Summer tyres",
    "Tinted windows",
    "Traction control",
    "Tuner/radio",
    "Tyre pressure monitoring",
    "USB port",
    "Warranty"
  ]
},
{
  "title": "BMW M3 Competition Touring mit M M Drivers P. DAB",
  "previewImage": "https://img.classistatic.de/api/v1/mo-prod/images/63/63807e31-2620-4196-9249-2d023fc42061?rule=mo-1600.jpg",
  "category": "EstateCar",
  "brand": "BMW",
  "model": "M3",
  "url": "https://suchen.mobile.de/fahrzeuge/details.html?id=430331539",
  "price.total.amount": 95555,
  "priceRating": {
    "rating": "Very good price",
    "priceRanges": {
      "Very good price": {
        "start": 74301,
        "end": 96600
      },
      "Good price": {
        "start": 96601,
        "end": 104000
      },
      "Fair price": {
        "start": 104001,
        "end": 115600
      },
      "Increased price": {
        "start": 115601,
        "end": 124100
      },
      "High price": {
        "start": 124101,
        "end": 137900
      }
    }
  },
  "description": "Antrieb, Fahrwerk\nAdaptives M Fahrwerk\nAllrad\nM Compound-Bremse, schwarz hochglänzend\nM Drive Professional\nM Sportdifferential\nSportfahrwerk\n\nAußenausstattung\nDachreling Hochglanz Shadow-Line\nLM-Felgen\nSonnenschutzverglasung (hinten abgedunkelt)\n\nEditionen und Pakete\nAblagenpaket\nConnectedDrive Services (laufzeitgebundener Dienst)\nConnectedPackage Professional (laufzeitgebundener Dienst)\nInnovationspaket II\nM Driver's Package \n\nExterieur\nDach und Spiegelkappen schwarz\nDachreling\n\nFahrerassistenz\nDriving Assistant Professional\nGesetzlicher Notruf\nHead-Up Display\nParking Assistant Plus\nRückfahrkamera\nSpurverlassenswarnung\nSpurwechselwarnung\nTeleServices\n\nIndividualumfänge\nBMW Individual Dachreling Hochglanz Shadow Line\nBMW Individual Hochglanz Shadow Line\nBMW Individual Hochglanz Shadow Line mit erweiterten Umfängen\nBMW Individual Leuchten Shadow Line\nDachhimmel Individual anthrazit\n\nKomfort, Innenausstattung\nAbstandsregeltempomat\nAktive Sitzbelüftung vorn\nAmbiente-Beleuchtung\nAußenspiegel elektr. anklappbar\nBMW Live Cockpit Professional\nDurchladeeinrichtung (Mittelarmlehne hinten)\nDurchladesystem\nEinparkhilfe selbstlenkendes System\nFensterheber elektrisch vorn + hinten\nFensterheber, elektrisch\nFondkopfstützen klappbar\nFreisprecheinrichtung Bluetooth mit USB-/Audio-Schnittstelle\nGalvanikapplikation für Bedienelemente\nGepäckraum-Abtrennung (Netz)\nGeschwindigkeits-Regelanlage mit Bremsfunktion\nHead-up-Display Full Color\nInduktionsladeschale für Smartphone (Wireless Charging)\nInnen- und Aussenspiegel automatisch abblendend\nInnenspiegel mit Abblendautomatik\nInterieurleisten Carbon Fibre\nIsofix-Aufnahmen für Kindersitz\nKeyless Entry\nKlimaautomatic\nKlimaautomatik 3-Zonen mit autom. Umluft-Control\nKomfortzugang\nLeder\nLederlenkrad\nLendenwirbelstütze Sitz vorn links und rechts, elektr. verstellbar\nLenkrad (Leder) mit Multifunktion M-Technic\nLenkradheizung\nLicht- und Regensensor\nLordose\nLordosenstuetze fuer Fahrer und Beifahrer\nM Sicherheitsgurte\nM Sportsitze\nMultifunktion für Lenkrad\nMultifunktionslenkrad\nRadioempfang digital (DAB+)\nScheibenwischer mit Regensensor\nService-System: Augmented Reality für Navigation\nSitze vorn elektr. verstellbar (mit Memory)\nSitzheizung fuer Fahrer und Beifahrer\nSitzheizung vorn\nSitzverstellung, elektrisch mit Memory\nSonnenschutzverglasung\nSound-System Harman-Kardon\nSportsitze\nSpurhalteassistent\nStart/Stop-Anlage (Funktion)\nTempomat\nZentralverriegelung\nZentralverriegelung mit Diebstahlsicherung und Crashsensor\n\nMultimedia\nBluetooth\nBMW Live Cockpit Professional (laufzeitgebundener Dienst)\nDAB Tuner\nFreisprecheinrichtung\nHarman Kardon Surround Sound System\nNavigationssystem\nRadio\nTelefon\nUSB Schnittstelle\n\nRäder\nAlufelgen\nRadschraubensicherung\nReifenreparatur-Set\n\nSicherheit/Umwelt\nAdaptives Fahrwerk M-Technic\nAirbag Beifahrerseite abschaltbar\nAirbag Fahrer-/Beifahrerseite\nAlarmanlage\nAnti-Blockier-System (ABS)\nAntriebsart: Allradantrieb\nAntriebsart: xDrive (Allrad)\nDiebstahl-Warnanlage\nDynamische Stabilitäts-Control (DSC)\nDynamische Stabilitäts-Control (DSC) mit erweiterter Umfang\nFahrassistenz-System: Active Guard (Bremsassistent)\nGeschwindigkeits-Begrenzeranlage (Speed Limit Device)\nKnieairbag Fahrerseite\nKopf-Airbag-System hinten\nKopf-Airbag-System vorn\nLichtassistent (Follow me home)\nOtto-Partikelfilter (OPF)\nReifendruck-Kontrollsystem\nReifenpannen-Anzeige\nScheinwerfer LED\nSeitenairbag vorn\nService-System: Gesetzlicher Notruf\n\nSitzbezug\nVOLLLEDER MERINO\n\nSonstiges\nAblage für Wireless Charging \nActive Guard\nAktive Sitzbelüftung vorn\nBlow by-Heizer\nBremsanlage: Compound - M Bremssystem (Bremssättel Schwarz)\nCO2-Umfang\nDekodierung Zusatzfunktionen\nDeutsch / Bordliteratur\nDeutschland-Ausfuehrung\nElektrisch verstellbare Spiegel\nEU-spezifische Zusatzumfaenge\nFahrassistenz-System: Driving Assistant Professional\nFahrassistenz-System: Fernlichtassistent\nFzg. ohne Modell-Schriftzug\nInduktionsladen für Smartphones\nInnenausstattung: Interieurleisten Carbon\nInnovations-Paket (2)\nKältemittel\nKilometertacho\nLenkrad heizbar\nLM-Felgen vorn/hinten: 9,5x19 / 10,5x20 (Doppelspeiche 825 M, geschmiedet)\nM Driver´s Package\nMetallic-Lackierung\nModellschriftzug, Entfall\nÖlwartungsintervall 24 Monate/30.000 km\nParkassistent-Paket Plus\nPersonal eSIM \nReifendruckkontrollsystem\nScheinwerfer BMW Individual Shadow-Line\nSitzbezug / Polsterung: Voll-Leder Merino\nSteuerung Infotainment\nSteuerung Karosserie\n\nUmwelt, Sicherheit\nAbgasnorm EU6 RDE II\nABS\nAdaptiver LED-Scheinwerfer\nAktiver Fussgängerschutz\nAlarmanlage\nAuto Start/Stop Funktion \nBeifahrerairbag\nBeifahrerairbag-Deaktivierung\nESP\nFahrerairbag\nFernlichtassistent\nInnenspiegel, automatisch abblendend\nKindersitzbefestigung ISOFIX\nKopfairbag\nLED-Scheinwerfer\nLichtsensor\nNotbremsassistent\nPASM\nRegensensor\nReifen Druck Control\nSeitenairbag\nTraction Control\nWarndreieck\nIrrtümer und Zwischenverkauf vorbehalten.",
  "dealerDetails": {
    "id": 4783285,
    "name": "Autohaus Michael Schmidt GmbH",
    "sellerType": "Dealer",
    "phones": [
      "+49 (0)8151 187603646"
    ],
    "languages": [
      "Deutsch",
      "English",
      "Română"
    ],
    "country": "DE",
    "address": "Leutstettener Strasse 26, DE-82319 Starnberg",
    "location": {
      "latitude": 48.0050105,
      "longitude": 11.348471
    },
    "activeSince": "2010-10-06T00:00:00.000Z",
    "homepageUrl": "https://home.mobile.de/home/redirect.html?customerId=4783285",
    "iconUrl": null,
    "reviewPageUrl": "https://www.mobile.de/bewertungen/AutohausMichaelSchmidtGmbHStarnberg?lang=en",
    "score": {
      "total": 4.4,
      "responseTime": 4.4,
      "friendliness": 4.6,
      "advice": 4.2
    },
    "activeRatingCount": 5,
    "vehicleAsDescribedPercentage": 80,
    "recommendPercentage": 80,
    "soldVehicleCount": null,
    "reviews": []
  },
  "attributes": {
    "Vehicle condition": "Used vehicle, Accident-free",
    "Category": "Estate car, Demonstration Vehicle",
    "Model range": "G81",
    "Trim line": "Touring mit M M Drivers P. DAB",
    "Availability": "Now",
    "Origin": "German edition",
    "Mileage": "3,900 km",
    "Cubic Capacity": "2,993 ccm",
    "Power": "390 kW (530 hp)",
    "Drive type": "Internal combustion engine",
    "Fuel": "Petrol, E10-enabled",
    "CO₂ class": "Based on CO₂ emissions (combined)",
    "Fuel consumption": [
      "10.4 l/100km (combined)",
      "15.8 l/100km (city)",
      "10.3 l/100km (suburban)",
      "8.8 l/100km (country road)",
      "9.8 l/100km (motorway)"
    ],
    "Energy costs for 15,000 km annual mileage": "€2,802/Year",
    "Fuel price": "€1.80/l (annual average 2024)",
    "Possible CO₂ costs over the next 10 years (15,000 km/year)": [
      "€4,477 (assuming an average CO₂ price of €127/t)",
      "€2,115 (assuming a low average CO₂ price of €60/t)",
      "€7,050 (assuming a high average CO₂ price of €200/t)"
    ],
    "Number of Seats": "5",
    "Door Count": "4/5",
    "Transmission": "Automatic",
    "Emission Class": "Euro6",
    "First Registration": "04/2025",
    "Construction Year": "2024",
    "Number of Vehicle Owners": "1",
    "HU": "New",
    "Climatisation": "Automatic climatisation, 3 zones",
    "Parking sensors": "Camera, Self-steering systems, Front, Rear",
    "Airbags": "Front and Side and More Airbags",
    "Colour (Manufacturer)": "BLACK SAPPHIRE",
    "Colour": "Black Metallic",
    "Interior Design": "Full leather, Black",
    "Weight": "1,940 kg",
    "Cylinders": "6",
    "Tank capacity": "59 l",
    "Energy consumption (comb.)": "10.4 l/100km",
    "CO₂ emissions (comb.)": "235 g/km"
  },
  "features": [
    "ABS",
    "Adaptive Cruise Control",
    "Adaptive lighting",
    "Alarm system",
    "Alloy wheels",
    "Ambient lighting",
    "Arm rest",
    "Autom. dimming interior mirror",
    "Blind spot assist",
    "Bluetooth",
    "Cargo barrier",
    "CD player",
    "Central locking",
    "DAB radio",
    "Digital cockpit",
    "Distance warning system",
    "Dynamic chassis control",
    "Electric seat adjustment",
    "Electric side mirror",
    "Electric windows",
    "Emergency brake assist",
    "Emergency call system",
    "ESP",
    "Four-wheel drive",
    "Glare-free high beam headlights",
    "Hands-free kit",
    "Head-up display",
    "Heated seats",
    "Heated steering wheel",
    "High beam assist",
    "Hill-start assist",
    "Immobilizer",
    "Induction charging for smartphones",
    "Isofix",
    "Keyless central locking",
    "Lane change assist",
    "Leather steering wheel",
    "LED headlights",
    "LED running lights",
    "Light sensor",
    "Lumbar support",
    "Multifunction steering wheel",
    "Navigation system",
    "On-board computer",
    "Particulate filter",
    "Power Steering",
    "Rain sensor",
    "Roof rack",
    "Seat ventilation",
    "Sound system",
    "Speed limit control system",
    "Sport seats",
    "Sports package",
    "Sports suspension",
    "Start-stop system",
    "Tinted windows",
    "Touchscreen",
    "Traction control",
    "Tuner/radio",
    "Tyre pressure monitoring",
    "USB port",
    "Voice control",
    "Warranty"
  ]
},
{
  "title": "BMW M3 Touring Competition M xDrive",
  "previewImage": "https://img.classistatic.de/api/v1/mo-prod/images/d3/d362c3e4-53c4-4145-ac55-57d0e0defac0?rule=mo-1600.jpg",
  "category": "EstateCar",
  "brand": "BMW",
  "model": "M3",
  "url": "https://suchen.mobile.de/fahrzeuge/details.html?id=414922663",
  "price.total.amount": 96490,
  "priceRating": {
    "rating": "Fair price",
    "priceRanges": {
      "Very good price": {
        "start": 62401,
        "end": 81100
      },
      "Good price": {
        "start": 81101,
        "end": 87300
      },
      "Fair price": {
        "start": 87301,
        "end": 97100
      },
      "Increased price": {
        "start": 97101,
        "end": 104200
      },
      "High price": {
        "start": 104201,
        "end": 115800
      }
    }
  },
  "description": "Antrieb, Fahrwerk\nAdaptives M Fahrwerk\nAllrad\nBremsanlage: Compound - M Bremssystem (Bremssättel Rot)\nM Drive Professional\nM Sportdifferential\nSportfahrwerk\n\nAußenausstattung\nDachreling Hochglanz Shadow-Line\nHeckklappenbetätigung automatisch\nWärme-/Sonnenschutzverglasung\n\nEditionen und Pakete\nAblagenpaket\nConnectedDrive Services (laufzeitgebundener Dienst)\nConnectedPackage Professional (laufzeitgebundener Dienst)\nExterieur-Paket M Carbon\nInnovations-Paket\nM Driver´s Package\n\nExterieur\nDach und Spiegelkappen schwarz\nDachreling\nElektrische Gepäckraumklappe\n\nFahrerassistenz\nBMW Drive Recorder (Dashcam)\nFahrassistenz-System: Driving Assistant Professional\nGesetzlicher Notruf\nPark Distance Control (PDC)\nParkassistent-Paket Plus\nRückfahrkamera\nSpurverlassenswarnung\nSpurwechselwarnung\nTeleServices\n\nIndividualumfänge\nBMW Individual Dachreling Hochglanz Shadow Line\nBMW Individual Hochglanz Shadow Line\nBMW Individual Hochglanz Shadow Line mit erweiterten Umfängen\nDachhimmel Individual anthrazit\nScheinwerfer BMW Individual Shadow-Line\n\nKomfort, Innenausstattung\nAbstandsregeltempomat\nAktive Sitzbelüftung vorn\nAmbiente-Beleuchtung\nAußenspiegel elektr. anklappbar\nAußenspiegel elektr. verstell- und heizbar\nDurchladesystem\nEinparkhilfe Sensoren vorne\nFensterheber, elektrisch\nFondkopfstützen klappbar\nFunkfernbedienung\nGalvanikapplikation für Bedienelemente\nInnen- und Aussenspiegel automatisch abblendend\nInnenausstattung: Interieurleisten Carbon\nKeyless Entry\nKlimaautomatic\nKomfortzugang (Öffnungs- und Schließsystem)\nLeder\nLederlenkrad\nLenkrad heizbar\nLordose\nLordosenstuetze fuer Fahrer und Beifahrer\nM Sportsitze\nMultifunktionslenkrad\nSicherheitsgurte M\nSitzheizung\nSitzheizung fuer Fahrer und Beifahrer\nSitzverstellung, elektrisch mit Memory\nSonnenschutzverglasung (hinten abgedunkelt)\nSportsitze\nSpurhalteassistent\nZentralverriegelung\n\nMultimedia\nBluetooth\nBMW Live Cockpit Professional\nBordcomputer\nDAB Tuner\nFreisprecheinrichtung\nSound-System Harman-Kardon\nTelefon\nUSB Schnittstelle\n\nRäder\nLM-Felgen\nRadschraubensicherung\n\nSitzbezug\nVOLLLED.MERINO/SILVERSTONE\n\nSonstiges\nAbdeckkappen Außenspiegel M Carbon\nAblage für Wireless Charging \nActive Guard\nBlow by-Heizer\nBMW Curved Display\nCO2-Umfang\nControl-Display mit Farbmonitor (14,9 Zoll)\nDekodierung Zusatzfunktionen\nDeutsch / Bordliteratur\nDeutschland-Ausfuehrung\nElektrisch verstellbare Spiegel\nEU-spezifische Zusatzumfaenge\nFahrassistenz-System: aktiver Spurhalteassistent\nFahrassistenz-System: Ampel-Erkennung\nFahrassistenz-System: Ausweich-Assistent\nFahrassistenz-System: Driving Assistant\nFahrassistenz-System: Falschfahrwarnung\nFahrassistenz-System: Frontkollisionswarnung\nFahrassistenz-System: Heckaufprall-Vermeidung (Prävention Heckkollision)\nFahrassistenz-System: Kreuzungs-Assistent\nFahrassistenz-System: Querverkehrs-Assistent\nFahrassistenz-System: Rückfahr-Assistent\nFahrassistenz-System: Spurwechselassistent\nFahrassistenz-System: Spurwechsel-Warnsystem\nGeschwindigkeits-Regelanlage, Aktiv mit Stop&Go-Funktion\nHeckdiffusor Carbon\nKältemittel\nKilometertacho\nMetallic-Lackierung\nMüdigkeitswarnsystem\nNotrufsystem\nÖlwartungsintervall 24 Monate/30.000 km\nReifendruckkontrollsystem\nRückfahrkamera (Top View)\nSitzbezug / Polsterung: Voll-Leder Merino\nSteuerung Infotainment\nSteuerung Karosserie\nSurround-Kamerasystem (Surround View)\nTotwinkel-Assistent\n\nUmwelt, Sicherheit\nAbgasnorm EU6 RDE II\nABS\nAktiver Fussgängerschutz\nAlarmanlage\nAuto Start/Stop Funktion \nBeifahrerairbag\nBeifahrerairbag-Deaktivierung\nESP\nFahrassistenz-System: Fernlichtassistent\nFahrerairbag\nInnenspiegel, automatisch abblendend\nKindersitzbefestigung ISOFIX\nKopfairbag\nNotbremsassistent\nPASM\nRegensensor\nReifen Druck Control\nScheinwerfer Laserlicht\nSeitenairbag\nSicherheitssystem Active Protection\nTraction Control\nWarndreieck\nWegfahrsperre\n\n•Wir unterbreiten Ihnen gern ein individuelles Finanzierungsangebot. Bestimmen Sie dabei selbst Ihre Laufzeit bis zu 84 Monaten oder Ihre Wunschrate.\n•Gebrauchtwagen-Leasing möglich.\n•Gerne nehmen wir auch Ihr gebrauchtes Fahrzeug in Zahlung.\n•Für eine Besichtigung oder Probefahrt kontaktieren Sie bitte unser Verkaufsteam: Herr Lorenz 0177-8676502 und Herr Lösche 0151-23142281. Per email erreichen Sie uns unter info@bmw-berger.de\n•Alle Angaben ohne Gewähr. Änderungen, Zwischenverkauf und Irrtümer vorbehalten.\n•BMW- & MINI- Service - Autorisierte Vertragswerkstatt\nXpel-Steinschlagschutzfolie (Frontpaket) im Preis inkludiert\nAngebotspreis beinhaltet origina",
  "dealerDetails": {
    "id": 462951,
    "name": "Autohaus Berger GmbH",
    "sellerType": "Dealer",
    "phones": [
      "+49 (0)3533 518990886"
    ],
    "messengers": {
      "WHATS_APP": "+49 (0)177 8676502"
    },
    "languages": [
      "Deutsch",
      "English"
    ],
    "country": "DE",
    "address": "An der B101, DE-04910 Elsterwerda",
    "location": {
      "latitude": 51.4662666,
      "longitude": 13.4989005
    },
    "activeSince": "2003-03-14T00:00:00.000Z",
    "homepageUrl": "https://home.mobile.de/home/redirect.html?customerId=462951",
    "iconUrl": null,
    "reviewPageUrl": "https://www.mobile.de/bewertungen/BERGER-ELSTERWERDA?lang=en",
    "score": {
      "total": 5,
      "responseTime": 5,
      "friendliness": 5,
      "advice": 5
    },
    "activeRatingCount": 10,
    "vehicleAsDescribedPercentage": 100,
    "recommendPercentage": 100,
    "soldVehicleCount": null,
    "reviews": []
  },
  "attributes": {
    "Vehicle condition": "Used vehicle, Accident-free",
    "Category": "Estate car",
    "Model range": "G81",
    "Trim line": " Competition M xDrive",
    "Vehicle Number": "B04568FS01359",
    "Availability": "Now",
    "Origin": "German edition",
    "Mileage": "7,980 km",
    "Cubic Capacity": "2,993 ccm",
    "Power": "375 kW (510 hp)",
    "Drive type": "Internal combustion engine",
    "Fuel": "Petrol",
    "Number of Seats": "5",
    "Door Count": "4/5",
    "Transmission": "Automatic",
    "Emission Class": "Euro6d",
    "First Registration": "11/2023",
    "Construction Year": "2023",
    "Number of Vehicle Owners": "1",
    "HU": "New",
    "Climatisation": "Automatic climatisation, 3 zones",
    "Parking sensors": "360° camera, Front, Self-steering systems, Rear",
    "Airbags": "Front and Side and More Airbags",
    "Colour (Manufacturer)": "ISLE OF MAN GRUEN METALLIC",
    "Colour": "Green Metallic",
    "Interior Design": "Full leather, Other",
    "Weight": "1,940 kg",
    "Tank capacity": "59 l"
  },
  "features": [
    "ABS",
    "Adaptive cornering lights",
    "Adaptive Cruise Control",
    "Alarm system",
    "Alloy wheels",
    "Ambient lighting",
    "Arm rest",
    "Autom. dimming interior mirror",
    "Blind spot assist",
    "Bluetooth",
    "Central locking",
    "DAB radio",
    "Digital cockpit",
    "Distance warning system",
    "Dynamic chassis control",
    "Electric seat adjustment",
    "Electric side mirror",
    "Electric tailgate",
    "Electric windows",
    "Emergency brake assist",
    "Emergency call system",
    "ESP",
    "Fatigue warning system",
    "Four-wheel drive",
    "Full Service History",
    "Glare-free high beam headlights",
    "Hands-free kit",
    "Heated seats",
    "Heated steering wheel",
    "High beam assist",
    "Hill-start assist",
    "Immobilizer",
    "Induction charging for smartphones",
    "Isofix",
    "Keyless central locking",
    "Lane change assist",
    "Laser headlights",
    "Leather steering wheel",
    "LED running lights",
    "Light sensor",
    "Lumbar support",
    "Multifunction steering wheel",
    "Navigation system",
    "Non-smoker vehicle",
    "On-board computer",
    "Particulate filter",
    "Power Steering",
    "Rain sensor",
    "Roof rack",
    "Seat ventilation",
    "Sound system",
    "Speed limit control system",
    "Sport seats",
    "Sports package",
    "Sports suspension",
    "Start-stop system",
    "Tinted windows",
    "Touchscreen",
    "Traction control",
    "Traffic sign recognition",
    "Tuner/radio",
    "Tyre pressure monitoring",
    "USB port",
    "Voice control",
    "Warranty"
  ]
},
{
  "title": "BMW M3 Competition M xDrive Driv.Assist.Prof Kamera",
  "previewImage": "https://img.classistatic.de/api/v1/mo-prod/images/01/0169545a-5cff-449d-8e8a-7134aa583aef?rule=mo-1600.jpg",
  "category": "EstateCar",
  "brand": "BMW",
  "model": "M3",
  "url": "https://suchen.mobile.de/fahrzeuge/details.html?id=429962169",
  "price.total.amount": 95880,
  "priceRating": {
    "rating": "Fair price",
    "priceRanges": {
      "Very good price": {
        "start": 66201,
        "end": 86000
      },
      "Good price": {
        "start": 86001,
        "end": 92600
      },
      "Fair price": {
        "start": 92601,
        "end": 103000
      },
      "Increased price": {
        "start": 103001,
        "end": 110600
      },
      "High price": {
        "start": 110601,
        "end": 122900
      }
    }
  },
  "description": "Gerne informiert Sie einer unserer Verkaufsberater, vor Besuch unserer Niederlassung, über die Verfügbarkeit des gewünschten Fahrzeuges. In diesem Zuge vereinbaren Sie gerne auch Ihren persönlichen Beratungstermin.Vielen Dank, ihr Verkaufsteam!\n\nSonstiges\nAblage für Wireless Charging\nABS\nActive Guard\nBlow by-Heizer\nBMW Apps\nIndividual\nKlimaanlage oder -automatik\nLeder\nLordose\nM Compound-Bremse, rot hochglänzend\nM Drive Professional\nM Interieurleisten Aluminium Rhombicle Anthrazit\nM Leuchten Shadow Line\nPersonal eSIM\nSitzheizung\nSportfahrwerk\nUnfallfrei\n\nAntrieb, Fahrwerk\nAdaptives M Fahrwerk\nAllrad\nM Sportdifferenzial\n\nEditionen und Pakete\nAblagenpaket\nConnected Package Professional (laufzeitgebundener Dienst)\nConnectedDrive Services (laufzeitgebundener Dienst)\nGepäckraumpaket\nInnovationspaket\n\nExterieur\nDach und Spiegelkappen schwarz\nDachreling\n\nFahrerassistenz\nDriving Assistant Professional\nGesetzlicher Notruf\nParking Assistant Plus\n\nIndividualumfänge\nM Dachreling Hochglanz Shadow Line\nM Hochglanz Shadow Line\nM Hochglanz Shadow Line mit erweiterten Umfängen\n\nKomfort, Innenausstattung\nAktive Sitzbelüftung vorn\nFondkopfstützen klappbar\nGalvanikapplikation für Bedienelemente\nInnen- und Außenspiegelpaket\nKlimaautomatik\nKomfortzugang\nLenkradheizung\nLordosenstütze für Fahrer und Beifahrer\nM Sicherheitsgurte\nM Sportsitze\nSitzheizung für Fahrer und Beifahrer\nSitzverstellung elektrisch\nSitzverstellung elektrisch mit Memory für Fahrersitz\nSonnenschutzverglasung\n\nMultimedia\nBMW Live Cockpit Professional (laufzeitgebundener Dienst)\nDAB Tuner\nHarman Kardon Surround Sound System\n\nRäder\n19\"/20\" M Schmiederäder Doppelspeiche 826 M Schwarz / MB\n\nSitzbezug\nLeder Merino Kyalami Orange/Schwarz\n\nUmwelt, Sicherheit\nAbgasnorm EU6 RDE II\nActive Protection\nAdaptiver LED-Scheinwerfer\nAktiver Fußgängerschutz\nAlarmanlage mit Fernbedienung\nBeifahrerairbag-Deaktivierung\nFernlichtassistent\nInnenspiegel automatisch abblendend\nReifendruck-Kontrolle\n\nWKR 36115B47793 + 36115B47794, ehemal. Neupreis Euro 115.480 (brutto)\n\nBitte haben Sie Verständnis dafür, dass es sich bei den ausgewiesenen Angebotspreisen um Festpreise handelt.Vielen Dank, Ihr Verkaufsteam!Irrtümer und Zwischenverkauf vorbehalten.",
  "dealerDetails": {
    "id": 452698,
    "name": "BMW AG Niederlassung Kassel",
    "sellerType": "Dealer",
    "phones": [
      "+49 (0)561 2207085901"
    ],
    "languages": [
      "Deutsch",
      "English",
      "Magyar"
    ],
    "country": "DE",
    "address": "Scharnhorststraße 14, DE-34125 Kassel",
    "location": {
      "latitude": 51.31384689999999,
      "longitude": 9.5165401
    },
    "activeSince": "2001-05-16T00:00:00.000Z",
    "homepageUrl": "https://home.mobile.de/home/redirect.html?customerId=452698",
    "iconUrl": "https://img.classistatic.de/api/v1/mo-prod/images/a4/a40ff522-c362-4f48-84c3-e08c8d8c4c82?rule=mo-640.jpg",
    "reviewPageUrl": "https://www.mobile.de/bewertungen/BMW-AG-NL-KASSEL?lang=en",
    "score": {
      "total": 4.3,
      "responseTime": 4.4,
      "friendliness": 4.4,
      "advice": 4.1
    },
    "activeRatingCount": 46,
    "vehicleAsDescribedPercentage": 87,
    "recommendPercentage": 84,
    "soldVehicleCount": null,
    "reviews": []
  },
  "attributes": {
    "Vehicle condition": "Used vehicle",
    "Category": "Estate car, Employee's Car",
    "Model range": "M3 touring",
    "Trim line": "M xDrive Driv.Assist.Prof Kamera",
    "Vehicle Number": "XM591099",
    "Availability": "Now",
    "Mileage": "11,772 km",
    "Cubic Capacity": "2,993 ccm",
    "Power": "390 kW (530 hp)",
    "Drive type": "Internal combustion engine",
    "Fuel": "Petrol, E10-enabled",
    "Number of Seats": "5",
    "Door Count": "4/5",
    "Transmission": "Automatic",
    "Emission Class": "Euro6",
    "Emissions Sticker": "4 (Green)",
    "First Registration": "10/2024",
    "Construction Year": "2024",
    "Number of Vehicle Owners": "1",
    "HU": "10/2027",
    "Climatisation": "Automatic climatisation, 2 zones",
    "Parking sensors": "360° camera, Front, Self-steering systems, Rear",
    "Airbags": "Front and Side and More Airbags",
    "Colour (Manufacturer)": "BMW Individual Dravitgrau",
    "Colour": "Grey Metallic",
    "Interior Design": "Full leather, Black"
  },
  "features": [
    "ABS",
    "Adaptive cornering lights",
    "Adaptive Cruise Control",
    "Alarm system",
    "Alloy wheels",
    "Arm rest",
    "Autom. dimming interior mirror",
    "Blind spot assist",
    "Bluetooth",
    "Central locking",
    "DAB radio",
    "Digital cockpit",
    "Distance warning system",
    "Dynamic chassis control",
    "Electric seat adjustment",
    "Electric side mirror",
    "Electric windows",
    "Eletric seat adjustment with memory function",
    "Emergency brake assist",
    "Emergency call system",
    "ESP",
    "Fatigue warning system",
    "Four-wheel drive",
    "Full Service History",
    "Glare-free high beam headlights",
    "Hands-free kit",
    "Heated seats",
    "Heated steering wheel",
    "High beam assist",
    "Hill-start assist",
    "Immobilizer",
    "Induction charging for smartphones",
    "Isofix",
    "Keyless central locking",
    "Lane change assist",
    "Leather steering wheel",
    "LED headlights",
    "LED running lights",
    "Light sensor",
    "Lumbar support",
    "Multifunction steering wheel",
    "Navigation system",
    "On-board computer",
    "Paddle shifters",
    "Power Steering",
    "Rain sensor",
    "Roof rack",
    "Seat ventilation",
    "Sound system",
    "Speed limit control system",
    "Sport seats",
    "Sports package",
    "Sports suspension",
    "Start-stop system",
    "Summer tyres",
    "Tinted windows",
    "Touchscreen",
    "Traction control",
    "Traffic sign recognition",
    "Tuner/radio",
    "Tyre pressure monitoring",
    "USB port",
    "Voice control",
    "Warranty"
  ]
},
{
  "title": "BMW M3 Touring xDrive Competition M Voll 132.500 €",
  "previewImage": "https://img.classistatic.de/api/v1/mo-prod/images/49/4908c24f-440d-4e18-a27b-553a2fbd1538?rule=mo-1600.jpg",
  "category": "EstateCar",
  "brand": "BMW",
  "model": "M3",
  "url": "https://suchen.mobile.de/fahrzeuge/details.html?id=420909099",
  "price.total.amount": 96590,
  "priceRating": {
    "rating": "Good price",
    "priceRanges": {
      "Very good price": {
        "start": 69001,
        "end": 89700
      },
      "Good price": {
        "start": 89701,
        "end": 96600
      },
      "Fair price": {
        "start": 96601,
        "end": 107500
      },
      "Increased price": {
        "start": 107501,
        "end": 115400
      },
      "High price": {
        "start": 115401,
        "end": 128200
      }
    }
  },
  "description": "Hier bieten wir Ihnen einen TOP gepflegten M3 Touring xDrive Competition M an\n\nTop BMW Individual Farbe FROZEN PURE GREY II METALLIC MATT\n\n!!! Mit M Diver´s Package / 100% keine Rennstrecke !!!\n\nNachstehend die sehr umfangreiche und individuelle Ausstattung ab Werk:\n\nModellpflege 2025 mit 530 PS\nM Driver's Package V-Max\nM Drive Professional \n19\"/20\" M Schmiederäder Doppelspeiche M Bicolor Schwarz / MB \nLenkradheizung \nRadschraubensicherung \nReifendruckanzeige \nReifenpannenset \nAlarmanlage \nKomfortzugang \nM Compound-Bremse, schwarz hochglänzend \nSonnenschutzverglasung \nAktive Sitzbelüftung vorn \nM Sicherheitsgurte \nInterieurleisten Carbon Fibre \nBlow by-Heizer \nGalvanikapplikation für Bedienelemente \nAdaptiver LED-Scheinwerfer \nFernlichtassistent \nDriving Assistant Professional \nActive Guard \nBeifahrerairbag-Deaktivierung \nFondkopfstützen, klappbar \nParking Assistant Plus\nDAB-Tuner \nHarman Kardon Surround Sound System \nGesetzlicher Notruf \nConnectedDrive Services \nConnected Package Professional \nAblage für Wireless Charging \nPersonal eSIM BMW \nLive Cockpit Professional \nInnovationspaket II \nDeutschland-Ausfuehrung Deutsch / Bordliteratur \nÖlwartungsintervall 24 Monate/30.000 km \n\nSitzbezug / Polsterung: Voll-Leder Merino Silverstone / Schwarz\n\nDriving Assistent Professional & Innovationspaket:\nHead-Up Display\nFahrassistenz System: Park-Assistent\nFahrassistenz-System: Driving Assistent\nFahrassistenz-System: Spurwechselassistent\nFahrassistenz-System: Speed-Limit-Anzeige\nFahrassistenz-System: Frontkollisionswarnung\nFahrassistenz-System: Querverkehrs-Assistent\nFahrassistenz-System: Spurwechsel-Warnsystem\nFahrassistenz-System: Heckaufprall-Vermeidung (Prävention Heckkollision)\n\n\nParkassistent-Paket Plus:\nFahrassistenz-System: Park-Assistent\nFahrassistenz-System: Einparkhilfe Seite\nService-System: Remote 3D View, Rückfahrkamera (TopView)\nService-System: Surround View -Kamerasystem\nFahrassistenz-System: Rückfahr-Assistent\nFahrassistenz-System: Rückfahrhilfe Notbremsfunktion (Active PDC)\n\n- Finanzierung über unsere Partnerbanken, auch ohne Anzahlung möglich\n- Hersteller BMW Gewährleistungsverlängerung bis 11.2027\n- 12-48 Monate Premium Anschlussgarantie bis 11.2031 möglich\n- 19\"/20\" Winterräder NP 6.990,- € , gegen Aufpreis möglich\n\nDie Fahrzeugbeschreibung dient lediglich der allgemeinen Identifizierung des Fahrzeuges und stellt keine Gewährleistung im kaufrechtlichen Sinne dar.\n\nDie gemachten Angaben/ Beschreibungen und Bilder sind unverbindlich und dienen nicht als zugesicherte Eigenschaften.\n\nDer Verkäufer übernimmt keine Haftung / Gewährleistung für Tipp - und Datenübermittlungsfehler. Ausstattungen sind ggfs. gesondert zu prüfen.\n\nUnser Vertriebsbüro ist Montags-Freitags durchgehend von 10:00-18:30 Uhr geöffnet, auch Samstags gerne nach Vereinbarung.\n\nDamit sich Ihr Besuch auch lohnt, bitten wir um vorherige Rücksprache um sicher zu stellen, das Ihr Wunschfahrzeug noch verfügbar ist und für Sie zur Besichtigung / Probefahrt bereit steht!\n\n!(Änderungen, Irrtümer und Zwischenverkauf vorbehalten)!\n\nWeitere Ausstattung:\nAblage-Paket\nAdaptives Fahrwerk M-Technic\nAktives M Differential\nAmbiente-Beleuchtung\nAusstattungs-Paket: Connected Professional\nAutomatische Stabilitäts-Control (ASC)\nAußenausstattung: Shadow-Line Hochglanz (erweiterter Umfang)\nBedienelemente galvanisiert\nBlinkleuchte in Außenspiegel integriert\nBMW Live Cockpit Professional\nCompetition\nDach schwarz lackiert\nDachhimmel Anthrazit (BMW Individual)\nDachreling Hochglanz Shadow-Line\nDiebstahlsicherung für Räder (Felgenschlösser)\nDurchladeeinrichtung (Mittelarmlehne hinten)\nDynamische Stabilitäts-Control (DSC) mit erweiterter Umfang\nDynamische Tractions Control (DTC)\nEinstiegsleisten mit Einleger in Aluminium mit Schriftzug M\nFreisprecheinrichtung Bluetooth mit USB-/Audio-Schnittstelle\nGepäckraum-Abtrennung (Netz)\nGetriebe Automatik - mit Steptronic und Drivelogic (8-Stufen)\nHeckleuchten LED\nInduktionsladeschale für Smartphone (Wireless Charging)\nInnenausstattung: Interieurleisten Alu Rhombicle mit Akzentleiste\nKennzeichenbeleuchtung LED\nKlimaautomatik 3-Zonen mit autom. Umluft-Control\nKnieairbag Fahrerseite\nKopf-Airbag-System hinten\nKopf-Airbag-System vorn\nLendenwirbelstütze Sitz vorn links und rechts, elektr. verstellbar\nLichtassistent (Follow me home)\nM Drive Professional (Fahrprofilauswahl)\nMotor 3,0 Ltr. - 390 kW 24V TwinPower Turbo (S58)\nOtto-Partikelfilter (OPF)\nPersonalisierungssystem (BMW ID)\nPersonalisierungssystem (Personal eSIM)\nRadioempfang digital (DAB+)\nReifen-Reparaturset (Mobility-Pack)\nReifendruck-Kontrollsystem\nReifenpannen-Anzeige\nSchadstoffarm nach Abgasnorm Euro 6e\nSchaltpunktanzeige\nScheinwerfer LED\nService-System: ConnectedDrive Services\nService-System: Gesetzlicher Notruf\nService-System: Intelligenter Notruf inkl. TeleServices\nSicherheitsgurte M\nSitzbezug / Polsterung: Leder Merino\nSitze vorn elektr. verstellbar (mit Memory)\nSitzheizung vorn\nSonnenschutzverglasung (hinten abgedunkelt)\nSound-System Harman-Kardon\nSpiegel-Paket\nSportdifferential\nSportsitze vorn (M-Technic)\nStart/Stop-Anlage (Funktion)",
  "dealerDetails": {
    "id": 11887737,
    "name": "CC Automobile e.K.",
    "sellerType": "Dealer",
    "phones": [
      "+49 (0)5221 889691330"
    ],
    "messengers": {
      "WHATS_APP": "+49 (0)176 21789073"
    },
    "languages": [
      "Deutsch",
      "English"
    ],
    "country": "DE",
    "address": "Wasserbreite 28a, DE-32257 Bünde",
    "location": {
      "latitude": 52.20164750000001,
      "longitude": 8.579441899999999
    },
    "activeSince": "2014-07-11T00:00:00.000Z",
    "homepageUrl": "https://home.mobile.de/home/redirect.html?customerId=11887737",
    "iconUrl": "https://img.classistatic.de/api/v1/mo-prod/images/97/976b5e1e-ec8d-4c94-a653-3bfe5964dd11?rule=mo-640.jpg",
    "reviewPageUrl": "https://www.mobile.de/bewertungen/CCAUTOMOBILEEK?lang=en",
    "score": {
      "total": 5,
      "responseTime": 5,
      "friendliness": 5,
      "advice": 5
    },
    "activeRatingCount": 100,
    "vehicleAsDescribedPercentage": 100,
    "recommendPercentage": 100,
    "soldVehicleCount": null,
    "reviews": []
  },
  "attributes": {
    "Vehicle condition": "Used vehicle, Accident-free",
    "Category": "Estate car",
    "Model range": "Baureihe M3 Touring (G81N)(07.2024->)",
    "Trim line": "xDrive Competition M",
    "Origin": "German edition",
    "Mileage": "15,000 km",
    "Cubic Capacity": "2,993 ccm",
    "Power": "390 kW (530 hp)",
    "Drive type": "Internal combustion engine",
    "Fuel": "Petrol",
    "CO₂ class": "Based on CO₂ emissions (combined)",
    "Fuel consumption": [
      "10.4 l/100km (combined)"
    ],
    "Number of Seats": "5",
    "Door Count": "4/5",
    "Transmission": "Automatic",
    "Emission Class": "Euro6d-TEMP",
    "Emissions Sticker": "4 (Green)",
    "First Registration": "11/2024",
    "Number of Vehicle Owners": "1",
    "HU": "11/2027",
    "Climatisation": "Automatic climatisation, 4 zones",
    "Parking sensors": "Rear, 360° camera, Front, Self-steering systems",
    "Airbags": "Front and Side and More Airbags",
    "Colour (Manufacturer)": "FROZEN PURE GREY II METALLIC",
    "Colour": "Grey Metallic Matte",
    "Interior Design": "Full leather, Other",
    "Weight": "1,940 kg",
    "Cylinders": "6",
    "Tank capacity": "59 l",
    "Energy consumption (comb.)": "10.4 l/100km",
    "CO₂ emissions (comb.)": "234 g/km"
  },
  "features": [
    "ABS",
    "Adaptive cornering lights",
    "Adaptive Cruise Control",
    "Alarm system",
    "Alloy wheels",
    "Ambient lighting",
    "Android Auto",
    "Apple CarPlay",
    "Arm rest",
    "Autom. dimming interior mirror",
    "Blind spot assist",
    "Bluetooth",
    "Cargo barrier",
    "Central locking",
    "DAB radio",
    "Digital cockpit",
    "Distance warning system",
    "Dynamic chassis control",
    "Electric seat adjustment",
    "Electric side mirror",
    "Electric tailgate",
    "Electric windows",
    "Eletric seat adjustment with memory function",
    "Emergency brake assist",
    "Emergency call system",
    "ESP",
    "Fatigue warning system",
    "Fog lamp",
    "Folding exterior mirrors",
    "Four-wheel drive",
    "Full Service History",
    "Glare-free high beam headlights",
    "Hands-free kit",
    "Head-up display",
    "Heated seats",
    "Heated steering wheel",
    "Heated windshield",
    "High beam assist",
    "Immobilizer",
    "Induction charging for smartphones",
    "Integrated music streaming",
    "Isofix",
    "Keyless central locking",
    "Lane change assist",
    "Leather steering wheel",
    "LED headlights",
    "LED running lights",
    "Light sensor",
    "Lumbar support",
    "Multifunction steering wheel",
    "Navigation system",
    "Non-smoker vehicle",
    "On-board computer",
    "Paddle shifters",
    "Particulate filter",
    "Passenger seat Isofix point",
    "Power Steering",
    "Rain sensor",
    "Roof rack",
    "Seat ventilation",
    "Sound system",
    "Speed limit control system",
    "Sport seats",
    "Sports package",
    "Sports suspension",
    "Start-stop system",
    "Summer tyres",
    "Tinted windows",
    "Touchscreen",
    "Traction control",
    "Traffic sign recognition",
    "Tyre pressure monitoring",
    "USB port",
    "Voice control",
    "Warranty",
    "Winter package",
    "WLAN / Wi-Fi hotspot"
  ]
},
{
  "title": "BMW M3 Limousine Competition M xDrive - UPE 115.580,",
  "previewImage": "https://img.classistatic.de/api/v1/mo-prod/images/44/44cac0b3-6aaf-49dc-a594-13f30b222549?rule=mo-1600.jpg",
  "category": "Limousine",
  "brand": "BMW",
  "model": "M3",
  "url": "https://suchen.mobile.de/fahrzeuge/details.html?id=432620753",
  "price.total.amount": 96500,
  "priceRating": {
    "rating": "Very good price",
    "priceRanges": {
      "Very good price": {
        "start": 75801,
        "end": 98600
      },
      "Good price": {
        "start": 98601,
        "end": 106100
      },
      "Fair price": {
        "start": 106101,
        "end": 118000
      },
      "Increased price": {
        "start": 118001,
        "end": 126700
      },
      "High price": {
        "start": 126701,
        "end": 140800
      }
    }
  },
  "description": "Antrieb, Fahrwerk\nAdaptives M Fahrwerk\nAllrad\nM Sportdifferential\n\nAußenausstattung\nLM-Felgen\nSonnenschutzverglasung (hinten abgedunkelt)\n\nEditionen und Pakete\nAblagenpaket\nConnectedDrive Services\nConnectedPackage Professional\nInnovations-Paket (2)\n\nExterieur\nSchiebe-/Hebedach elektrisch (Glas)\n\nFahrerassistenz\nBMW Drive Recorder (Dashcam)\nFahrassistenz-System: Driving Assistant\nGeschwindigkeitsregelung mit Bremsfunktion\nGesetzlicher Notruf\nHead-Up Display\nParkassistent-Paket Plus\nTeleServices\n\nIndividualumfänge\nBMW Individual Hochglanz Shadow Line mit erweiterten Umfängen\nDachhimmel Individual anthrazit\nHochglanz Shadow Line\n\nKomfort, Innenausstattung\nAmbiente-Beleuchtung\nAußenspiegel elektr. anklappbar\nAutomatische Verriegelung beim Anfahren\nBMW Live Cockpit Professional\nDurchladeeinrichtung (Mittelarmlehne hinten)\nDurchladesystem\nEinparkhilfe selbstlenkendes System\nFensterheber elektrisch vorn + hinten\nFensterheber, elektrisch\nFondkopfstützen klappbar\nFreisprecheinrichtung Bluetooth mit USB-/Audio-Schnittstelle\nGalvanikapplikation für Bedienelemente\nGeschwindigkeits-Begrenzeranlage (Speed Limit Device)\nGeschwindigkeits-Regelanlage mit Bremsfunktion\nHead-up-Display Full Color\nHeckklappenbetätigung automatisch\nInduktionsladeschale für Smartphone (Wireless Charging)\nInnen- und Aussenspiegel automatisch abblendend\nInnenausstattung: Interieurleisten Carbon\nInnenspiegel mit Abblendautomatik\nIsofix-Aufnahmen für Kindersitz\nKlimaautomatic\nKlimaautomatik 3-Zonen mit autom. Umluft-Control\nKomfortzugang (Öffnungs- und Schließsystem)\nLendenwirbelstütze Sitz vorn links und rechts, elektr. verstellbar\nLenkrad (Leder) mit Multifunktion M-Technic\nLenkrad (M Sport, Alcantara)\nLenkrad heizbar\nLicht- und Regensensor\nLordosenstuetze fuer Fahrer und Beifahrer\nM Sicherheitsgurte\nM Sportsitze\nMultifunktion für Lenkrad\nRadioempfang digital (DAB+)\nScheibenwischer mit Regensensor\nService-System: Augmented Reality für Navigation\nService-System: WiFi-Direct\nSitze vorn elektr. verstellbar (mit Memory)\nSitzheizung fuer Fahrer und Beifahrer\nSitzheizung vorn\nSitzverstellung, elektrisch mit Memory\nSkisack\nSonnenschutzverglasung\nSound-System Harman-Kardon\nVerglasung Akustikglas\n\nMultimedia\nBMW Live Cockpit Professional\nDAB Tuner\nFreisprecheinrichtung\nHarman Kardon Surround Sound System\nNavigationssystem\nTelefon\n\nRäder\n19\"/20\" M Schmiederäder Doppelspeiche 826 M Schwarz / MB\nRadschraubensicherung\n\nSitzbezug\nVollleder Merino Feinnarbe Schwarz/Schwarz\n\nSonstiges\nAblage für Wireless Charging \nABS\nActive Guard\nBlow by-Heizer\nBremsanlage: Compound - M Bremssystem (Bremssättel Rot)\nDeutsch / Bordliteratur\nDeutschland-Ausfuehrung\nElektrisch verstellbare Spiegel\nEU-spezifische Zusatzumfaenge\nFahrassistenz-System: Einparkhilfe Seite\nFahrassistenz-System: Frontkollisionswarnung\nFahrassistenz-System: Heckaufprall-Vermeidung (Prävention Heckkollision)\nFahrassistenz-System: Park-Assistent\nFahrassistenz-System: Querverkehrs-Assistent\nFahrassistenz-System: Rückfahr-Assistent\nFahrassistenz-System: Rückfahrhilfe Notbremsfunktion (Active PDC)\nFahrassistenz-System: Spurwechselassistent\nFahrassistenz-System: Spurwechsel-Warnsystem\nFahrerairbag\ninterne Steuerung\nKältemittel\nKilometertacho\nLeder\nM Drive Professional\nMetallic-Lackierung\nMultifunktionslenkrad\nÖlwartungsintervall 24 Monate/30.000 km\nPersonal eSIM \nReifenreparatur-Set\nRückfahrkamera\nRückfahrkamera (Top View)\nScheinwerfer BMW Individual Shadow-Line\nSeitenairbag\nService-System: Remote 3D View\nSitzbezug / Polsterung: Voll-Leder Merino\nSportfahrwerk\nSportsitze\nSteuerung Infotainment\nSteuerung Karosserie\nSurround-Kamerasystem (Surround View)\nZentralverriegelung\n\nUmwelt, Sicherheit\nAbgasnorm EU6 RDE II\nAktiver Fussgängerschutz\nAlarmanlage\nBeifahrerairbag\nBeifahrerairbag-Deaktivierung\nESP\nFahrassistenz-System: Fernlichtassistent\nInnenspiegel, automatisch abblendend\nKindersitzbefestigung ISOFIX\nLED-Scheinwerfer\nPASM\nRegensensor\nReifen Druck Control\nScheinwerfer LED mit adaptiver Lichtverteilung\nTraction Control\nWarndreieck\n\nNeupreis: 115.580,00€ inkl. MwSt.\n\nUnser Angebotspreise verstehen sich zzgl. 1090,-€ für Zulassung und Überführung.\nAlle Preise inkl. MwSt.\n\nGesonderte Konditionen für Gewerbetreibende / Fahrschulen / Autovermieter / mobilitätseingeschränkte Personen / Journalisten.\nLassen Sie sich Ihr individuelles Angebot von uns erstellen!\n\nIhre Ansprechpartnerin im Haus: Violetta Blochin\nTel: 0521-16399-3117 oder violetta.blochin@becker-tiemann.de Irrtümer und Zwischenverkauf vorbehalten.",
  "dealerDetails": {
    "id": 12754808,
    "name": "Autohaus Becker-Tiemann Bielefeld GmbH & Co. KG",
    "sellerType": "Dealer",
    "phones": [
      "+49 (0)521 1639638806"
    ],
    "languages": [
      "Deutsch",
      "English",
      "Türkçe"
    ],
    "country": "DE",
    "address": "Am Niedermeyers Feld 6, DE-33719 Bielefeld",
    "location": {
      "latitude": 52.0152717,
      "longitude": 8.6201142
    },
    "activeSince": "2015-02-19T00:00:00.000Z",
    "homepageUrl": "https://home.mobile.de/home/redirect.html?customerId=12754808",
    "iconUrl": null,
    "reviewPageUrl": "https://www.mobile.de/bewertungen/AUTOHAUSBECKERTIEMANNBIELEFELDGMBHCOKGBIELEFELD?lang=en",
    "score": {
      "total": 4.7,
      "responseTime": 4.8,
      "friendliness": 4.7,
      "advice": 4.6
    },
    "activeRatingCount": 42,
    "vehicleAsDescribedPercentage": 100,
    "recommendPercentage": 100,
    "soldVehicleCount": null,
    "reviews": []
  },
  "attributes": {
    "Vehicle condition": "New vehicle, Accident-free",
    "Category": "Saloon",
    "Trim line": "Competition M xDrive - UPE 115.580,- € #exclusive",
    "Vehicle Number": "BTBIFV40831",
    "Availability": "Now",
    "Origin": "German edition",
    "Mileage": "10 km",
    "Cubic Capacity": "2,993 ccm",
    "Power": "390 kW (530 hp)",
    "Drive type": "Internal combustion engine",
    "Fuel": "Petrol, E10-enabled",
    "CO₂ class": "Based on CO₂ emissions (combined)",
    "Fuel consumption": [
      "10.2 l/100km (combined)",
      "15.4 l/100km (city)",
      "10.1 l/100km (suburban)",
      "8.7 l/100km (country road)",
      "9.5 l/100km (motorway)"
    ],
    "Energy costs for 15,000 km annual mileage": "€2,748/Year",
    "Fuel price": "€1.80/l (annual average 2024)",
    "Possible CO₂ costs over the next 10 years (15,000 km/year)": [
      "€4,362 (assuming an average CO₂ price of €127/t)",
      "€2,061 (assuming a low average CO₂ price of €60/t)",
      "€6,870 (assuming a high average CO₂ price of €200/t)"
    ],
    "Vehicle tax": "€456/Year",
    "Number of Seats": "5",
    "Door Count": "4/5",
    "Transmission": "Automatic",
    "Emission Class": "Euro6",
    "Emissions Sticker": "4 (Green)",
    "Construction Year": "2025",
    "Number of Vehicle Owners": "0",
    "HU": "New",
    "Climatisation": "Automatic climatisation, 3 zones",
    "Parking sensors": "Rear, Front, Self-steering systems, 360° camera",
    "Airbags": "Front and Side and More Airbags",
    "Colour (Manufacturer)": "BLACK SAPPHIRE METALLIC",
    "Colour": "Black Metallic",
    "Interior Design": "Full leather, Black",
    "Weight": "1,855 kg",
    "Tank capacity": "59 l",
    "Energy consumption (comb.)": "10.2 l/100km",
    "CO₂ emissions (comb.)": "229 g/km"
  },
  "features": [
    "ABS",
    "Adaptive lighting",
    "Alarm system",
    "Alloy wheels",
    "Ambient lighting",
    "Android Auto",
    "Apple CarPlay",
    "Arm rest",
    "Autom. dimming interior mirror",
    "Blind spot assist",
    "Bluetooth",
    "Central locking",
    "Cruise control",
    "DAB radio",
    "Digital cockpit",
    "Distance warning system",
    "Dynamic chassis control",
    "Electric side mirror",
    "Electric tailgate",
    "Electric windows",
    "Eletric seat adjustment with memory function",
    "Emergency brake assist",
    "Emergency call system",
    "ESP",
    "Fatigue warning system",
    "Four-wheel drive",
    "Full Service History",
    "Glare-free high beam headlights",
    "Hands-free kit",
    "Head-up display",
    "Heated seats",
    "Heated steering wheel",
    "High beam assist",
    "Hill-start assist",
    "Immobilizer",
    "Induction charging for smartphones",
    "Integrated music streaming",
    "Isofix",
    "Keyless central locking",
    "Lane change assist",
    "Leather steering wheel",
    "LED headlights",
    "LED running lights",
    "Light sensor",
    "Lumbar support",
    "Multifunction steering wheel",
    "Navigation preparation",
    "Navigation system",
    "Non-smoker vehicle",
    "On-board computer",
    "Paddle shifters",
    "Panoramic roof",
    "Particulate filter",
    "Passenger seat Isofix point",
    "Power Steering",
    "Rain sensor",
    "Ski bag",
    "Sound system",
    "Speed limit control system",
    "Sport seats",
    "Sports package",
    "Sports suspension",
    "Start-stop system",
    "Summer tyres",
    "Sunroof",
    "Tinted windows",
    "Touchscreen",
    "Traction control",
    "Traffic sign recognition",
    "Tuner/radio",
    "Tyre pressure monitoring",
    "USB port",
    "Voice control",
    "WLAN / Wi-Fi hotspot"
  ]
},
{
  "title": "BMW M3 Touring",
  "previewImage": "https://img.classistatic.de/api/v1/mo-prod/images/6d/6d522fcc-a7cd-40bf-8646-da1e27b545e5?rule=mo-1600.jpg",
  "category": "EstateCar",
  "brand": "BMW",
  "model": "M3",
  "url": "https://suchen.mobile.de/fahrzeuge/details.html?id=432303870",
  "price.total.amount": 96500,
  "priceRating": {
    "rating": "Fair price",
    "priceRanges": {
      "Very good price": {
        "start": 63001,
        "end": 81900
      },
      "Good price": {
        "start": 81901,
        "end": 88200
      },
      "Fair price": {
        "start": 88201,
        "end": 98100
      },
      "Increased price": {
        "start": 98101,
        "end": 105300
      },
      "High price": {
        "start": 105301,
        "end": 117000
      }
    }
  },
  "description": "Hallo ich Verkaufe einen BMW M3 Touring in neuwertigen Zustand\n\nAusstattungsliste ist in den Bildern Vorhanden",
  "dealerDetails": {
    "sellerType": "Private Seller",
    "country": "DE",
    "address": "DE-94424 Arnstorf",
    "location": {
      "latitude": 48.56147,
      "longitude": 12.82264
    },
    "iconUrl": null,
    "reviewPageUrl": null,
    "score": null,
    "activeRatingCount": null,
    "vehicleAsDescribedPercentage": null,
    "recommendPercentage": null,
    "soldVehicleCount": null,
    "reviews": []
  },
  "attributes": {
    "Vehicle condition": "Used vehicle",
    "Category": "Estate car",
    "Mileage": "5,600 km",
    "Power": "375 kW (510 hp)",
    "Drive type": "Internal combustion engine",
    "Fuel": "Petrol",
    "Transmission": "Automatic",
    "First Registration": "03/2024",
    "HU": "03/2026",
    "Climatisation": "A/C (man.)",
    "Parking sensors": "Rear",
    "Colour (Manufacturer)": "GREEN"
  },
  "features": [
    "ABS",
    "Alloy wheels",
    "Bluetooth",
    "Cruise control",
    "Full Service History",
    "Hands-free kit",
    "Heated seats",
    "Navigation system",
    "Tuner/radio"
  ]
},
{
  "title": "BMW M3 Comp. M xDr. Tour.,Inno.-Pkt.,Driv.Ass.Prof.,",
  "previewImage": "https://img.classistatic.de/api/v1/mo-prod/images/9f/9f8b93e6-0e99-4356-ad20-449e471a199c?rule=mo-1600.jpg",
  "category": "EstateCar",
  "brand": "BMW",
  "model": "M3",
  "url": "https://suchen.mobile.de/fahrzeuge/details.html?id=419823717",
  "price.total.amount": 96770,
  "priceRating": {
    "rating": "Very good price",
    "priceRanges": {
      "Very good price": {
        "start": 77601,
        "end": 100800
      },
      "Good price": {
        "start": 100801,
        "end": 108600
      },
      "Fair price": {
        "start": 108601,
        "end": 120800
      },
      "Increased price": {
        "start": 120801,
        "end": 129600
      },
      "High price": {
        "start": 129601,
        "end": 144000
      }
    }
  },
  "description": "Getriebe: Automatik\nTechnik: Allrad, Bordcomputer, Sperrdifferential, Adaptives Daempfungssystem, Partikelfilter, Start-Stop-Automatik, Sportabgasanlage, Schaltwippen, Volldigitales Kombiinstrument\nAssistenten: Totwinkel-Assistent, Verkehrszeichenerkennung, Park-Lenk-Assistent, Regensensor, Fernlichtassistent, Lichtsensor, Notbremsassistent, Spurhalteassistent, Spurwechselassistent, Abstandsregeltempomat, Ausparkassistent, Abstands-/Kollisionswarner\nKomfort: Servolenkung, Zentralverriegelung, Elektrischer Fensterheber, Lederausstattung, Sitzheizung, Elektrische Aussenspiegel, Teilbare Ruecksitzlehne, Tempomat, Multifunktionslenkrad, Keyless Go Startfunktion, Elektrische Sitze, Innenspiegel autom. abblendbar, Mittelarmlehne, Innenraumfilter, Lenksaeule einstellbar, Sportsitze, ParkDistanceControl vorne und hinten, Elektrische Heckklappe, Keyless Entry, Memory Sitze, Ambientebeleuchtung, Lordosenstütze, Lederlenkrad, Geschwindigkeitsbegrenzungsanlage, Klimaautomatik-3-Zonen\nSicht: LED-Hauptscheinwerfer, adaptives Kurvenlicht, LED-Tagfahrlicht, HEAD-UP-Display, LED-Rueckleuchten, Scheinwerferregulierung, Colorverglasung, Rückfahrkamera, Privacyverglasung\nSicherheit: ABS, Airbag, Beifahrer-Airbag, Wegfahrsperre, Seitenairbags, Alarmanlage, ESP, Antriebsschlupfregelung, Reifendruckkontrolle, Traktionskontrolle, Kopfairbag, Knieairbag, Kindersitzbefestigung, Anhängerstabilisierung, Notrufsystem, Pannenkit\nEntertainment: Navigationssystem, Soundsystem, Radio, Telefonvorbereitung, USB-Anschluss, MP3, Harman-Kardon, Bluetooth, Freisprecheinrichtung, Apple CarPlay, Android Auto, Sprachsteuerung, DAB, WLAN, Touchscreen, Induktionsladen für Smartphones, Musikstreaming\nUmwelt: Abgasnorm Euro 6E, Grüne Umweltplakette\nQualität: Garantie, Scheckheftgepflegt, HUAU neu, Nichtraucherfahrzeug, Inspektion neu\nSonstiges: Katalysator, Metallic, Sportausstattung, Alufelgen, Dachreling, Sportpaket, Sportfahrwerk, Elektrische Parkbremse, Lenkradheizung, Fahrerprofilauswahl, Sommerreifen, Gepäckraumabtrennung\nWeiteres: Lordosenstütze für Fahrer und Beifa, M Interieurleisten Carbon Fibre, Galvanikapplikation für Bedieneleme, KLIMAAUTOMATIK, Fondkopfstützen klappbar, Parking Assistant, DAB-Tuner, Harman Kardon Surround Sound System, gesetzlicher Notruf, Connecteddrive Services, Ablage für Wireless Charging, Personal eSIM, Saphirschwarz metallic, Vollleder Merino Feinnarbe Schwarz/, Abgasnorm EU6 RDE II, M Drive Professional, 19/20 M Schmiederäder Doppelspeic, EU spezifische Umfänge, Lenkradheizung, M Sportdifferenzial, Reifendruck-Kontrolle, Reifenreparatur Set, Adaptives M Fahrwerk, Alarmanlage, M Compound-Bremse, schwarz hochglän, M Dachreling Hochglanz Shadow Line, M Leuchten Shadow Line, SONNENSCHUTZVERGLASUNG, Innen- und Außenspiegelpaket, Innenspiegel automatisch Abblendend, Innovationspaket, DRIVING ASSISTANT PROFESSIONAL, Adaptiver LED-Scheinwerfer, KOMFORTZUGANG, FERNLICHTASSISTENT, BMW Live Cockpit Professional, M Sportsitze, M Hochglanz Shadow Line, M Dachhimmel anthrazit, M Hochglanz Shadow Line mit erweite, Deutschland-Ausführung, Ölwartungsintervall 30000 km / 24 M, COC Zusatzumfänge, KAELTEMITTEL, Automatische Verriegelung beim Anfa, Fahrgestellnummer von aussen sichtb, Aktiver Fußgängerschutz, Steuerung FAS 18, Steuerung D, Bereitstellung, Rückfahrkamera, Scheibenwischer mit Regensensor, Scheinwerfer LED, Knieairbag Fahrerseite, Heckleuchten LED, Ambiente-Beleuchtung, Leuchtweitenregelung, Multifunktion für Lenkrad, Lenksäule (Lenkrad) mechan. verstellbar, Reifendruck-Kontrollsystem, Anhänger-Stabilisierungs-Programm (ASL), Klimaautomatik 3-Zonen mit autom. Umluft-Control, Reifen-Reparaturset (Mobility-Pack), Sportdifferential, Dachreling Hochglanz Shadow-Line, Schadstoffarm nach Abgasnorm Euro 6e, Aktives M Differential, Control-Display mit Farbmonitor (14,9 Zoll), Sonnenschutzverglasung (hinten abgedunkelt), Adaptives Fahrwerk M-Technic, LM-Felgen, Radioempfang digital (DAB+), Motor 3,0 Ltr. - 390 kW 24V, Personalisierungssystem (BMW ID), Einstiegsleisten mit Einleger in Aluminium mit Schriftzug M, Head-up-Display Full Color, Antriebsart: Allradantrieb, Spiegel-Paket, Motor 3,0 Ltr. - 390 kW 24V TwinPower Turbo (S58), Geschwindigkeits-Regelanlage, Aktiv mit Stop&Go-Funktion, Komfortzugang (Öffnungs- und Schließsystem), LM-Felgen vorn/hinten: 9,5x19 / 10,5x20 (Doppelspeichen 825 M, Bicolor, Schwarz), Airbag Fahrer-/Beifahrerseite, Anti-Blockier-System (ABS), Seitenairbag vorn, Kopf-Airbag-System hinten, Kopf-Airbag-System vorn, Licht- und Regensensor, Service-System: Intelligenter Notruf inkl. TeleServices, Reifenpannen-Anzeige, Dynamische Stabilitäts-Control (DSC) mit erweiterter Umfang, Freisprecheinrichtung Bluetooth mit USB-/Audio-Schnittstelle\nInt.KnNr: 069515\nÄnderungen, Zwischenverkauf und Irrtümer vorbehalten. Im angegebenen Angebotspreis sind noch keine Überführungskosten beinhaltet!\nquality by dotzilla",
  "dealerDetails": {
    "id": 454448,
    "name": "BMW Autohaus Sperber GmbH & Co. KG",
    "sellerType": "Dealer",
    "phones": [
      "+49 (0)951 96433385",
      "+49 (0)951 96430330"
    ],
    "languages": [
      "Deutsch",
      "English",
      "Français"
    ],
    "country": "DE",
    "address": "Ohmstrasse 10a, DE-96050 Bamberg",
    "location": {
      "latitude": 49.8972862,
      "longitude": 10.919498
    },
    "activeSince": "2002-07-22T00:00:00.000Z",
    "homepageUrl": "https://home.mobile.de/home/redirect.html?customerId=454448",
    "iconUrl": null,
    "reviewPageUrl": "https://www.mobile.de/bewertungen/AH-SPERBER?lang=en",
    "score": {
      "total": 4.4,
      "responseTime": 4.4,
      "friendliness": 4.6,
      "advice": 4.3
    },
    "activeRatingCount": 148,
    "vehicleAsDescribedPercentage": 91,
    "recommendPercentage": 82,
    "soldVehicleCount": null,
    "reviews": []
  },
  "attributes": {
    "Vehicle condition": "New vehicle, Accident-free",
    "Category": "Estate car",
    "Vehicle Number": "069515",
    "Availability": "Now",
    "Origin": "German edition",
    "Mileage": "0 km",
    "Cubic Capacity": "2,993 ccm",
    "Power": "390 kW (530 hp)",
    "Drive type": "Internal combustion engine",
    "Fuel": "Petrol",
    "CO₂ class": "Based on CO₂ emissions (combined)",
    "Fuel consumption": [
      "10.4 l/100km (combined)",
      "15.8 l/100km (city)",
      "10.3 l/100km (suburban)",
      "8.8 l/100km (country road)",
      "9.8 l/100km (motorway)"
    ],
    "Energy costs for 15,000 km annual mileage": "€2,802/Year",
    "Fuel price": "€1.80/l (annual average 2024)",
    "Possible CO₂ costs over the next 10 years (15,000 km/year)": [
      "€4,477 (assuming an average CO₂ price of €127/t)",
      "€2,115 (assuming a low average CO₂ price of €60/t)",
      "€7,050 (assuming a high average CO₂ price of €200/t)"
    ],
    "Vehicle tax": "€480/Year",
    "Number of Seats": "5",
    "Door Count": "4/5",
    "Transmission": "Automatic",
    "Emission Class": "Euro 6e",
    "Emissions Sticker": "4 (Green)",
    "Construction Year": "2025",
    "Number of Vehicle Owners": "0",
    "HU": "New",
    "Climatisation": "Automatic climatisation, 3 zones",
    "Parking sensors": "Front, Camera, Rear, Self-steering systems",
    "Airbags": "Front and Side and More Airbags",
    "Colour (Manufacturer)": "Saphirschwarz metallic",
    "Colour": "Black Metallic",
    "Interior Design": "Full leather, Black",
    "Cylinders": "6",
    "Energy consumption (comb.)": "10.4 l/100km",
    "CO₂ emissions (comb.)": "235 g/km"
  },
  "features": [
    "ABS",
    "Adaptive cornering lights",
    "Adaptive Cruise Control",
    "Alarm system",
    "Alloy wheels",
    "Ambient lighting",
    "Android Auto",
    "Apple CarPlay",
    "Arm rest",
    "Autom. dimming interior mirror",
    "Blind spot assist",
    "Bluetooth",
    "Cargo barrier",
    "Central locking",
    "DAB radio",
    "Digital cockpit",
    "Distance warning system",
    "Dynamic chassis control",
    "Electric seat adjustment",
    "Electric side mirror",
    "Electric tailgate",
    "Electric windows",
    "Eletric seat adjustment with memory function",
    "Emergency brake assist",
    "Emergency call system",
    "Emergency tyre repair kit",
    "ESP",
    "Folding exterior mirrors",
    "Four-wheel drive",
    "Full Service History",
    "Hands-free kit",
    "Head-up display",
    "Heated seats",
    "Heated steering wheel",
    "High beam assist",
    "Immobilizer",
    "Induction charging for smartphones",
    "Integrated music streaming",
    "Isofix",
    "Keyless central locking",
    "Lane change assist",
    "Leather steering wheel",
    "LED headlights",
    "LED running lights",
    "Light sensor",
    "Lumbar support",
    "Multifunction steering wheel",
    "Navigation system",
    "New service",
    "Non-smoker vehicle",
    "On-board computer",
    "Paddle shifters",
    "Particulate filter",
    "Power Steering",
    "Rain sensor",
    "Rear traffic alert",
    "Roof rack",
    "Sound system",
    "Speed limit control system",
    "Sport seats",
    "Sports package",
    "Sports suspension",
    "Start-stop system",
    "Summer tyres",
    "Tinted windows",
    "Touchscreen",
    "Traction control",
    "Traffic sign recognition",
    "Tuner/radio",
    "Tyre pressure monitoring",
    "USB port",
    "Voice control",
    "Warranty",
    "WLAN / Wi-Fi hotspot"
  ]
},
{
  "title": "BMW M3 Competition M xDrive Limousine DA. Prof. PA. ",
  "previewImage": "https://img.classistatic.de/api/v1/mo-prod/images/ef/efbc2541-7066-4a60-b167-872274073fea?rule=mo-1600.jpg",
  "category": "Limousine",
  "brand": "BMW",
  "model": "M3",
  "url": "https://suchen.mobile.de/fahrzeuge/details.html?id=434250695",
  "price.total.amount": 96450,
  "priceRating": {
    "rating": "Good price",
    "priceRanges": {
      "Very good price": {
        "start": 69201,
        "end": 90000
      },
      "Good price": {
        "start": 90001,
        "end": 96900
      },
      "Fair price": {
        "start": 96901,
        "end": 107800
      },
      "Increased price": {
        "start": 107801,
        "end": 115700
      },
      "High price": {
        "start": 115701,
        "end": 128600
      }
    }
  },
  "description": "Antrieb, Fahrwerk\nAdaptives M Fahrwerk\nAllrad\nM Drive Professional\nM Sportdifferenzial\nSportfahrwerk\n\nAußenausstattung\nLM-Felgen\nSonnenschutzverglasung (hinten abgedunkelt)\n\nEditionen und Pakete\nAblagenpaket\nConnected Package Professional (laufzeitgebundener Dienst)\nConnectedDrive Services (laufzeitgebundener Dienst)\nInnovations-Paket (2)\n\nExterieur\nSchiebe-/Hebedach elektrisch (Glas)\n\nFahrerassistenz\nBMW Drive Recorder (Dashcam)\nFahrassistenz-System: Driving Assistant Professional\nGesetzlicher Notruf\nHead-Up Display\nParkassistent-Paket Plus\nRückfahrkamera\nSpurverlassenswarnung\nSpurwechselwarnung\nTeleservices\n\nIndividualumfänge\nM Hochglanz Shadow Line\nM Hochglanz Shadow Line mit erweiterten Umfängen\n\nKomfort, Innenausstattung\nAbstandsregeltempomat\nAktive Sitzbelüftung vorn\nAmbiente-Beleuchtung\nAußenspiegel elektr. anklappbar\nBMW Live Cockpit Professional\nDurchladeeinrichtung (Mittelarmlehne hinten)\nDurchladesystem\nEinparkhilfe selbstlenkendes System\nFensterheber elektrisch vorn + hinten\nFensterheber, elektrisch\nFondkopfstützen klappbar\nFreisprecheinrichtung Bluetooth mit USB-/Audio-Schnittstelle\nGalvanikapplikation für Bedienelemente\nGeschwindigkeits-Regelanlage mit Bremsfunktion\nHead-up-Display Full Color\nHeckklappenbetätigung automatisch\nInduktionsladeschale für Smartphone (Wireless Charging)\nInnen- und Außenspiegelpaket\nInnenspiegel mit Abblendautomatik\nIsofix-Aufnahmen für Kindersitz\nKeyless Entry\nKlimaautomatik\nKlimaautomatik 3-Zonen mit autom. Umluft-Control\nKomfortzugang (Öffnungs- und Schließsystem)\nLeder\nLederlenkrad\nLendenwirbelstütze Sitz vorn links und rechts, elektr. verstellbar\nLenkrad (Leder) mit Multifunktion M-Technic\nLenkrad heizbar\nLicht- und Regensensor\nLordose\nLordosenstütze für Fahrer und Beifahrer\nM Sicherheitsgurte\nM Sportsitze\nMultifunktion für Lenkrad\nMultifunktionslenkrad\nRadioempfang digital (DAB+)\nScheibenwischer mit Regensensor\nService-System: Augmented Reality für Navigation\nSitze vorn elektr. verstellbar (mit Memory)\nSitzheizung für Fahrer und Beifahrer\nSitzheizung vorn\nSitzverstellung elektrisch mit Memory für Fahrersitz\nSonnenschutzverglasung\nSound-System Harman-Kardon\nSportsitze\nSpurhalteassistent\nStart/Stop-Anlage (Funktion)\nTempomat\nVerglasung Akustikglas\nZentralverriegelung\nZentralverriegelung mit Diebstahlsicherung und Crashsensor\n\nMultimedia\nBluetooth\nBMW Live Cockpit Professional (laufzeitgebundener Dienst)\nDAB Tuner\nFreisprecheinrichtung\nHarman Kardon Surround Sound System\nNavigationssystem\nRadio\nTelefon\nUSB Schnittstelle\n\nRäder\n19\"/20\" M Schmiederäder Doppelspeiche 826 M Schwarz / MB\nRadschraubensicherung\nReifenreparatur Set\n\nSicherheit/Umwelt\nAdaptives Fahrwerk M-Technic\n\nSitzbezug\nLeder Merino Schwarz/Schwarz\n\nSonstiges\nAblage für Wireless Charging\nActive Guard\nActive Protection\nAdaptiver LED-Scheinwerfer\nAktive Sitzbelüftung vorn\nAkustikverglasung\nAutomatische Heckklappenbetätigung\nBlow by-Heizer\nBMW Drive Recorder\nDekodierung Zusatzfunktionen\nDeutsch / Bordliteratur\nDeutschland-Ausfuehrung\nDriving Assistant Professional\nElektrisch verstellbare Spiegel\nEU-spezifische Zusatzumfaenge\nFahrassistenz-System: aktiver Spurhalteassistent\nFahrassistenz-System: Ampel-Erkennung\nFahrassistenz-System: Ausweich-Assistent\nFahrassistenz-System: Einparkhilfe Seite\nFahrassistenz-System: Falschfahrwarnung\nFahrassistenz-System: Frontkollisionswarnung\nFahrassistenz-System: Heckaufprall-Vermeidung (Prävention Heckkollision)\nFahrassistenz-System: Kreuzungs-Assistent\nFahrassistenz-System: Park-Assistent\nFahrassistenz-System: Querverkehrs-Assistent\nFahrassistenz-System: Rückfahr-Assistent\nFahrassistenz-System: Rückfahrhilfe Notbremsfunktion (Active PDC)\nFahrassistenz-System: Spurwechselassistent\nFahrassistenz-System: Spurwechsel-Warnsystem\nFernlichtassistent\nGeschwindigkeits-Regelanlage, Aktiv mit Stop&Go-Funktion\nGlasdach elektrisch\nInnovationspaket\nKaeltemittel\nKilometertacho\nKomfortzugang\nLenkradheizung\nM Interieurleisten Aluminium Rhombicle Anthrazit\nMetallic-Lackierung\nÖlwartungsintervall 24 Monate/30.000 km\nParking Assistant Plus\nPersonal eSIM\nReifendruckkontrollsystem\nRückfahrkamera\nRückfahrkamera (Top View)\nService-System: Remote 3D View\nSitzbezug / Polsterung: Leder Merino Schwarz\nSteuerung EfficientDynamics\nSteuerung Infotainment\nSteuerung Karosserie\nSurround-Kamerasystem (Surround View)\n\nUmwelt, Sicherheit\nAbgasnorm EU6 RDE II\nABS\nAktiver Fußgängerschutz\nAlarmanlage mit Fernbedienung\nAuto Start/Stop Funktion \nBeifahrerairbag\nBeifahrerairbag-Deaktivierung\nDiebstahlwarnanlage\nESP\nFahrassistenz-System: Fernlichtassistent\nFahrerairbag\nInnenspiegel automatisch abblendend\nKindersitzbefestigung ISOFIX\nKopfairbag\nLED-Scheinwerfer\nLichtsensor\nNotbremsassistent\nPASM\nRegensensor\nReifendruck-Kontrolle\nScheinwerfer LED mit adaptiver Lichtverteilung\nSeitenairbag\nSicherheitssystem Active Protection\nTraction Control\nWarndreieck\nIrrtümer und Zwischenverkauf vorbehalten.",
  "dealerDetails": {
    "id": 457453,
    "name": "Autohaus Unterberger GmbH",
    "sellerType": "Dealer",
    "phones": [
      "+49 (0)8031 350940158"
    ],
    "languages": [
      "Deutsch",
      "English"
    ],
    "country": "DE",
    "address": "Sepp-Heindl-Strasse 2, DE-83026 Rosenheim",
    "location": {
      "latitude": 47.8432107,
      "longitude": 12.0839006
    },
    "activeSince": "2003-01-09T00:00:00.000Z",
    "homepageUrl": "https://home.mobile.de/home/redirect.html?customerId=457453",
    "iconUrl": "https://img.classistatic.de/api/v1/mo-prod/images/4a/4a312e72-83bf-4c8e-ad5e-2e21475792dd?rule=mo-640.jpg",
    "reviewPageUrl": "https://www.mobile.de/bewertungen/UNTERBERGER-GMBH?lang=en",
    "score": {
      "total": 4.6,
      "responseTime": 4.7,
      "friendliness": 4.6,
      "advice": 4.4
    },
    "activeRatingCount": 26,
    "vehicleAsDescribedPercentage": 95,
    "recommendPercentage": 87,
    "soldVehicleCount": null,
    "reviews": []
  },
  "attributes": {
    "Vehicle condition": "Used vehicle, Accident-free",
    "Category": "Saloon, Employee's Car",
    "Model range": "G80",
    "Trim line": "M xDrive Limousine DA. Prof. PA. Plus Harman/Kardon LE…",
    "Vehicle Number": "199862",
    "Availability": "Now",
    "Origin": "German edition",
    "Mileage": "8,819 km",
    "Cubic Capacity": "2,993 ccm",
    "Power": "390 kW (530 hp)",
    "Drive type": "Internal combustion engine",
    "Fuel": "Petrol",
    "CO₂ class": "Based on CO₂ emissions (combined)",
    "Fuel consumption": [
      "10.2 l/100km (combined)",
      "15.4 l/100km (city)",
      "10.1 l/100km (suburban)",
      "8.7 l/100km (country road)",
      "9.5 l/100km (motorway)"
    ],
    "Energy costs for 15,000 km annual mileage": "€0/Year",
    "Fuel price": "€1.80/l (annual average 2024)",
    "Possible CO₂ costs over the next 10 years (15,000 km/year)": [
      "€0 (assuming an average CO₂ price of €127/t)",
      "€0 (assuming a low average CO₂ price of €60/t)",
      "€0 (assuming a high average CO₂ price of €200/t)"
    ],
    "Vehicle tax": "€460/Year",
    "Number of Seats": "5",
    "Door Count": "4/5",
    "Transmission": "Automatic",
    "Emission Class": "Euro6",
    "First Registration": "01/2025",
    "Construction Year": "2025",
    "Number of Vehicle Owners": "1",
    "HU": "New",
    "Climatisation": "Automatic climatisation, 3 zones",
    "Parking sensors": "360° camera, Rear, Front, Self-steering systems",
    "Airbags": "Front and Side and More Airbags",
    "Colour (Manufacturer)": "Skyscraper Grau",
    "Colour": "Grey Metallic",
    "Interior Design": "Full leather, Black",
    "Weight": "1,855 kg",
    "Cylinders": "6",
    "Tank capacity": "59 l",
    "Energy consumption (comb.)": "10.2 l/100km",
    "CO₂ emissions (comb.)": "230 g/km"
  },
  "features": [
    "ABS",
    "Adaptive cornering lights",
    "Adaptive Cruise Control",
    "Alarm system",
    "Alloy wheels",
    "Ambient lighting",
    "Android Auto",
    "Apple CarPlay",
    "Arm rest",
    "Autom. dimming interior mirror",
    "Blind spot assist",
    "Bluetooth",
    "CD player",
    "Central locking",
    "DAB radio",
    "Digital cockpit",
    "Distance warning system",
    "Dynamic chassis control",
    "Electric seat adjustment",
    "Electric side mirror",
    "Electric tailgate",
    "Electric windows",
    "Eletric seat adjustment with memory function",
    "Emergency brake assist",
    "Emergency call system",
    "ESP",
    "Fatigue warning system",
    "Folding exterior mirrors",
    "Four-wheel drive",
    "Full Service History",
    "Glare-free high beam headlights",
    "Hands-free kit",
    "Head-up display",
    "Heated seats",
    "Heated steering wheel",
    "High beam assist",
    "Hill-start assist",
    "Immobilizer",
    "Induction charging for smartphones",
    "Integrated music streaming",
    "Isofix",
    "Keyless central locking",
    "Lane change assist",
    "Leather steering wheel",
    "LED headlights",
    "LED running lights",
    "Light sensor",
    "Lumbar support",
    "Multifunction steering wheel",
    "Navigation preparation",
    "Navigation system",
    "On-board computer",
    "Paddle shifters",
    "Particulate filter",
    "Power Steering",
    "Rain sensor",
    "Seat ventilation",
    "Sound system",
    "Speed limit control system",
    "Sport seats",
    "Sports package",
    "Sports suspension",
    "Start-stop system",
    "Sunroof",
    "Tinted windows",
    "Touchscreen",
    "Traction control",
    "Traffic sign recognition",
    "Tuner/radio",
    "Tyre pressure monitoring",
    "USB port",
    "Voice control",
    "Warranty",
    "WLAN / Wi-Fi hotspot"
  ]
},
{
  "title": "BMW M3 Competition M xDrive Navi Leder Tempom.aktiv",
  "previewImage": "https://img.classistatic.de/api/v1/mo-prod/images/ea/ea8ffa0a-dc00-4083-aa88-9cdf9767c9f4?rule=mo-1600.jpg",
  "category": "Limousine",
  "brand": "BMW",
  "model": "M3",
  "url": "https://suchen.mobile.de/fahrzeuge/details.html?id=429485932",
  "price.total.amount": 96890,
  "priceRating": {
    "rating": "Very good price",
    "priceRanges": {
      "Very good price": {
        "start": 76401,
        "end": 99300
      },
      "Good price": {
        "start": 99301,
        "end": 106900
      },
      "Fair price": {
        "start": 106901,
        "end": 118900
      },
      "Increased price": {
        "start": 118901,
        "end": 127600
      },
      "High price": {
        "start": 127601,
        "end": 141800
      }
    }
  },
  "description": "Sonderausstattung\nS03M6 M Combound-Bremse Schwarz hochglänzend\nS04MC M Interieurleisten Carbon Fibre\nS05AC Fernlichtassistent\nS05AU Driving Assistant Professional\nS05DN Parking Assistant Plus\nS07A2 Innovationspaket\nS07ME M Driver’s Package\n\nSonderausstattung ab Werk\n\nSerienaustattung\nElektr. Sitz-Memory für Außenspiegel\nGeschwindigkeitsregelanlage\nEinparkhilfe vorne Sensor, Einparkhilfe hinten Sensor & Kamera, Einparkhilfe seitlich Sensor\nTagfahrlicht\nKopf-/Dach Airbag vorn und hinten\nFahrer-Airbag, Beifahrer-Airbag mit Deaktivierung für Beifahrerairbag\nSeiten-Airbag vorne\nArmlehne für Rücksitze\nFahrersitz Sportsitz mit sieben elektr. Verstellmöglichkeiten, Sitzheizung, Lehnenneigungsverstellung mit Memory, Längsverstellung mit Memory und Längsverstellung mit Memory 2-Wege elektrisch mit Sitzflächenneigungsverstellung mit Memory und mechanischer Oberschenkelauflage, Beifahrersitz Sportsitz mit sieben elektr. Verstellmöglichkeiten, Sitzheizung, elektrischer Lehnenneigungsverstellung, elektrischer Längsverstellung und elektrischer Höhenverstellung 2-Wege elektrisch mit elektrischer Sitzflächenneigungsverstellung und mechanischer Oberschenkelauflage\nSportfahrwerk\nAktive Radaufhängung mit wählbarer Einstellung elektronisch\nNavigationssystem mit Bedienung über Touch Screen, Datenquelle: Internet 14,90 Zoll-Bildschirm, Verkehrsinformation und Verkehrsinfo Monate inklusive: 24\nSportauspuff\nSprachbedienung herstellereigen und KI unterstützt\nTelematik mit automatischem Notruf, mit SIM im Fahrzeug, Tracking System, Concierge Service Monate inkl.: und Pannenhilfe\nKnie-Airbags Fahrer\nLokale Sprache Deutsch, BMW, 3er-Reihe, M3 Competition M xDrive A, M3 Competition und M3 Competition M xDrive A\nCrash Warnsystem aktiviert Bremslicht, automatische Notbremsung, Bremst bei niedriger Geschwindigkeit Mindestgeschw. Zur Aktivierung: 5 km/h Fußgängerschutz, visuelle/akustische Warnung, Funktion über 130 km/h 78 mph, Funktion über 50 km/h 30 mph, Funktion unter 50 km/h 30 mph und Überwachung Fahrstil\nBluetooth\nStart/Stop\nSpurassistent aktiviert Lenkung\nSichtschutzglas hinten und Seite hinten\nEinparkassistent hinten und vollautomatisches Ein- und Ausparken 90°\nDisplay mit 12,30 Zoll Bildschirm Kombiinstrument 1, Bildschirmgröße (cm):, Wahlrad und beinhaltet Augmented Reality, Display mit 14,90 Zoll Bildschirm und Touch-Bedienung Armaturenbrett 1, Bildschirmgröße (cm):, fix, Drehknopf, Touchpadsteuerung, nein, beinhaltet Augmented Reality und\nEnergie Rückgewinnung\nParkplatzinformation\nVerkehrszeichenerkennung\nAktives Differenzial Hinten\nInterner Speicher/Festplatte 320,00 GB\nFahrereinstellungen Motorcharakteristik, Lenkung und Fahrwerk\nWifi Netzwerk Anzahl Monate Vertrag inkl.: 999 und Verbindungsart: SIM-Karte erforderlich\nFernbedienung Klimaanlage per Internet, per Telefon, mit Zeitschaltuhr, mit Heizen und mit Kühlen\nKabelloses Ladekissen\nInstallierte Apps\nApp-Steuerung\n7 Airbags\nGarantie Antrieb - OEM Dauer (Monate) 36 und Gesamtfahrleistung (km) 9.999.999\nMobiltelefonintegration Apple CarPlay, Android Auto, Apple Monate inklusive: 999, Android Monate inklusive: 999, MirrorLink Monate inklusive: 0, Apple drahtlos und Android drahtlos\nAmbientelicht einhüllend, Farbauswahl und reaktives Licht\nWLTP Emissionen ICE, kombiniert: 228,0, kombiniert Fzg niedrig: 227,0 und kombiniert Fzg hoch: 230,0\nElektrisches System 12\nTorque vectoring Differential\nRemote Services Fensterbruchwarnung, Fahrzeug finden, Ton/Blinken, 999 Monate inklusive, Zielübertragung, Position teilen, Fahrzeugdiagnose und Fahrhistorie & Analyse\nOver air updates OTA updates\nAlkoholsperre\nUnfalldatenschreiber\nNotruf\nLaunch Control\nOptik Schwarz um Seitenfenster\nUSB Ladeanschluss vorne\nFarbige Gurte\nTürschwellerschutz Aluminium\nCarbondach\nMehrere Benutzerprofile\nIntegrierte Infotainmentnutzeroberfläche 24 Monate inkl.\nHersteller Datenverbindung\nGSR2 konform\n\n\n\n\nIrrtümer und Zwischenverkauf vorbehalten.\n\n(MOJS 23.08.2025 00.30)",
  "dealerDetails": {
    "id": 455002,
    "name": "Auto-Zentrum Bernhard Ernst GmbH & Co. KG",
    "sellerType": "Dealer",
    "phones": [
      "+49 (0)2302 289451089"
    ],
    "languages": [
      "Deutsch",
      "English",
      "Türkçe"
    ],
    "country": "DE",
    "address": "Crengeldanzstrasse 83, DE-58455 Witten",
    "location": {
      "latitude": 51.4506757,
      "longitude": 7.3252466
    },
    "activeSince": "2002-08-28T00:00:00.000Z",
    "homepageUrl": "https://home.mobile.de/home/redirect.html?customerId=455002",
    "iconUrl": "https://img.classistatic.de/api/v1/mo-prod/images/4a/4ae17180-5b50-426f-9340-68742aa9d0c0?rule=mo-640.jpg",
    "reviewPageUrl": "https://www.mobile.de/bewertungen/AZ-WITTEN?lang=en",
    "score": {
      "total": 4.7,
      "responseTime": 4.6,
      "friendliness": 4.7,
      "advice": 4.7
    },
    "activeRatingCount": 22,
    "vehicleAsDescribedPercentage": 94,
    "recommendPercentage": 94,
    "soldVehicleCount": null,
    "reviews": []
  },
  "attributes": {
    "Vehicle condition": "Used vehicle, Accident-free",
    "Category": "Saloon, Demonstration Vehicle",
    "Model range": "G80",
    "Trim line": "M3",
    "Vehicle Number": "3017818",
    "Availability": "Now",
    "Origin": "German edition",
    "Mileage": "1,110 km",
    "Cubic Capacity": "2,993 ccm",
    "Power": "390 kW (530 hp)",
    "Drive type": "Internal combustion engine",
    "Fuel": "Petrol, E10-enabled",
    "CO₂ class": "Based on CO₂ emissions (combined)",
    "Fuel consumption": [
      "10.1 l/100km (combined)",
      "15.3 l/100km (city)",
      "8.7 l/100km (country road)"
    ],
    "Energy costs for 15,000 km annual mileage": "€2,721/Year",
    "Fuel price": "€1.80/l (annual average 2025)",
    "Vehicle tax": "€456/Year",
    "Number of Seats": "5",
    "Door Count": "4/5",
    "Transmission": "Automatic",
    "Emission Class": "Euro6d",
    "Emissions Sticker": "4 (Green)",
    "First Registration": "07/2025",
    "Number of Vehicle Owners": "1",
    "HU": "07/2028",
    "Climatisation": "Automatic climatisation, 3 zones",
    "Parking sensors": "360° camera, Rear, Front, Self-steering systems",
    "Airbags": "Front and Side and More Airbags",
    "Colour (Manufacturer)": "Saphirschwarz Metallic",
    "Colour": "Black",
    "Interior Design": "Full leather, Black",
    "Weight": "1,855 kg",
    "Cylinders": "6",
    "Tank capacity": "59 l",
    "Energy consumption (comb.)": "10.1 l/100km",
    "CO₂ emissions (comb.)": "229 g/km"
  },
  "features": [
    "ABS",
    "Adaptive cornering lights",
    "Adaptive Cruise Control",
    "Alarm system",
    "Alloy wheels",
    "Ambient lighting",
    "Android Auto",
    "Apple CarPlay",
    "Arm rest",
    "Autom. dimming interior mirror",
    "Blind spot assist",
    "Bluetooth",
    "Central locking",
    "DAB radio",
    "Digital cockpit",
    "Distance warning system",
    "Dynamic chassis control",
    "Electric seat adjustment",
    "Electric side mirror",
    "Electric tailgate",
    "Electric windows",
    "Emergency brake assist",
    "Emergency call system",
    "ESP",
    "Fatigue warning system",
    "Folding exterior mirrors",
    "Four-wheel drive",
    "Full Service History",
    "Glare-free high beam headlights",
    "Hands-free kit",
    "Head-up display",
    "Heated seats",
    "High beam assist",
    "Hill-start assist",
    "Immobilizer",
    "Isofix",
    "Keyless central locking",
    "Lane change assist",
    "Leather steering wheel",
    "LED headlights",
    "LED running lights",
    "Light sensor",
    "Lumbar support",
    "Multifunction steering wheel",
    "Navigation system",
    "Non-smoker vehicle",
    "On-board computer",
    "Paddle shifters",
    "Power Steering",
    "Rain sensor",
    "Rear traffic alert",
    "Sound system",
    "Speed limit control system",
    "Sport seats",
    "Sports suspension",
    "Start-stop system",
    "Tinted windows",
    "Touchscreen",
    "Traction control",
    "Traffic sign recognition",
    "Tuner/radio",
    "Tyre pressure monitoring",
    "USB port",
    "Voice control",
    "WLAN / Wi-Fi hotspot"
  ]
},
{
  "title": "BMW M3 Touring M xDrive DAPro/ Drivers Pack/Carbon E",
  "previewImage": "https://img.classistatic.de/api/v1/mo-prod/images/a7/a7af0749-1dec-40e0-a42e-50cedd60b8c9?rule=mo-1600.jpg",
  "category": "EstateCar",
  "brand": "BMW",
  "model": "M3",
  "url": "https://suchen.mobile.de/fahrzeuge/details.html?id=428208209",
  "price.total.amount": 96990,
  "priceRating": {
    "rating": "Good price",
    "priceRanges": {
      "Very good price": {
        "start": 73501,
        "end": 95600
      },
      "Good price": {
        "start": 95601,
        "end": 102900
      },
      "Fair price": {
        "start": 102901,
        "end": 114500
      },
      "Increased price": {
        "start": 114501,
        "end": 122900
      },
      "High price": {
        "start": 122901,
        "end": 136500
      }
    }
  },
  "description": "Antrieb, Fahrwerk\nAdaptives M Fahrwerk\nAllrad\nM Sportdifferential\n\nEditionen und Pakete\nAblagenpaket\nConnectedDrive Services\nConnectedPackage Professional\nExterieur-Paket M Carbon\nGepäckraum-Paket\nM Driver´s Package\n\nExterieur\nDach und Spiegelkappen schwarz\n\nFahrerassistenz\nFahrassistenz-System: Driving Assistant Professional\nGesetzlicher Notruf\nParkassistent-Paket Plus\nTeleServices\n\nIndividualumfänge\nBMW Individual Dachreling Hochglanz Shadow Line\nBMW Individual Hochglanz Shadow Line mit erweiterten Umfängen\nDachhimmel Individual anthrazit\nHochglanz Shadow Line\n\nKomfort, Innenausstattung\nFondkopfstützen klappbar\nGalvanikapplikation für Bedienelemente\nInnen- und Aussenspiegel automatisch abblendend\nInnenausstattung: Interieurleisten Carbon\nKlimaautomatic\nKomfortzugang (Öffnungs- und Schließsystem)\nLenkrad heizbar\nLordosenstuetze fuer Fahrer und Beifahrer\nM Sicherheitsgurte\nM Sportsitze\nSitzheizung fuer Fahrer und Beifahrer\nSitzverstellung, elektrisch mit Memory\nSonnenschutzverglasung\n\nMultimedia\nBMW Live Cockpit Professional\nDAB Tuner\nHarman Kardon Surround Sound System\n\nRäder\nRadschraubensicherung\n\nSicherheit/Umwelt\nAntriebsart: Allradantrieb\nAntriebsart: xDrive (Allrad)\nOtto-Partikelfilter (OPF)\n\nSitzbezug\nLEDER MERINO/SILVERSTONE\n\nSonstiges\nAblage für Wireless Charging \nActive Guard\nBlow by-Heizer\nBremsanlage: Compound - M Bremssystem (Bremssättel Schwarz)\nCompetition\nDekodierung Zusatzfunktionen\nDeutsch / Bordliteratur\nDeutschland-Ausfuehrung\nEU-spezifische Zusatzumfaenge\nFzg. ohne Modell-Schriftzug\nGetriebe Automatik - mit Steptronic und Drivelogic (8-Stufen)\ninterne Steuerung\nKältemittel\nKarosserie: 5-türig\nKilometertacho\nLM-Felgen vorn/hinten: 9,5x19 / 10,5x20 (Doppelspeiche 825 M, geschmiedet)\nM Drive Professional\nMetallic-Lackierung\nModellpflege\nMotor 3,0 Ltr. - 390 kW 24V\nMotor 3,0 Ltr. - 390 kW 24V TwinPower Turbo (S58)\nÖlwartungsintervall 24 Monate/30.000 km\nPersonal eSIM \nReifenreparatur-Set\nSchadstoffarm nach Abgasnorm Euro 6e\nScheinwerfer BMW Individual Shadow-Line\nSitzbezug / Polsterung: Leder Merino Silverstone / Schwarz\nSteuerung Infotainment\nSteuerung Karosserie\nUltimate-Paket\n\nUmwelt, Sicherheit\nAbgasnorm EU6 RDE II\nAktiver Fussgängerschutz\nAlarmanlage\nBeifahrerairbag-Deaktivierung\nFahrassistenz-System: Fernlichtassistent\nInnenspiegel, automatisch abblendend\nReifen Druck Control\nScheinwerfer LED mit adaptiver Lichtverteilung\nWarndreieck\nIrrtümer und Zwischenverkauf vorbehalten.",
  "dealerDetails": {
    "id": 33528489,
    "name": "Autohaus Becker-Tiemann Schaumburg GmbH & Co. KG",
    "sellerType": "Dealer",
    "phones": [
      "+49 (0)5151 996985950"
    ],
    "languages": [
      "Deutsch"
    ],
    "country": "DE",
    "address": "Ohsener Str. 74-80, DE-31789 Hameln",
    "location": {
      "latitude": 52.0959501,
      "longitude": 9.3691129
    },
    "activeSince": "2007-04-20T00:00:00.000Z",
    "homepageUrl": "https://home.mobile.de/home/redirect.html?customerId=33528489",
    "iconUrl": null,
    "reviewPageUrl": "https://www.mobile.de/bewertungen/AUTOHAUSBECKERTIEMANNSCHAUMBURGGMBHCOKGHAMELN?lang=en",
    "score": {
      "total": 4.1,
      "responseTime": 4.1,
      "friendliness": 4.2,
      "advice": 3.8
    },
    "activeRatingCount": 34,
    "vehicleAsDescribedPercentage": 100,
    "recommendPercentage": 76,
    "soldVehicleCount": null,
    "reviews": []
  },
  "attributes": {
    "Vehicle condition": "Used vehicle, Accident-free",
    "Category": "Estate car, Demonstration Vehicle",
    "Model range": "G81",
    "Trim line": " M xDrive DAPro/ Drivers Pack/Carbon Ext.",
    "Vehicle Number": "FU16843",
    "Availability": "Now",
    "Mileage": "3,000 km",
    "Cubic Capacity": "2,993 ccm",
    "Power": "390 kW (530 hp)",
    "Drive type": "Internal combustion engine",
    "Fuel": "Petrol, E10-enabled",
    "CO₂ class": "Based on CO₂ emissions (combined)",
    "Fuel consumption": [
      "10.4 l/100km (combined)",
      "15.8 l/100km (city)",
      "10.3 l/100km (suburban)",
      "8.8 l/100km (country road)",
      "9.8 l/100km (motorway)"
    ],
    "Energy costs for 15,000 km annual mileage": "€2,802/Year",
    "Fuel price": "€1.80/l (annual average 2024)",
    "Possible CO₂ costs over the next 10 years (15,000 km/year)": [
      "€4,477 (assuming an average CO₂ price of €127/t)",
      "€2,115 (assuming a low average CO₂ price of €60/t)",
      "€7,050 (assuming a high average CO₂ price of €200/t)"
    ],
    "Vehicle tax": "€480/Year",
    "Number of Seats": "5",
    "Door Count": "4/5",
    "Transmission": "Automatic",
    "Emission Class": "Euro6",
    "First Registration": "04/2025",
    "Construction Year": "2024",
    "Number of Vehicle Owners": "1",
    "HU": "06/2027",
    "Climatisation": "Automatic air conditioning",
    "Parking sensors": "Front, Self-steering systems, Rear",
    "Airbags": "Front Airbags",
    "Colour (Manufacturer)": "BLACK SAPPHIRE METALLIC",
    "Colour": "Black Metallic",
    "Interior Design": "Full leather, Black",
    "Weight": "1,940 kg",
    "Tank capacity": "59 l",
    "Energy consumption (comb.)": "10.4 l/100km",
    "CO₂ emissions (comb.)": "235 g/km"
  },
  "features": [
    "ABS",
    "Adaptive lighting",
    "Alarm system",
    "Alloy wheels",
    "Autom. dimming interior mirror",
    "Bluetooth",
    "Central locking",
    "DAB radio",
    "Digital cockpit",
    "Electric seat adjustment",
    "Electric windows",
    "Emergency call system",
    "ESP",
    "Four-wheel drive",
    "Glare-free high beam headlights",
    "Hands-free kit",
    "Heated seats",
    "Heated steering wheel",
    "High beam assist",
    "Hill-start assist",
    "Immobilizer",
    "Induction charging for smartphones",
    "Isofix",
    "Keyless central locking",
    "LED headlights",
    "LED running lights",
    "Light sensor",
    "Lumbar support",
    "Multifunction steering wheel",
    "Navigation system",
    "On-board computer",
    "Particulate filter",
    "Power Steering",
    "Rain sensor",
    "Roof rack",
    "Sound system",
    "Sport seats",
    "Sports package",
    "Sports suspension",
    "Start-stop system",
    "Tinted windows",
    "Touchscreen",
    "Traction control",
    "Tuner/radio",
    "Tyre pressure monitoring",
    "Voice control"
  ]
},
{
  "title": "BMW M3 Competition Lim. xDrive",
  "previewImage": "https://img.classistatic.de/api/v1/mo-prod/images/5d/5daca601-2729-4f3d-944c-bd4aab841b58?rule=mo-1600.jpg",
  "category": "Limousine",
  "brand": "BMW",
  "model": "M3",
  "url": "https://suchen.mobile.de/fahrzeuge/details.html?id=434386905",
  "price.total.amount": 96998.99,
  "priceRating": {
    "rating": "Good price",
    "priceRanges": {
      "Very good price": {
        "start": 71001,
        "end": 92300
      },
      "Good price": {
        "start": 92301,
        "end": 99400
      },
      "Fair price": {
        "start": 99401,
        "end": 110500
      },
      "Increased price": {
        "start": 110501,
        "end": 118600
      },
      "High price": {
        "start": 118601,
        "end": 131800
      }
    }
  },
  "description": "Fahrzeugnummer: man-180500\nSie erreichen uns direkt unter der Telefonnummer +49921959239004. \nFahrzeug wird als Vorführwagen angeboten.\n-Zulassung ab März 2026\n-Danach Nutzung 6 Monate / 18.000 KM\n-Anschließend Ummeldung und Auslieferung\n-Fahrzeug wird erst nach Kundenauftrag bestellt oder zugelassen \nNO EXPORT !\nKEIN VERKAUF AN HÄNDLER !\nNUR FÜR DEN DEUTSCHEN MARKT !\nHIGHLIGHTS & PAKETE\nSportpaket\nOptikpaket schwarz\n\n\nASSISTENZSYSTEME\nSpurwechselassistent\nParkhilfe(PDC) vorne + hinten\nAbstandstempomat\nSpurassistent\nVerkehrszeichenerkennung\nEinparkassistent\nNotbremsassistent\nRegensensor\nMüdigkeitswarnsystem\n360 Grad Kamera\nAbstandwarner\nTempomat\nStabilitätsprogramm (ESP)\nABS\nLichtsensor\nRückfahrkamera\n\nMOTOR GETRIEBE & FAHRWERK\nAutomatik\nSportfahrwerk\nTraktionskontrolle\nAllrad\n\nAUDIO & KOMMUNIKATION\nNavigation\nBluetooth(f. Handy)\nSprachsteuerung\nTouchscreen\nMusikstreaming\nAndroid Auto\nApple CarPlay\nBordcomputer\n\nINTERIEUR\nLederausstattung\nKlimaautomatik\nSportsitze\nHeadUp-Display\nel. Fensterheber vorne+hinten\nVirtualCockpit\nUhr&Drehzahlmesser\nSportlenkrad mit Schaltwippen&Uhr\nLenkradheizung\nUSB\nAmbientelicht\nInduktion\nFahrersitz höhenverstellbar\nRücksitzbank geteilt klappbar\nKopfairbag\nLordosenstütze\nIsoFix\nSitzheizung\nel. Sitzverstellung\nSeitenairbags\nFrontairbag\nNichtraucher\nMultifunktionslenkrad\nLederlenkrad\nMittelarmlehne\nMemorysitze (Fahrer)\n\nLICHT & SICHT\nLED-Scheinwerfer\nSpiegel autom. abblendend\nAdaptives Kurvenlicht\n\nRÄDER\nSommerreifen\nLeichtmetallfelgen\nReifendruckkontrolle\n\nTECHNIK & SICHERHEIT\nKeyless Entry (Open&Start)\nZentralverriegelung\nNotrufsystem\nAlarmanlage\nServolenkung\nBerganfahrhilfe\nelektr. Parkbremse\nWegfahrsperre\n\nEXTERIEUR\nAussenspiegel elektr. anklappbar\nAussenspiegel el. verstellbar und beheizbar\nAussenspiegel el. verstellbar\nSportabgasanlage\nPrivacy Verglasung\nbeheizte Aussenspiegel\nmetallic\nSonnenschutzverglasung\n\nSONSTIGE AUSSTATTUNGEN\nScheckheftgepflegt \nSie erreichen uns direkt unter der Telefonnummer +49921959239004. \n\nIhr Wunschfahrzeug konfigurieren wir Ihnen gerne im persönlichen Gespräch zu TOP-KONDITIONEN ! Bitte sprechen Sie uns an. \n\nIrrtum und Zwischenverkauf vorbehalten",
  "dealerDetails": {
    "id": 38944411,
    "name": "Autohaus Rhein Bayreuth, Zweigniederlassung der Autohaus Heermann und Rhein GmbH",
    "sellerType": "Dealer",
    "phones": [
      "+49 (0)921 5303033921"
    ],
    "languages": [
      "Deutsch"
    ],
    "country": "DE",
    "address": "Justus-Liebig-Straße 41, DE-95447 Bayreuth",
    "location": {
      "latitude": 49.9331127,
      "longitude": 11.563088
    },
    "activeSince": "2025-04-11T00:00:00.000Z",
    "homepageUrl": "https://home.mobile.de/home/redirect.html?customerId=38944411",
    "iconUrl": null,
    "reviewPageUrl": "https://www.mobile.de/bewertungen/AutohausRheinBayreuthZweigniederlassungderAutohausHeermannundRhe?lang=en",
    "score": {
      "total": 3.7,
      "responseTime": 4,
      "friendliness": 4,
      "advice": 3
    },
    "activeRatingCount": 1,
    "vehicleAsDescribedPercentage": null,
    "recommendPercentage": null,
    "soldVehicleCount": null,
    "reviews": []
  },
  "attributes": {
    "Vehicle condition": "Used vehicle, Accident-free",
    "Category": "Saloon, Demonstration Vehicle",
    "Model range": "G81",
    "Availability": "Now",
    "Origin": "German edition",
    "Mileage": "18,000 km",
    "Cubic Capacity": "2,993 ccm",
    "Power": "390 kW (530 hp)",
    "Drive type": "Internal combustion engine",
    "Fuel": "Petrol",
    "CO₂ class": "Based on CO₂ emissions (combined)",
    "Fuel consumption": [
      "10.1 l/100km (combined)",
      "15.3 l/100km (city)",
      "10.1 l/100km (suburban)",
      "8.7 l/100km (country road)",
      "9.5 l/100km (motorway)"
    ],
    "Energy costs for 15,000 km annual mileage": "€2,365/Year",
    "Fuel price": "€1.80/l (annual average 2025)",
    "Possible CO₂ costs over the next 10 years (15,000 km/year)": [
      "€4,362 (assuming an average CO₂ price of €127/t)",
      "€2,061 (assuming a low average CO₂ price of €60/t)",
      "€6,870 (assuming a high average CO₂ price of €200/t)"
    ],
    "Vehicle tax": "€456/Year",
    "Number of Seats": "5",
    "Door Count": "4/5",
    "Transmission": "Automatic",
    "Emissions Sticker": "4 (Green)",
    "First Registration": "08/2025",
    "Number of Vehicle Owners": "1",
    "Climatisation": "Automatic climatisation, 3 zones",
    "Parking sensors": "Front, Rear, Self-steering systems, 360° camera",
    "Airbags": "Front and Side and More Airbags",
    "Colour (Manufacturer)": "Frozen Pure Grey",
    "Colour": "Grey Metallic Matte",
    "Interior Design": "Full leather, Brown",
    "Cylinders": "6",
    "Energy consumption (comb.)": "10.1 l/100km",
    "CO₂ emissions (comb.)": "229 g/km"
  },
  "features": [
    "ABS",
    "Adaptive cornering lights",
    "Adaptive Cruise Control",
    "Alarm system",
    "Alloy wheels",
    "Ambient lighting",
    "Android Auto",
    "Apple CarPlay",
    "Arm rest",
    "Autom. dimming interior mirror",
    "Blind spot assist",
    "Bluetooth",
    "Central locking",
    "DAB radio",
    "Digital cockpit",
    "Distance warning system",
    "Dynamic chassis control",
    "Electric seat adjustment",
    "Electric side mirror",
    "Electric tailgate",
    "Electric windows",
    "Eletric seat adjustment with memory function",
    "Emergency brake assist",
    "Emergency call system",
    "ESP",
    "Fatigue warning system",
    "Folding exterior mirrors",
    "Four-wheel drive",
    "Full Service History",
    "Hands-free kit",
    "Head-up display",
    "Heated seats",
    "Heated steering wheel",
    "High beam assist",
    "Hill-start assist",
    "Immobilizer",
    "Induction charging for smartphones",
    "Integrated music streaming",
    "Isofix",
    "Keyless central locking",
    "Lane change assist",
    "Leather steering wheel",
    "LED headlights",
    "LED running lights",
    "Light sensor",
    "Lumbar support",
    "Multifunction steering wheel",
    "Navigation system",
    "Non-smoker vehicle",
    "On-board computer",
    "Paddle shifters",
    "Power Steering",
    "Rain sensor",
    "Speed limit control system",
    "Sport seats",
    "Sports package",
    "Sports suspension",
    "Summer tyres",
    "Tinted windows",
    "Touchscreen",
    "Traction control",
    "Traffic sign recognition",
    "Tuner/radio",
    "Tyre pressure monitoring",
    "USB port",
    "Voice control",
    "Warranty"
  ]
},
{
  "title": "BMW M3 xDr. Comp Individual FrozenWhite Sitzlüft ACC",
  "previewImage": "https://img.classistatic.de/api/v1/mo-prod/images/8e/8ed0caee-30be-457f-a208-becb23ed2fde?rule=mo-1600.jpg",
  "category": "Limousine",
  "brand": "BMW",
  "model": "M3",
  "url": "https://suchen.mobile.de/fahrzeuge/details.html?id=430344647",
  "price.total.amount": 97489,
  "priceRating": {
    "rating": "Good price",
    "priceRanges": {
      "Very good price": {
        "start": 72701,
        "end": 94500
      },
      "Good price": {
        "start": 94501,
        "end": 101800
      },
      "Fair price": {
        "start": 101801,
        "end": 113300
      },
      "Increased price": {
        "start": 113301,
        "end": 121600
      },
      "High price": {
        "start": 121601,
        "end": 135100
      }
    }
  },
  "description": "+WILLKOMMEN BEIM AUTOHAUS BAYERNCAR KÖNIGSBRUNN ...kaufen mit gutem Gefühl! ++ALLE FAHRZEUGE optional DEKRA geprüft !++Zwischenverkauf, Änderungen und Irrtümer vorbehalten ++WE ALSO SALE WITHOUT VAT FOR EXPORT-JUST ASK US!++ \nDeutschlandweite Zustellungen möglich!!!\n\nUnsere Serviceleistungen:\n- Allianz Automotive Garantie Erweiterung (optional)\n- Finanzierung über die BMW Premium Financial oder die Credit Plus Bank\nAb sofort sind wir über WhatsApp erreichbar.\nWhatsApp-/FaceTime Kontakt: +49-171 19 021 90\n\n++ BMW M3 Competition xDrive Limousine ++\nRepair inclusive 3Jahre/200.000km\nFarbe: 0X16 Frozen Brillant White\nPolster: ZAEW Individual erweitertes Leder Elfenbeinweiss\n\nSonderausstattung:\n\n01MB M DRIVE PROFESSIONAL\n01U0 BMW LM Rad 826M JB\n0248 Lenkradheizung\n02PA Radschraubensicherung\n02T4 M Sportdifferenzial\n02VB Reifendruckanzeige\n02VC Reifenreparatur-Set\n02VF Adaptives M Fahrwerk\n0302 Alarmanlage\n0316 Automatische Heckklappenbetätigung\n0322 Komfortzugang\n03M5 M COMPOUND-BREMSE, ROT HOCHGLAENZ.\n0420 Abgedunkelte Verglasung\n0428 Warndreieck und Verbandstasche\n0430 Innen-/Aussensp. mit Abblendautomatik\n0431 Innenspiegel automatisch abblendend\n0453 Klimatisierte Sitze vorne\n0459 Sitzverstellung elektrisch mit Memory\n0488 Lordosenstütze Fahrer u. Beifahrer\n0493 Ablagenpaket\n0494 Sitzheizung Fahrer/Beifahrer\n04GQ M Sicherheitsgurte\n04MC Interieurleisten Carbon Fibre\n04NE Blow-by-Heizer\n04U0 Galvanikapplikation Bedienelemente\n0534 Klimaautomatik\n0548 Kilometertacho\n0552 Adaptiver LED-Scheinwerfer\n05AC Fernlichtassistent\n05AU Driving Assistant Professional\n05AV Active Guard\n05DA Deaktivierung Airbag Beifahrer\n05DC Kopfstützen im Fond klappbar\n05DN Parkassistenzsystem Plus\n0654 DAB-Tuner\n0688 Harman/Kardon Surround Sound System\n06AE Teleservices\n06AF Gesetzlicher Notruf\n06AK Connected Drive Services\n06C4 Connected Package Professional\n06NX Storage tray wireless charging\n06PA Personal eSIM\n06U3 BMW Live Cockpit Professional\n06VB Steuerung Infotainment\n0712 M Sportsitz\n0760 Hochglanz Shadow-Line\n0775 Dachhimmel anthrazit\n07A2 Innovationspaket II\n07M9 M Shadow Line mit erweitertem Umfang \n\nSerien-Ausstattung:\nAblage-Paket\nAdaptives Fahrwerk M-Technic\nAirbag Fahrer-/Beifahrerseite\nAktives M Differential\nAlarmanlage\nAmbiente-Beleuchtung\nAnhänger-Stabilisierungs-Programm (ASL)\nAnti-Blockier-System (ABS)\nAntriebsart: Allradantrieb\nAusstattungs-Paket: Connected Professional\nAutomatische Stabilitäts-Control (ASC)\nAußenausstattung: Shadow-Line Hochglanz (erweiterter Umfang)\nBedienelemente galvanisiert\nBlinkleuchte in Außenspiegel integriert\nBMW Live Cockpit Professional\nService-System: WiFi-Direct\nHead-up-Display Full Color\nBMW Curved Display\nControl-Display mit Farbmonitor (14,9 Zoll)\nAugmented Reality für Navigation\nDachhimmel Anthrazit (BMW Individual)\nDiebstahl-Warnanlage\nDurchladeeinrichtung (Mittelarmlehne hinten)\nDynamische Stabilitäts-Control (DSC) mit erweiterter Umfang\nEinstiegsleisten mit Einleger in Aluminium mit Schriftzug M\nActive Guard (Bremsassistent)\nFreisprecheinrichtung Bluetooth mit USB-/Audio-Schnittstelle\nGeschwindigkeits-Begrenzeranlage (Speed Limit Device)\nGetränkehalter\nHeckleuchten LED\nInduktionsladeschale für Smartphone (Wireless Charging)\nInnenspiegel mit Abblendautomatik\nKennzeichenbeleuchtung LED\nKlimaautomatik 3-Zonen mit autom. Umluft-Control\nKopf-Airbag-System hinten\nKopf-Airbag-System vorn\nKopfstützen hinten klappbar\nLeichtbaudach (kohlefaserverstärkter Kunststoff, CFK)\nLendenwirbelstütze Sitz vorn links und rechts, elektr. verstellbar\nLenkrad (Leder) mit Multifunktion M-Technic\nLicht- und Regensensor\nM Drive Professional (Fahrprofilauswahl)\nRadioempfang digital (DAB+)\nReifen-Reparaturset (Mobility-Pack)\nReifendruck-Kontrollsystem\nScheinwerfer LED\nSitze vorn elektr. verstellbar (mit Memory)\nSitzheizung vorn\nSonnenschutzverglasung (hinten abgedunkelt)\nSpiegel-Paket\nAußenspiegel elektr. anklappbar\nSportdifferential\nSportsitze vorn (M-Technic)\nWärme-/Sonnenschutzverglasung\nZentralverriegelung mit Diebstahlsicherung und Crashsensor\n\n\nEin Angebot von BMW Premium Finacial:\nLaufzeit: 60 Monate\nAnzahlung: 19.498,00 €\neffekt. Jahreszins: 6,99 %\nSchlussrate: 49.720,00 €\nNettokreditbetrag: 77.992,00 €\nBruttokreditbetrag: 91.036,00 €\nAbschlussgebühr: 0,00 €\nRatensicherung: 0,00 €\nSollzinssatz: 6,78 %\n\nmonatl. Rate: 1.181,00 €\nWir bieten unsere Fahrzeuge bereits kurz nach Kauf und ohne Bilder an. Sobald diese bei uns eingetroffen sind werden Bilder eingestellt.\nMit einer Bestellung versenden wir nochmal eine detaillierte Aufstellung der kompletten Fahrzeugausstattung. Wir bitten diese vor Vertragsabschluß sorgfältig zu lesen, da Fehler\nim Inserat vorbehaltlich sind und Irrtümer nicht ausgeschlossen werden können.",
  "dealerDetails": {
    "id": 451587,
    "name": "BayernCar GmbH",
    "sellerType": "Dealer",
    "phones": [
      "+49 (0)8231 926996852"
    ],
    "messengers": {
      "WHATS_APP": "+49 (0)171 1902190"
    },
    "languages": [
      "Deutsch",
      "English"
    ],
    "country": "DE",
    "address": "Dornierstraße 10, DE-86343 Königsbrunn",
    "location": {
      "latitude": 48.2539715,
      "longitude": 10.8711669
    },
    "activeSince": "2005-10-17T00:00:00.000Z",
    "homepageUrl": "https://home.mobile.de/home/redirect.html?customerId=451587",
    "iconUrl": "https://img.classistatic.de/api/v1/mo-prod/images/f7/f73f1ae9-a818-4727-830b-e5061e043ce7?rule=mo-640.jpg",
    "reviewPageUrl": "https://www.mobile.de/bewertungen/BAYERN-CAR?lang=en",
    "score": {
      "total": 4.6,
      "responseTime": 4.6,
      "friendliness": 4.7,
      "advice": 4.5
    },
    "activeRatingCount": 47,
    "vehicleAsDescribedPercentage": 94,
    "recommendPercentage": 94,
    "soldVehicleCount": null,
    "reviews": []
  },
  "attributes": {
    "Vehicle condition": "Used vehicle, Accident-free",
    "Category": "Saloon, Demonstration Vehicle",
    "Model range": "Baureihe M3 Lim. (G80N)(07.2024->)",
    "Trim line": "xDrive Competition M",
    "Vehicle Number": "25-89574",
    "Availability": "Now",
    "Mileage": "4,149 km",
    "Cubic Capacity": "2,993 ccm",
    "Power": "390 kW (530 hp)",
    "Drive type": "Internal combustion engine",
    "Fuel": "Petrol",
    "CO₂ class": "Based on CO₂ emissions (combined)",
    "Fuel consumption": [
      "10.1 l/100km (combined)"
    ],
    "Energy costs for 15,000 km annual mileage": "€2,802/Year",
    "Fuel price": "€1.85/l (annual average 2024)",
    "Possible CO₂ costs over the next 10 years (15,000 km/year)": [
      "€3,933 (assuming an average CO₂ price of €115/t)",
      "€1,710 (assuming a low average CO₂ price of €50/t)",
      "€6,498 (assuming a high average CO₂ price of €190/t)"
    ],
    "Number of Seats": "5",
    "Door Count": "4/5",
    "Transmission": "Automatic",
    "Emission Class": "Euro6",
    "Emissions Sticker": "4 (Green)",
    "First Registration": "03/2025",
    "Number of Vehicle Owners": "1",
    "HU": "03/2028",
    "Climatisation": "Automatic climatisation, 3 zones",
    "Parking sensors": "360° camera, Front, Self-steering systems, Rear",
    "Airbags": "Front and Side and More Airbags",
    "Colour (Manufacturer)": "FROZEN BRILLIANT WHITE ",
    "Colour": "White Matte",
    "Interior Design": "Full leather, Black",
    "Weight": "1,855 kg",
    "Cylinders": "6",
    "Energy consumption (comb.)": "10.1 l/100km",
    "CO₂ emissions (comb.)": "228 g/km"
  },
  "features": [
    "ABS",
    "Adaptive cornering lights",
    "Adaptive Cruise Control",
    "Alarm system",
    "Alloy wheels",
    "Ambient lighting",
    "Android Auto",
    "Apple CarPlay",
    "Arm rest",
    "Autom. dimming interior mirror",
    "Blind spot assist",
    "Bluetooth",
    "Cargo barrier",
    "Central locking",
    "DAB radio",
    "Digital cockpit",
    "Distance warning system",
    "Dynamic chassis control",
    "Electric seat adjustment",
    "Electric side mirror",
    "Electric tailgate",
    "Electric windows",
    "Eletric seat adjustment with memory function",
    "Emergency brake assist",
    "Emergency call system",
    "ESP",
    "Fatigue warning system",
    "Folding exterior mirrors",
    "Four-wheel drive",
    "Full Service History",
    "Glare-free high beam headlights",
    "Hands-free kit",
    "Head-up display",
    "Heated seats",
    "Heated steering wheel",
    "High beam assist",
    "Hill-start assist",
    "Immobilizer",
    "Induction charging for smartphones",
    "Integrated music streaming",
    "Isofix",
    "Keyless central locking",
    "Lane change assist",
    "Leather steering wheel",
    "LED headlights",
    "LED running lights",
    "Light sensor",
    "Lumbar support",
    "Multifunction steering wheel",
    "Navigation system",
    "Non-smoker vehicle",
    "On-board computer",
    "Paddle shifters",
    "Particulate filter",
    "Power Steering",
    "Rain sensor",
    "Rear traffic alert",
    "Seat ventilation",
    "Sound system",
    "Speed limit control system",
    "Sport seats",
    "Sports package",
    "Sports suspension",
    "Start-stop system",
    "Summer tyres",
    "Tinted windows",
    "Touchscreen",
    "Traction control",
    "Traffic sign recognition",
    "Tuner/radio",
    "Tyre pressure monitoring",
    "USB port",
    "Voice control",
    "Warranty",
    "WLAN / Wi-Fi hotspot"
  ]
},
{
  "title": "BMW M3 xDrive Comp. CarbonExt. Driver Ultimate ACC",
  "previewImage": "https://img.classistatic.de/api/v1/mo-prod/images/21/218f2c4c-9188-4ae5-a292-6830d92f9455?rule=mo-1600.jpg",
  "category": "EstateCar",
  "brand": "BMW",
  "model": "M3",
  "url": "https://suchen.mobile.de/fahrzeuge/details.html?id=434089513",
  "price.total.amount": 97389.01,
  "priceRating": {
    "rating": "Good price",
    "priceRanges": {
      "Very good price": {
        "start": 71701,
        "end": 93200
      },
      "Good price": {
        "start": 93201,
        "end": 100400
      },
      "Fair price": {
        "start": 100401,
        "end": 111600
      },
      "Increased price": {
        "start": 111601,
        "end": 119800
      },
      "High price": {
        "start": 119801,
        "end": 133100
      }
    }
  },
  "description": "+WILLKOMMEN BEIM AUTOHAUS BAYERNCAR KÖNIGSBRUNN ...kaufen mit gutem Gefühl! ++ALLE FAHRZEUGE optional DEKRA geprüft !++Zwischenverkauf, Änderungen und Irrtümer vorbehalten ++WE ALSO SALE WITHOUT VAT FOR EXPORT-JUST ASK US!++ \nDeutschlandweite Zustellungen möglich!!!\n\nUnsere Serviceleistungen:\n- Allianz Automotive Garantie Erweiterung (optional)\n- Finanzierung über die BMW Premium Financial oder die Credit Plus Bank\nAb sofort sind wir über WhatsApp erreichbar.\nWhatsApp-/FaceTime Kontakt: +49-171 19 021 90\n\n++ BMW M3 xDrive Competition Touring ++\nRepair Inclusive 3Jahre/200.000km\nFarbe: 0475 Saphirschwarz Metallic\nPolster: LKIA Leder Merino Silverstone/Schwarz\n\nSonderausstattung:\n\n01MB M DRIVE PROFESSIONAL\n01U0 BMW LM Rad 826M JB\n0248 Lenkradheizung\n02PA Radschraubensicherung\n02T4 M Sportdifferenzial\n02VB Reifendruckanzeige\n02VC Reifenreparatur-Set\n02VF Adaptives M Fahrwerk\n0302 Alarmanlage\n0322 Komfortzugang\n0383 Dach und Spiegelkappen schwarz\n03KA Akustik Komfort Verglasung\n03M5 M COMPOUND-BREMSE, ROT HOCHGLAENZ.\n03MC M Dachreling Shadow Line\n03MF M Leuchten Shadow Line\n0418 Gepäckraumpaket\n0420 Abgedunkelte Verglasung\n0428 Warndreieck und Verbandstasche\n0430 Innen-/Aussensp. mit Abblendautomatik\n0431 Innenspiegel automatisch abblendend\n0453 Klimatisierte Sitze vorne\n0459 Sitzverstellung elektrisch mit Memory\n0488 Lordosenstütze Fahrer u. Beifahrer\n0493 Ablagenpaket\n0494 Sitzheizung Fahrer/Beifahrer\n04GQ M Sicherheitsgurte\n04MC Interieurleisten Carbon Fibre\n04NE Blow-by-Heizer\n04NW INSTRUMENTENTAFEL LUXURY\n04U0 Galvanikapplikation Bedienelemente\n0534 Klimaautomatik\n0548 Kilometertacho\n0552 Adaptiver LED-Scheinwerfer\n05AC Fernlichtassistent\n05AL Active Protection\n05AU Driving Assistant Professional\n05AV Active Guard\n05DA Deaktivierung Airbag Beifahrer\n05DC Kopfstützen im Fond klappbar\n05DN Parkassistenzsystem Plus\n0654 DAB-Tuner\n0688 Harman/Kardon Surround Sound System\n06AE Teleservices\n06AF Gesetzlicher Notruf\n06AK Connected Drive Services\n06C3 Connected Package Professional\n06DR BMW drive recorder\n06NX Storage tray wireless charging\n06PA Personal eSIM\n06U3 BMW Live Cockpit Professional\n06VB Steuerung Infotainment\n0712 M Sportsitz\n071C M Exterieurpaket Carbon\n0760 Hochglanz Shadow-Line\n0775 Dachhimmel anthrazit\n07M9 M Shadow Line mit erweitertem Umfang\n07ME M Driver's Package\n09DE Ultimate Package \n\nSerien-Ausstattung:\nAblage-Paket\nAdaptives Fahrwerk M-Technic\nAirbag Fahrer-/Beifahrerseite\nAktives M Differential\nAlarmanlage\nAmbiente-Beleuchtung\nAntriebsart: Allradantrieb\nAusstattungs-Paket: Connected Professional\nAutomatische Stabilitäts-Control (ASC)\nAußenausstattung: Shadow-Line Hochglanz (erweiterter Umfang)\nBedienelemente galvanisiert\nBlinkleuchte in Außenspiegel integriert\nHead-up-Display Full Color\nAugmented Reality für Navigation\nDach schwarz lackiert\nDachhimmel Anthrazit (BMW Individual)\nDachreling Hochglanz Shadow-Line\nDiebstahl-Warnanlage\nDiebstahlsicherung für Räder (Felgenschlösser)\nDurchladeeinrichtung (Mittelarmlehne hinten)\nDynamische Stabilitäts-Control (DSC) mit erweiterter Umfang\nDynamische Tractions Control (DTC)\nFreisprecheinrichtung Bluetooth mit USB-/Audio-Schnittstelle\nGepäckraum-Abtrennung (Netz)\nGeschwindigkeits-Begrenzeranlage (Speed Limit Device)\nGetriebe Automatik - mit Steptronic und Drivelogic (8-Stufen)\nGetränkehalter\nHeckleuchten LED\nInduktionsladeschale für Smartphone (Wireless Charging)\nInterieurleisten Alu Rhombicle mit Akzentleiste\nInnenspiegel mit Abblendautomatik\nKlimaautomatik 3-Zonen mit autom. Umluft-Control\nKopfstützen hinten klappbar\nLendenwirbelstütze Sitz vorn links und rechts, elektr. verstellbar\nPersonalisierungssystem (BMW ID)\nPersonalisierungssystem (Personal eSIM)\nRadioempfang digital (DAB+)\nReifen-Reparaturset (Mobility-Pack)\nScheibenwischer mit Regensensor\nScheinwerfer LED\nSeitenairbag vorn\nConnectedDrive Services\nGesetzlicher Notruf\nIntelligenter Notruf inkl. TeleServices\nSitze vorn elektr. verstellbar (mit Memory)\nSonnenschutzverglasung (hinten abgedunkelt)\n\nEin Angebot von BMW-Bank Premium Financial:\nLaufzeit: 36 Monate\nAnzahlung: 15.965,00 €\neffekt. Jahreszins: 6,99 %\nSchlussrate: 60.993,00 €\nNettokreditbetrag: 84.024,00 €\nBruttokreditbetrag: 98.803,00 €\nAbschlussgebühr: 0,00 €\nRatensicherung: 0,00 €\nSollzinssatz: 6,78 %\n\nmonatl. Rate: 1.080,00 €\nWir bieten unsere Fahrzeuge bereits kurz nach Kauf und ohne Bilder an. Sobald diese bei uns eingetroffen sind werden Bilder eingestellt.\nMit einer Bestellung versenden wir nochmal eine detaillierte Aufstellung der kompletten Fahrzeugausstattung. Wir bitten diese vor Vertragsabschluß sorgfältig zu lesen, da Fehler\nim Inserat vorbehaltlich sind und Irrtümer nicht ausgeschlossen werden können.",
  "dealerDetails": {
    "id": 451587,
    "name": "BayernCar GmbH",
    "sellerType": "Dealer",
    "phones": [
      "+49 (0)8231 926996830"
    ],
    "messengers": {
      "WHATS_APP": "+49 (0)171 1902190"
    },
    "languages": [
      "Deutsch",
      "English"
    ],
    "country": "DE",
    "address": "Dornierstraße 10, DE-86343 Königsbrunn",
    "location": {
      "latitude": 48.2539715,
      "longitude": 10.8711669
    },
    "activeSince": "2005-10-17T00:00:00.000Z",
    "homepageUrl": "https://home.mobile.de/home/redirect.html?customerId=451587",
    "iconUrl": "https://img.classistatic.de/api/v1/mo-prod/images/f7/f73f1ae9-a818-4727-830b-e5061e043ce7?rule=mo-640.jpg",
    "reviewPageUrl": "https://www.mobile.de/bewertungen/BAYERN-CAR?lang=en",
    "score": {
      "total": 4.6,
      "responseTime": 4.6,
      "friendliness": 4.7,
      "advice": 4.5
    },
    "activeRatingCount": 47,
    "vehicleAsDescribedPercentage": 94,
    "recommendPercentage": 94,
    "soldVehicleCount": null,
    "reviews": []
  },
  "attributes": {
    "Vehicle condition": "Used vehicle, Accident-free",
    "Category": "Estate car, Demonstration Vehicle",
    "Model range": "G81N",
    "Trim line": "xDrive Competition M",
    "Vehicle Number": "25-69374",
    "Availability": "Now",
    "Mileage": "5,187 km",
    "Cubic Capacity": "2,993 ccm",
    "Power": "390 kW (530 hp)",
    "Drive type": "Internal combustion engine",
    "Fuel": "Petrol",
    "CO₂ class": "Based on CO₂ emissions (combined)",
    "Fuel consumption": [
      "10.4 l/100km (combined)"
    ],
    "Energy costs for 15,000 km annual mileage": "€2,886/Year",
    "Fuel price": "€1.85/l (annual average 2024)",
    "Possible CO₂ costs over the next 10 years (15,000 km/year)": [
      "€4,036 (assuming an average CO₂ price of €115/t)",
      "€1,755 (assuming a low average CO₂ price of €50/t)",
      "€6,669 (assuming a high average CO₂ price of €190/t)"
    ],
    "Number of Seats": "5",
    "Door Count": "4/5",
    "Transmission": "Automatic",
    "Emission Class": "Euro6",
    "Emissions Sticker": "4 (Green)",
    "First Registration": "02/2025",
    "Number of Vehicle Owners": "1",
    "HU": "02/2028",
    "Climatisation": "Automatic climatisation, 3 zones",
    "Parking sensors": "Rear, 360° camera, Self-steering systems, Front",
    "Airbags": "Front and Side and More Airbags",
    "Colour (Manufacturer)": "(0475) Saphirschwarz Metal",
    "Colour": "Black Metallic",
    "Interior Design": "Full leather, Grey",
    "Weight": "1,940 kg",
    "Cylinders": "6",
    "Energy consumption (comb.)": "10.4 l/100km",
    "CO₂ emissions (comb.)": "234 g/km"
  },
  "features": [
    "ABS",
    "Adaptive cornering lights",
    "Adaptive Cruise Control",
    "Alarm system",
    "Alloy wheels",
    "Ambient lighting",
    "Android Auto",
    "Apple CarPlay",
    "Arm rest",
    "Autom. dimming interior mirror",
    "Blind spot assist",
    "Bluetooth",
    "Cargo barrier",
    "Central locking",
    "DAB radio",
    "Digital cockpit",
    "Distance warning system",
    "Dynamic chassis control",
    "Electric seat adjustment",
    "Electric side mirror",
    "Electric tailgate",
    "Electric windows",
    "Eletric seat adjustment with memory function",
    "Emergency brake assist",
    "Emergency call system",
    "ESP",
    "Fatigue warning system",
    "Folding exterior mirrors",
    "Four-wheel drive",
    "Full Service History",
    "Glare-free high beam headlights",
    "Hands-free kit",
    "Head-up display",
    "Heated seats",
    "Heated steering wheel",
    "High beam assist",
    "Hill-start assist",
    "Immobilizer",
    "Induction charging for smartphones",
    "Integrated music streaming",
    "Isofix",
    "Keyless central locking",
    "Lane change assist",
    "Leather steering wheel",
    "LED headlights",
    "LED running lights",
    "Light sensor",
    "Lumbar support",
    "Multifunction steering wheel",
    "Navigation system",
    "Non-smoker vehicle",
    "On-board computer",
    "Paddle shifters",
    "Particulate filter",
    "Power Steering",
    "Rain sensor",
    "Rear traffic alert",
    "Roof rack",
    "Seat ventilation",
    "Sound system",
    "Speed limit control system",
    "Sport seats",
    "Sports package",
    "Sports suspension",
    "Start-stop system",
    "Summer tyres",
    "Tinted windows",
    "Touchscreen",
    "Traction control",
    "Traffic sign recognition",
    "Tuner/radio",
    "Tyre pressure monitoring",
    "USB port",
    "Voice control",
    "Warranty",
    "WLAN / Wi-Fi hotspot"
  ]
},
{
  "title": "BMW M3 Competition M xDrive - UPE 115.620,- € #exclu",
  "previewImage": "https://img.classistatic.de/api/v1/mo-prod/images/38/38431a0b-c1b6-4b05-b5ac-3f28d1c0e88c?rule=mo-1600.jpg",
  "category": "Limousine",
  "brand": "BMW",
  "model": "M3",
  "url": "https://suchen.mobile.de/fahrzeuge/details.html?id=432669895",
  "price.total.amount": 96500,
  "priceRating": {
    "rating": "Very good price",
    "priceRanges": {
      "Very good price": {
        "start": 74701,
        "end": 97100
      },
      "Good price": {
        "start": 97101,
        "end": 104600
      },
      "Fair price": {
        "start": 104601,
        "end": 116300
      },
      "Increased price": {
        "start": 116301,
        "end": 124800
      },
      "High price": {
        "start": 124801,
        "end": 138700
      }
    }
  },
  "description": "Antrieb, Fahrwerk\nAdaptives M Fahrwerk\nAllrad\nM Sportdifferential\n\nAußenausstattung\nLM-Felgen\nSonnenschutzverglasung (hinten abgedunkelt)\n\nEditionen und Pakete\nAblagenpaket\nConnectedDrive Services\nConnectedPackage Professional\nInnovations-Paket (2)\nM Driver´s Package\n\nFahrerassistenz\nFahrassistenz-System: Driving Assistant Professional\nGesetzlicher Notruf\nHead-Up Display\nParking Assistant\nTeleServices\n\nIndividualumfänge\nBMW Individual Hochglanz Shadow Line mit erweiterten Umfängen\nDachhimmel Individual anthrazit\nHochglanz Shadow Line\n\nKomfort, Innenausstattung\nAmbiente-Beleuchtung\nAußenspiegel elektr. anklappbar\nAutomatische Verriegelung beim Anfahren\nBMW Live Cockpit Professional\nDurchladeeinrichtung (Mittelarmlehne hinten)\nDurchladesystem\nEinparkhilfe selbstlenkendes System\nFahrassistenz-System: Einparkhilfe Seite\nFahrassistenz-System: Park-Assistent\nFensterheber elektrisch vorn + hinten\nFensterheber, elektrisch\nFondkopfstützen klappbar\nFreisprecheinrichtung Bluetooth mit USB-/Audio-Schnittstelle\nGalvanikapplikation für Bedienelemente\nGeschwindigkeits-Begrenzeranlage (Speed Limit Device)\nGeschwindigkeits-Regelanlage mit Bremsfunktion\nHead-up-Display Full Color\nHeckklappenbetätigung automatisch\nInduktionsladeschale für Smartphone (Wireless Charging)\nInnen- und Aussenspiegel automatisch abblendend\nInnenspiegel mit Abblendautomatik\nIsofix-Aufnahmen für Kindersitz\nKlimaautomatic\nKlimaautomatik 3-Zonen mit autom. Umluft-Control\nKomfortzugang (Öffnungs- und Schließsystem)\nLendenwirbelstütze Sitz vorn links und rechts, elektr. verstellbar\nLenkrad (Leder) mit Multifunktion M-Technic\nLicht- und Regensensor\nLordosenstuetze fuer Fahrer und Beifahrer\nM Sicherheitsgurte\nM Sportsitze\nMultifunktion für Lenkrad\nParkassistent-Paket\nRadioempfang digital (DAB+)\nRückfahrkamera\nScheibenwischer mit Regensensor\nService-System: Augmented Reality für Navigation\nService-System: WiFi-Direct\nSitze vorn elektr. verstellbar (mit Memory)\nSitzheizung fuer Fahrer und Beifahrer\nSitzheizung vorn\nSitzverstellung, elektrisch mit Memory\nSkisack\nSonnenschutzverglasung\n\nMultimedia\nBMW Live Cockpit Professional\nDAB Tuner\nFreisprecheinrichtung\nHarman Kardon Surround Sound System\nNavigationssystem\nTelefon\n\nRäder\n19\"/20\" M Schmiederäder Doppelspeiche 826 M Schwarz / MB\nRadschraubensicherung\n\nSitzbezug\nLeder Merino Silverstone/Schwarz\n\nSonstiges\nAblage für Wireless Charging \nABS\nActive Guard\nBlow by-Heizer\nBMW Individuallackierung Dravit-Grau Metallic\nBremsanlage: Compound - M Bremssystem (Bremssättel Schwarz)\nDekodierung Zusatzfunktionen\nDeutsch / Bordliteratur\nDeutschland-Ausfuehrung\nElektrisch verstellbare Spiegel\nEU-spezifische Zusatzumfaenge\nFahrassistenz-System: aktiver Spurhalteassistent\nFahrassistenz-System: Ampel-Erkennung\nFahrassistenz-System: Ausweich-Assistent\nFahrassistenz-System: Falschfahrwarnung\nFahrassistenz-System: Frontkollisionswarnung\nFahrassistenz-System: Heckaufprall-Vermeidung (Prävention Heckkollision)\nFahrassistenz-System: Kreuzungs-Assistent\nFahrassistenz-System: Querverkehrs-Assistent\nFahrassistenz-System: Spurwechselassistent\nFahrassistenz-System: Spurwechsel-Warnsystem\nFahrerairbag\nGeschwindigkeits-Regelanlage, Aktiv mit Stop&Go-Funktion\nInterieurleisten Aluminium Rhombicle Anthrazit \ninterne Steuerung\nKältemittel\nKilometertacho\nLeder\nM Drive Professional\nMetallic-Lackierung\nMultifunktionslenkrad\nÖlwartungsintervall 24 Monate/30.000 km\nPersonal eSIM \nReifenreparatur-Set\nScheinwerfer BMW Individual Shadow-Line\nSeitenairbag\nSitzbezug / Polsterung: Leder Merino Silverstone / Schwarz\nSportfahrwerk\nSportsitze\nSteuerung Infotainment\nSteuerung Karosserie\nTempomat\nZentralverriegelung\n\nUmwelt, Sicherheit\nAbgasnorm EU6 RDE II\nAktiver Fussgängerschutz\nAlarmanlage\nBeifahrerairbag\nBeifahrerairbag-Deaktivierung\nESP\nFahrassistenz-System: Fernlichtassistent\nInnenspiegel, automatisch abblendend\nKindersitzbefestigung ISOFIX\nLED-Scheinwerfer\nPASM\nRegensensor\nReifen Druck Control\nScheinwerfer LED mit adaptiver Lichtverteilung\nTraction Control\nWarndreieck\n\n\nNeupreis: 115.620,00€ inkl. MwSt.\n\nUnser Angebotspreise verstehen sich zzgl. 1090,-€ für Zulassung und Überführung.\nAlle Preise inkl. MwSt.\n\nGesonderte Konditionen für Gewerbetreibende / Fahrschulen / Autovermieter / mobilitätseingeschränkte Personen / Journalisten.\nLassen Sie sich Ihr individuelles Angebot von uns erstellen!\n\nIhre Ansprechpartnerin im Haus: Violetta Blochin\nTel: 0521-16399-3117 oder violetta.blochin@becker-tiemann.de\nIrrtümer und Zwischenverkauf vorbehalten.",
  "dealerDetails": {
    "id": 12754808,
    "name": "Autohaus Becker-Tiemann Bielefeld GmbH & Co. KG",
    "sellerType": "Dealer",
    "phones": [
      "+49 (0)521 1639638704"
    ],
    "languages": [
      "Deutsch",
      "English",
      "Türkçe"
    ],
    "country": "DE",
    "address": "Am Niedermeyers Feld 6, DE-33719 Bielefeld",
    "location": {
      "latitude": 52.0152717,
      "longitude": 8.6201142
    },
    "activeSince": "2015-02-19T00:00:00.000Z",
    "homepageUrl": "https://home.mobile.de/home/redirect.html?customerId=12754808",
    "iconUrl": null,
    "reviewPageUrl": "https://www.mobile.de/bewertungen/AUTOHAUSBECKERTIEMANNBIELEFELDGMBHCOKGBIELEFELD?lang=en",
    "score": {
      "total": 4.7,
      "responseTime": 4.8,
      "friendliness": 4.7,
      "advice": 4.6
    },
    "activeRatingCount": 42,
    "vehicleAsDescribedPercentage": 100,
    "recommendPercentage": 100,
    "soldVehicleCount": null,
    "reviews": []
  },
  "attributes": {
    "Vehicle condition": "New vehicle, Accident-free",
    "Category": "Saloon",
    "Model range": "G80",
    "Trim line": " M xDrive - UPE 115.620,- € #exclusive",
    "Vehicle Number": "BTBIFV16243",
    "Availability": "Now",
    "Origin": "German edition",
    "Mileage": "10 km",
    "Cubic Capacity": "2,993 ccm",
    "Power": "390 kW (530 hp)",
    "Drive type": "Internal combustion engine",
    "Fuel": "Petrol, E10-enabled",
    "CO₂ class": "Based on CO₂ emissions (combined)",
    "Fuel consumption": [
      "10.1 l/100km (combined)",
      "15.4 l/100km (city)",
      "10.1 l/100km (suburban)",
      "8.7 l/100km (country road)",
      "9.5 l/100km (motorway)"
    ],
    "Energy costs for 15,000 km annual mileage": "€2,721/Year",
    "Fuel price": "€1.80/l (annual average 2024)",
    "Possible CO₂ costs over the next 10 years (15,000 km/year)": [
      "€4,362 (assuming an average CO₂ price of €127/t)",
      "€2,061 (assuming a low average CO₂ price of €60/t)",
      "€6,870 (assuming a high average CO₂ price of €200/t)"
    ],
    "Vehicle tax": "€456/Year",
    "Number of Seats": "5",
    "Door Count": "4/5",
    "Transmission": "Automatic",
    "Emission Class": "Euro6",
    "Emissions Sticker": "4 (Green)",
    "Construction Year": "2025",
    "Number of Vehicle Owners": "0",
    "HU": "New",
    "Climatisation": "Automatic climatisation, 3 zones",
    "Parking sensors": "Front, Camera, Rear, Self-steering systems",
    "Airbags": "Front and Side and More Airbags",
    "Colour (Manufacturer)": "BMW Individual Dravitgrau metall",
    "Colour": "Grey Metallic",
    "Interior Design": "Full leather, Grey",
    "Weight": "1,855 kg",
    "Tank capacity": "59 l",
    "Energy consumption (comb.)": "10.1 l/100km",
    "CO₂ emissions (comb.)": "229 g/km"
  },
  "features": [
    "ABS",
    "Adaptive Cruise Control",
    "Adaptive lighting",
    "Alarm system",
    "Alloy wheels",
    "Ambient lighting",
    "Android Auto",
    "Apple CarPlay",
    "Arm rest",
    "Autom. dimming interior mirror",
    "Blind spot assist",
    "Bluetooth",
    "Central locking",
    "DAB radio",
    "Digital cockpit",
    "Distance warning system",
    "Dynamic chassis control",
    "Electric seat adjustment",
    "Electric side mirror",
    "Electric tailgate",
    "Electric windows",
    "Eletric seat adjustment with memory function",
    "Emergency brake assist",
    "Emergency call system",
    "ESP",
    "Fatigue warning system",
    "Four-wheel drive",
    "Full Service History",
    "Glare-free high beam headlights",
    "Hands-free kit",
    "Head-up display",
    "Heated seats",
    "High beam assist",
    "Hill-start assist",
    "Immobilizer",
    "Induction charging for smartphones",
    "Integrated music streaming",
    "Isofix",
    "Keyless central locking",
    "Lane change assist",
    "Leather steering wheel",
    "LED headlights",
    "LED running lights",
    "Light sensor",
    "Lumbar support",
    "Multifunction steering wheel",
    "Navigation preparation",
    "Navigation system",
    "Non-smoker vehicle",
    "On-board computer",
    "Paddle shifters",
    "Particulate filter",
    "Passenger seat Isofix point",
    "Power Steering",
    "Rain sensor",
    "Ski bag",
    "Sound system",
    "Speed limit control system",
    "Sport seats",
    "Sports package",
    "Sports suspension",
    "Start-stop system",
    "Summer tyres",
    "Tinted windows",
    "Touchscreen",
    "Traction control",
    "Traffic sign recognition",
    "Tuner/radio",
    "Tyre pressure monitoring",
    "USB port",
    "Voice control",
    "WLAN / Wi-Fi hotspot"
  ]
},
{
  "title": "BMW M3 Competition xDrive Facelift Carbonpaket 360°3",
  "previewImage": "https://img.classistatic.de/api/v1/mo-prod/images/77/778f4e08-f7a9-444c-91cf-07911b059692?rule=mo-1600.jpg",
  "category": "Limousine",
  "brand": "BMW",
  "model": "M3",
  "url": "https://suchen.mobile.de/fahrzeuge/details.html?id=428813582",
  "price.total.amount": 96970,
  "priceRating": {
    "rating": "Good price",
    "priceRanges": {
      "Very good price": {
        "start": 69401,
        "end": 90300
      },
      "Good price": {
        "start": 90301,
        "end": 97200
      },
      "Fair price": {
        "start": 97201,
        "end": 108100
      },
      "Increased price": {
        "start": 108101,
        "end": 116100
      },
      "High price": {
        "start": 116101,
        "end": 129000
      }
    }
  },
  "description": "Ablagen\nGetränkehalter\n\nAntrieb, Fahrwerk\nAdaptives M Fahrwerk\nAllrad\nBremsanlage: Compound - M Bremssystem (Bremssättel Schwarz)\nM Drive Professional\nM Sportdifferential\nSportfahrwerk\n\nAudio\n16 Lautsprecher Harman/Kardon\nAudio Fernbedienung am Lenkrad\nAudio-Anlage\nMedia-Anschlüsse: USB vorne\n\nBeleuchtung\nHauptscheinwerfer LED\nHauptscheinwerfer Regulierung:, Lichtsensor\nLED Licht Blinker Abblendlicht Bremslicht Rückleuchten Tagfahrlicht Fernlicht\nTagfahrlicht\n\nBelüftung\nBelüftungssystem mit Aktivkohlefilter\nKlimaanlage\n\nBremsen\nABS\nBerganfahrassistent / Auto Hold\nElektronische Handbremse\nEnergie Rückgewinnung\nScheibenbremsen\n\nEditionen und Pakete\nAblagenpaket\nConnectedDrive Services (laufzeitgebundener Dienst)\nConnectedPackage Professional (laufzeitgebundener Dienst)\nExterieur-Paket M Carbon\n\nFahrerassistenz\nFahrassistenz-System: Driving Assistant Professional\nGesetzlicher Notruf\nHead-Up Display\nParkassistent-Paket Plus\nRückfahrkamera\nSpurverlassenswarnung\nSpurwechselwarnung\nTeleServices\n\nFahrwerk\nRadaufhängung: Ein-Gelenk-Federbeinachse Mehrlenkerachse, Schrauben\n\nIndividualumfänge\nBMW Individual Hochglanz Shadow Line\nBMW Individual Hochglanz Shadow Line mit erweiterten Umfängen\nDachhimmel Individual anthrazit\nScheinwerfer BMW Individual Shadow-Line\n\nInstrumentierung\nBordcomputer mit Durchschnittskraftstoffverbrauch\nDisplay\nKombi-Instrumente TFT Display\nReifendruckkontrolle mit Druckanzeige und Felgensensor\nVerkehrszeichenerkennung\n\nKarosserie\nSpoiler Position: Kofferraumdeckel / Hecktür\nSportauspuff\n\nKomfort, Innenausstattung\nAbstandsregeltempomat\nDurchladesystem\nEinparkhilfe selbstlenkendes System\nFensterheber, elektrisch\nFondkopfstützen klappbar\nGalvanikapplikation für Bedienelemente\nHeckklappenbetätigung automatisch\nInnen- und Aussenspiegel automatisch abblendend\nInnenausstattung: Interieurleisten Carbon\nKeyless Entry\nKlimaautomatic\nKomfortzugang (Öffnungs- und Schließsystem)\nLeder\nLederlenkrad\nLenkrad heizbar\nLordose\nLordosenstuetze fuer Fahrer und Beifahrer\nM Sicherheitsgurte\nM Sportsitze\nMultifunktionslenkrad\nSitzheizung fuer Fahrer und Beifahrer\nSitzverstellung, elektrisch mit Memory\nSonnenschutzverglasung\nSportsitze\nSpurhalteassistent\nTempomat\nZentralverriegelung\n\nMultimedia\nBluetooth\nBMW Live Cockpit Professional (laufzeitgebundener Dienst)\nDAB Tuner\nFreisprecheinrichtung\nHarman Kardon Surround Sound System\nNavigationssystem\nRadio\nTelefon\nUSB Schnittstelle\n\nRäder\nAlufelgen\nLM-Felgen vorn/hinten: 9,5x19 / 10,5x20 (Doppelspeichen 826 M, Bicolor, Schwarz)\nRadschraubensicherung\nReifenreparatur-Set\n\nSitzbezug\nVollleder Merino Feinnarbe Schwarz/Schwarz\n\nSonstiges\nAbdeckkappen Außenspiegel M Carbon\nAblage für Wireless Charging \nActive Guard\nBlow by-Heizer\nBMW Individuallackierung Dravit-Grau Metallic\nCO2-Umfang\nDekodierung Zusatzfunktionen\nDeutsch / Bordliteratur\nDeutschland-Ausfuehrung\nElektrisch verstellbare Spiegel\nEU-spezifische Zusatzumfaenge\nFahrassistenz-System: aktiver Spurhalteassistent\nFahrassistenz-System: Ampel-Erkennung\nFahrassistenz-System: Ausweich-Assistent\nFahrassistenz-System: Einparkhilfe Seite\nFahrassistenz-System: Falschfahrwarnung\nFahrassistenz-System: Frontkollisionswarnung\nFahrassistenz-System: Heckaufprall-Vermeidung (Prävention Heckkollision)\nFahrassistenz-System: Kreuzungs-Assistent\nFahrassistenz-System: Park-Assistent\nFahrassistenz-System: Querverkehrs-Assistent\nFahrassistenz-System: Rückfahr-Assistent\nFahrassistenz-System: Rückfahrhilfe Notbremsfunktion (Active PDC)\nFahrassistenz-System: Spurwechselassistent\nFahrassistenz-System: Spurwechsel-Warnsystem\nGeschwindigkeits-Regelanlage, Aktiv mit Stop&Go-Funktion\nHeckdiffusor Carbon\nKältemittel\nKilometertacho\nMetallic-Lackierung\nÖlwartungsintervall 24 Monate/30.000 km\nPersonal eSIM \nReifendruckkontrollsystem\nRückfahrkamera\nRückfahrkamera (Top View)\nService-System: Remote 3D View\nSitzbezug / Polsterung: Voll-Leder Merino\nSteuerung Infotainment\nSteuerung Karosserie\nSurround-Kamerasystem (Surround View)\nUltimate-Paket\n\nUmwelt, Sicherheit\nAbgasnorm EU6 RDE II\nABS\nAktiver Fussgängerschutz\nAlarmanlage\nAuto Start/Stop Funktion \nBeifahrerairbag\nBeifahrerairbag-Deaktivierung\nDiebstahlwarnanlage\nESP\nFahrassistenz-System: Fernlichtassistent\nFahrerairbag\nInnenspiegel, automatisch abblendend\nKindersitzbefestigung ISOFIX\nKopfairbag\nLED-Scheinwerfer\nLichtsensor\nNotbremsassistent\nPASM\nRegensensor\nReifen Druck Control\nScheinwerfer LED mit adaptiver Lichtverteilung\nSeitenairbag\nTraction Control\nWarndreieck\n\nWerksdienstwagen BMW AG Kein Mietwagen\n3,99% eff. Zins Finanzierung auch ohne Anzahlung über BMW Bank möglich - unsere Verkaufsberater informieren Sie gerne.\nFacelift M3 Limousine 390KW\nInterieurleisten Carbon Fibre\nM Carbon Exterieurpaket\nM Compound Bremse Schwarz hochglänzend\nM Leuchten Shadow Line\nDriving Assistant Professional\nParkassistenzsystem Plus incl. 360° Grad Surround View Kameras Irrtümer und Zwischenverkauf vorbehalten.",
  "dealerDetails": {
    "id": 38121369,
    "name": "MOTORHEIMAT Wagner - Schwarz GmbH & Co. KG",
    "sellerType": "Dealer",
    "phones": [
      "+49 (0)861 2308201162"
    ],
    "languages": [
      "Deutsch",
      "English"
    ],
    "country": "DE",
    "address": "Crailsheimstraße  13, DE-83278 Traunstein",
    "location": {
      "latitude": 47.8680369,
      "longitude": 12.6393452
    },
    "activeSince": "2001-01-10T00:00:00.000Z",
    "homepageUrl": "https://home.mobile.de/home/redirect.html?customerId=38121369",
    "iconUrl": null,
    "reviewPageUrl": "https://www.mobile.de/bewertungen/MOTORHEIMATWAGNERSCHWARZGMBHCOKGTRAUNSTEIN?lang=en",
    "score": {
      "total": 4.5,
      "responseTime": 4.6,
      "friendliness": 4.5,
      "advice": 4.2
    },
    "activeRatingCount": 51,
    "vehicleAsDescribedPercentage": 93,
    "recommendPercentage": 84,
    "soldVehicleCount": null,
    "reviews": []
  },
  "attributes": {
    "Vehicle condition": "Used vehicle, Accident-free",
    "Category": "Saloon, Employee's Car",
    "Model range": "G80",
    "Trim line": "xDrive Facelift Carbonpaket 360°3,99%",
    "Availability": "Now",
    "Origin": "German edition",
    "Mileage": "6,100 km",
    "Cubic Capacity": "2,993 ccm",
    "Power": "390 kW (530 hp)",
    "Drive type": "Internal combustion engine",
    "Fuel": "Petrol",
    "Number of Seats": "5",
    "Door Count": "4/5",
    "Transmission": "Automatic",
    "Emission Class": "Euro6",
    "First Registration": "11/2024",
    "Construction Year": "2024",
    "Number of Vehicle Owners": "1",
    "HU": "06/2027",
    "Climatisation": "Automatic climatisation, 3 zones",
    "Parking sensors": "Self-steering systems, Rear, 360° camera, Front",
    "Airbags": "Front and Side and More Airbags",
    "Colour (Manufacturer)": "DRAVITGRAU METALLIC",
    "Colour": "Grey Metallic",
    "Interior Design": "Full leather, Black",
    "Weight": "1,855 kg",
    "Cylinders": "6",
    "Tank capacity": "59 l"
  },
  "features": [
    "ABS",
    "Adaptive cornering lights",
    "Adaptive Cruise Control",
    "Alarm system",
    "Alloy wheels",
    "Ambient lighting",
    "Android Auto",
    "Apple CarPlay",
    "Arm rest",
    "Autom. dimming interior mirror",
    "Blind spot assist",
    "Bluetooth",
    "Central locking",
    "DAB radio",
    "Digital cockpit",
    "Distance warning system",
    "Dynamic chassis control",
    "Electric seat adjustment",
    "Electric side mirror",
    "Electric tailgate",
    "Electric windows",
    "Eletric seat adjustment with memory function",
    "Emergency brake assist",
    "Emergency call system",
    "Emergency tyre repair kit",
    "ESP",
    "Fatigue warning system",
    "Folding exterior mirrors",
    "Four-wheel drive",
    "Full Service History",
    "Glare-free high beam headlights",
    "Hands-free kit",
    "Head-up display",
    "Heated seats",
    "Heated steering wheel",
    "High beam assist",
    "Hill-start assist",
    "Immobilizer",
    "Induction charging for smartphones",
    "Integrated music streaming",
    "Isofix",
    "Keyless central locking",
    "Lane change assist",
    "Leather steering wheel",
    "LED headlights",
    "LED running lights",
    "Light sensor",
    "Lumbar support",
    "Multifunction steering wheel",
    "Navigation system",
    "Non-smoker vehicle",
    "On-board computer",
    "Paddle shifters",
    "Particulate filter",
    "Power Steering",
    "Rain sensor",
    "Rear traffic alert",
    "Ski bag",
    "Sound system",
    "Speed limit control system",
    "Sport seats",
    "Sports package",
    "Sports suspension",
    "Start-stop system",
    "Summer tyres",
    "Tinted windows",
    "Touchscreen",
    "Traction control",
    "Traffic sign recognition",
    "Tuner/radio",
    "Tyre pressure monitoring",
    "USB port",
    "Voice control",
    "Warranty"
  ]
},
{
  "title": "BMW M3 xDr Competition CarbonExt. ACC 360° Sitzlüftu",
  "previewImage": "https://img.classistatic.de/api/v1/mo-prod/images/90/90b673b1-c1a9-40c4-9228-69172a492b76?rule=mo-1600.jpg",
  "category": "EstateCar",
  "brand": "BMW",
  "model": "M3",
  "url": "https://suchen.mobile.de/fahrzeuge/details.html?id=432651911",
  "price.total.amount": 96489,
  "priceRating": {
    "rating": "Good price",
    "priceRanges": {
      "Very good price": {
        "start": 74101,
        "end": 96400
      },
      "Good price": {
        "start": 96401,
        "end": 103800
      },
      "Fair price": {
        "start": 103801,
        "end": 115400
      },
      "Increased price": {
        "start": 115401,
        "end": 123900
      },
      "High price": {
        "start": 123901,
        "end": 137700
      }
    }
  },
  "description": "+WILLKOMMEN BEIM AUTOHAUS BAYERNCAR KÖNIGSBRUNN ...kaufen mit gutem Gefühl! ++ALLE FAHRZEUGE optional DEKRA geprüft !++Zwischenverkauf, Änderungen und Irrtümer vorbehalten ++WE ALSO SALE WITHOUT VAT FOR EXPORT-JUST ASK US!++ \nDeutschlandweite Zustellungen möglich!!!\n\nUnsere Serviceleistungen:\n- Allianz Automotive Garantie Erweiterung (optional)\n- Finanzierung über die BMW Premium Financial oder die Credit Plus Bank\nAb sofort sind wir über WhatsApp erreichbar.\nWhatsApp-/FaceTime Kontakt: +49-171 19 021 90\n\n++ BMW M3 Competition xDrive Touring ++\nRepair Inclusive 4Jahre/200.000km\nFarbe: 0C4W Skyscraper Grau Metallic\nPolster: X3SW Vollleder Merino Schwarz\n\nSonderausstattung:\n\n01MB M DRIVE PROFESSIONAL\n01U0 BMW LM Rad 826M JB\n0248 Lenkradheizung\n02PA Radschraubensicherung\n02T4 M Sportdifferenzial\n02VB Reifendruckanzeige\n02VC Reifenreparatur-Set\n02VF Adaptives M Fahrwerk\n0302 Alarmanlage\n0322 Komfortzugang\n0383 Dach und Spiegelkappen schwarz\n03KA Akustik Komfort Verglasung\n03M6 M COMPOUND-BREMSE, SCHWARZ HOCHGL.\n03MC M Dachreling Shadow Line\n03MF M Leuchten Shadow Line\n0420 Abgedunkelte Verglasung\n0428 Warndreieck und Verbandstasche\n0430 Innen-/Aussensp. mit Abblendautomatik\n0431 Innenspiegel automatisch abblendend\n0453 Klimatisierte Sitze vorne\n0459 Sitzverstellung elektrisch mit Memory\n0488 Lordosenstütze Fahrer u. Beifahrer\n0493 Ablagenpaket\n0494 Sitzheizung Fahrer/Beifahrer\n04GQ M Sicherheitsgurte\n04MC Interieurleisten Carbon Fibre\n04NE Blow-by-Heizer\n04U0 Galvanikapplikation Bedienelemente\n0534 Klimaautomatik\n0548 Kilometertacho\n0552 Adaptiver LED-Scheinwerfer\n05AC Fernlichtassistent\n05AL Active Protection\n05AU Driving Assistant Professional\n05AV Active Guard\n05DA Deaktivierung Airbag Beifahrer\n05DC Kopfstützen im Fond klappbar\n05DN Parkassistenzsystem Plus\n0654 DAB-Tuner\n0688 Harman/Kardon Surround Sound System\n06AE Teleservices\n06AF Gesetzlicher Notruf\n06AK Connected Drive Services\n06C3 Connected Package Professional\n06NX Storage tray wireless charging\n06PA Personal eSIM\n06U3 BMW Live Cockpit Professional\n06VB Steuerung Infotainment\n0712 M Sportsitz\n071C M Exterieurpaket Carbon\n0760 Hochglanz Shadow-Line\n0775 Dachhimmel anthrazit\n07A2 Innovationspaket II\n07M9 M Shadow Line mit erweitertem Umfang \n\nSerien-Ausstattung:\nAblage-Paket\nAdaptives Fahrwerk M-Technic\nAirbag Fahrer-/Beifahrerseite\nAktives M Differential\nAlarmanlage\nAmbiente-Beleuchtung\nAnti-Blockier-System (ABS)\nAntriebsart: Allradantrieb\nAusstattungs-Paket: Connected Professional\nAußenausstattung: Shadow-Line Hochglanz (erweiterter Umfang)\nBedienelemente galvanisiert\nBlinkleuchte in Außenspiegel integriert\nBMW Live Cockpit Professional\nService-System: WiFi-Direct\nHead-up-Display Full Color\nBMW Curved Display\nService-System: Augmented Reality für Navigation\nDach schwarz lackiert\nDachhimmel Anthrazit (BMW Individual)\nDiebstahl-Warnanlage\nDurchladeeinrichtung (Mittelarmlehne hinten)\nDynamische Stabilitäts-Control (DSC) mit erweiterter Umfang\nDynamische Tractions Control (DTC)\nEinstiegsleisten mit Einleger in Aluminium mit Schriftzug M\nFreisprecheinrichtung Bluetooth mit USB-/Audio-Schnittstelle\nGeschwindigkeits-Begrenzeranlage (Speed Limit Device)\nGetriebe Automatik - mit Steptronic und Drivelogic (8-Stufen)\nGetränkehalter\nHeckklappenbetätigung automatisch\nHeckleuchten LED\nInduktionsladeschale für Smartphone (Wireless Charging)\nInnenspiegel mit Abblendautomatik\nKennzeichenbeleuchtung LED\nKlimaautomatik 3-Zonen mit autom. Umluft-Control\nKnieairbag Fahrerseite\nKopf-Airbag-System hinten\nKopf-Airbag-System vorn\nLendenwirbelstütze Sitz vorn links und rechts, elektr. verstellbar\nLenkrad (Leder) mit Multifunktion M-Technic\nLicht- und Regensensor\nM Drive (Fahrprofilauswahl)\nRadioempfang digital (DAB+)\nReifen-Reparaturset (Mobility-Pack)\nReifendruck-Kontrollsystem\nReifenpannen-Anzeige\nScheibenwischer mit Regensensor\nSportdifferential\nSportsitze vorn (M-Technic)\nStart/Stop-Anlage (Funktion)\nSteckdose (12V-Anschluß) in Mittelkonsole vorn\nWärme-/Sonnenschutzverglasung\nZentralverriegelung mit Diebstahlsicherung und Crashsensor\n\nWir bieten unsere Fahrzeuge bereits kurz nach Kauf und ohne Bilder an. Sobald diese bei uns eingetroffen sind werden Bilder eingestellt.\nMit einer Bestellung versenden wir nochmal eine detaillierte Aufstellung der kompletten Fahrzeugausstattung. Wir bitten diese vor Vertragsabschluß sorgfältig zu lesen, da Fehler\nim Inserat vorbehaltlich sind und Irrtümer nicht ausgeschlossen werden können.",
  "dealerDetails": {
    "id": 451587,
    "name": "BayernCar GmbH",
    "sellerType": "Dealer",
    "phones": [
      "+49 (0)8231 926973247"
    ],
    "messengers": {
      "WHATS_APP": "+49 (0)171 1902190"
    },
    "languages": [
      "Deutsch",
      "English"
    ],
    "country": "DE",
    "address": "Dornierstraße 10, DE-86343 Königsbrunn",
    "location": {
      "latitude": 48.2539715,
      "longitude": 10.8711669
    },
    "activeSince": "2005-10-17T00:00:00.000Z",
    "homepageUrl": "https://home.mobile.de/home/redirect.html?customerId=451587",
    "iconUrl": "https://img.classistatic.de/api/v1/mo-prod/images/f7/f73f1ae9-a818-4727-830b-e5061e043ce7?rule=mo-640.jpg",
    "reviewPageUrl": "https://www.mobile.de/bewertungen/BAYERN-CAR?lang=en",
    "score": {
      "total": 4.6,
      "responseTime": 4.6,
      "friendliness": 4.7,
      "advice": 4.5
    },
    "activeRatingCount": 47,
    "vehicleAsDescribedPercentage": 94,
    "recommendPercentage": 94,
    "soldVehicleCount": null,
    "reviews": []
  },
  "attributes": {
    "Vehicle condition": "Used vehicle, Accident-free",
    "Category": "Estate car, Demonstration Vehicle",
    "Model range": "Baureihe M3 Touring (G81N)(07.2024->)",
    "Trim line": "xDrive Competition M",
    "Vehicle Number": "25-56330",
    "Availability": "Now",
    "Mileage": "4,500 km",
    "Cubic Capacity": "2,993 ccm",
    "Power": "390 kW (530 hp)",
    "Drive type": "Internal combustion engine",
    "Fuel": "Petrol",
    "CO₂ class": "Based on CO₂ emissions (combined)",
    "Fuel consumption": [
      "10.3 l/100km (combined)"
    ],
    "Energy costs for 15,000 km annual mileage": "€2,858/Year",
    "Fuel price": "€1.85/l (annual average 2024)",
    "Possible CO₂ costs over the next 10 years (15,000 km/year)": [
      "€4,019 (assuming an average CO₂ price of €115/t)",
      "€1,748 (assuming a low average CO₂ price of €50/t)",
      "€6,640 (assuming a high average CO₂ price of €190/t)"
    ],
    "Number of Seats": "5",
    "Door Count": "4/5",
    "Transmission": "Automatic",
    "Emission Class": "Euro6",
    "Emissions Sticker": "4 (Green)",
    "First Registration": "04/2025",
    "Number of Vehicle Owners": "1",
    "HU": "04/2028",
    "Climatisation": "Automatic climatisation, 3 zones",
    "Parking sensors": "360° camera, Front, Self-steering systems, Rear",
    "Airbags": "Front and Side and More Airbags",
    "Colour (Manufacturer)": "SKYSCRAPER GRAU METALLIC",
    "Colour": "Grey Metallic",
    "Interior Design": "Full leather, Black",
    "Weight": "1,940 kg",
    "Cylinders": "6",
    "Energy consumption (comb.)": "10.3 l/100km",
    "CO₂ emissions (comb.)": "233 g/km"
  },
  "features": [
    "ABS",
    "Adaptive cornering lights",
    "Adaptive Cruise Control",
    "Alarm system",
    "Alloy wheels",
    "Ambient lighting",
    "Android Auto",
    "Apple CarPlay",
    "Autom. dimming interior mirror",
    "Blind spot assist",
    "Bluetooth",
    "Cargo barrier",
    "Central locking",
    "DAB radio",
    "Digital cockpit",
    "Distance warning system",
    "Dynamic chassis control",
    "Electric seat adjustment",
    "Electric side mirror",
    "Electric tailgate",
    "Electric windows",
    "Eletric seat adjustment with memory function",
    "Emergency brake assist",
    "Emergency call system",
    "ESP",
    "Fatigue warning system",
    "Fog lamp",
    "Folding exterior mirrors",
    "Four-wheel drive",
    "Full Service History",
    "Glare-free high beam headlights",
    "Hands-free kit",
    "Head-up display",
    "Heated seats",
    "Heated steering wheel",
    "High beam assist",
    "Hill-start assist",
    "Immobilizer",
    "Induction charging for smartphones",
    "Integrated music streaming",
    "Isofix",
    "Keyless central locking",
    "Lane change assist",
    "Leather steering wheel",
    "LED headlights",
    "LED running lights",
    "Light sensor",
    "Lumbar support",
    "Multifunction steering wheel",
    "Navigation system",
    "Non-smoker vehicle",
    "On-board computer",
    "Paddle shifters",
    "Power Steering",
    "Rain sensor",
    "Rear traffic alert",
    "Roof rack",
    "Seat ventilation",
    "Ski bag",
    "Sound system",
    "Speed limit control system",
    "Sport seats",
    "Sports package",
    "Sports suspension",
    "Start-stop system",
    "Summer tyres",
    "Tinted windows",
    "Touchscreen",
    "Traction control",
    "Traffic sign recognition",
    "Tuner/radio",
    "Tyre pressure monitoring",
    "USB port",
    "Voice control",
    "Warranty",
    "WLAN / Wi-Fi hotspot"
  ]
},
{
  "title": "BMW M3 xDr. Comp ACC 360 Ultimate Sitzlüf CarbonExt.",
  "previewImage": "https://img.classistatic.de/api/v1/mo-prod/images/90/90b673b1-c1a9-40c4-9228-69172a492b76?rule=mo-1600.jpg",
  "category": "EstateCar",
  "brand": "BMW",
  "model": "M3",
  "url": "https://suchen.mobile.de/fahrzeuge/details.html?id=428673195",
  "price.total.amount": 97489,
  "priceRating": {
    "rating": "Good price",
    "priceRanges": {
      "Very good price": {
        "start": 74301,
        "end": 96600
      },
      "Good price": {
        "start": 96601,
        "end": 104100
      },
      "Fair price": {
        "start": 104101,
        "end": 115800
      },
      "Increased price": {
        "start": 115801,
        "end": 124300
      },
      "High price": {
        "start": 124301,
        "end": 138100
      }
    }
  },
  "description": "+WILLKOMMEN BEIM AUTOHAUS BAYERNCAR KÖNIGSBRUNN ...kaufen mit gutem Gefühl! ++ALLE FAHRZEUGE optional DEKRA geprüft !++Zwischenverkauf, Änderungen und Irrtümer vorbehalten ++WE ALSO SALE WITHOUT VAT FOR EXPORT-JUST ASK US!++ \nDeutschlandweite Zustellungen möglich!!!\n\nUnsere Serviceleistungen:\n- Allianz Automotive Garantie Erweiterung (optional)\n- Finanzierung über die BMW Premium Financial oder die Credit Plus Bank\nAb sofort sind wir über WhatsApp erreichbar.\nWhatsApp-/FaceTime Kontakt: +49-171 19 021 90\n\n++ BMW M3 xDrive Competition Touring ++\nFarbe: 0475 Saphirschwarz Metallic\nPolster: X3IA Vollleder Merino Silverstone/Schwarz (SW)\nSonderausstattung:\n01MB M DRIVE PROFESSIONAL\n01U0 BMW LM Rad 826M JB\n0248 Lenkradheizung\n02PA Radschraubensicherung\n02T4 M Sportdifferenzial\n02VB Reifendruckanzeige\n02VC Reifenreparatur-Set\n02VF Adaptives M Fahrwerk\n0302 Alarmanlage\n0322 Komfortzugang\n0383 Dach und Spiegelkappen schwarz\n03KA Akustik Komfort Verglasung\n03M6 M COMPOUND-BREMSE, SCHWARZ HOCHGL.\n03MC M Dachreling Shadow Line\n03MF M Leuchten Shadow Line\n0418 Gepäckraumpaket\n0420 Abgedunkelte Verglasung\n0428 Warndreieck und Verbandstasche\n0430 Innen-/Aussensp. mit Abblendautomatik\n0431 Innenspiegel automatisch abblendend\n0453 Klimatisierte Sitze vorne\n0459 Sitzverstellung elektrisch mit Memory\n0488 Lordosenstütze Fahrer u. Beifahrer\n0493 Ablagenpaket\n0494 Sitzheizung Fahrer/Beifahrer\n04GQ M Sicherheitsgurte\n04LN INT. LEIST. ALU. RHOMBICLE ANTHR.\n04NE Blow-by-Heizer\n04U0 Galvanikapplikation Bedienelemente\n0534 Klimaautomatik\n0548 Kilometertacho\n0552 Adaptiver LED-Scheinwerfer\n05AC Fernlichtassistent\n05AU Driving Assistant Professional\n05AV Active Guard\n05DA Deaktivierung Airbag Beifahrer\n05DC Kopfstützen im Fond klappbar\n05DN Parkassistenzsystem Plus\n0654 DAB-Tuner\n0688 Harman/Kardon Surround Sound System\n06AE Teleservices\n06AF Gesetzlicher Notruf\n06AK Connected Drive Services\n06C4 Connected Package Professional\n06NX Storage tray wireless charging\n06PA Personal eSIM\n06U3 BMW Live Cockpit Professional\n06VB Steuerung Infotainment\n0712 M Sportsitz\n071C M Exterieurpaket Carbon\n0760 Hochglanz Shadow-Line\n0775 Dachhimmel anthrazit\n07M9 M Shadow Line mit erweitertem Umfang\n09DE Ultimate Package \n\nSerien-Ausstattung:\nAblage-Paket\nAdaptives Fahrwerk M-Technic\nAirbag Fahrer-/Beifahrerseite\nAktives M Differential\nAlarmanlage\nAmbiente-Beleuchtung\nAnti-Blockier-System (ABS)\nAntriebsart: Allradantrieb\nConnected Professional\nAutomatische Stabilitäts-Control (ASC)\nAußenausstattung: Shadow-Line Hochglanz (erweiterter Umfang)\nBedienelemente galvanisiert\nBlinkleuchte in Außenspiegel integriert\nBMW Curved Display\nDachhimmel Anthrazit (BMW Individual)\nDachreling Hochglanz Shadow-Line\nDiebstahl-Warnanlage\nDiebstahlsicherung für Räder (Felgenschlösser)\nDurchladeeinrichtung (Mittelarmlehne hinten)\nEinstiegsleisten mit Einleger in Aluminium mit Schriftzug M\nActive Guard (Bremsassistent)\nFreisprecheinrichtung Bluetooth mit USB-/Audio-Schnittstelle\nGepäckraum-Abtrennung (Netz)\nGeschwindigkeits-Begrenzeranlage (Speed Limit Device)\nGetränkehalter\nHeckleuchten LED\nInduktionsladeschale für Smartphone (Wireless Charging)\nInnenspiegel mit Abblendautomatik\nIsofix-Aufnahmen für Kindersitz\nKennzeichenbeleuchtung LED\nKlimaautomatik 3-Zonen mit autom. Umluft-Control\nKopfstützen hinten klappbar\nLendenwirbelstütze Sitz vorn links und rechts, elektr. verstellbar\nLenkrad (Leder) mit Multifunktion M-Technic\nLicht- und Regensensor\nLichtassistent (Follow me home)\nM Drive Professional (Fahrprofilauswahl)\nMultifunktion für Lenkrad\nRadioempfang digital (DAB+)\nReifenpannen-Anzeige\nScheibenwischer mit Regensensor\nScheinwerfer LED\nSitzheizung vorn\nSonnenschutzverglasung (hinten abgedunkelt)\nHarman-Kardon\nAußenspiegel elektr. anklappbar\nAußenspiegel mit Bordsteinautomatik, rechts\nSportdifferential\nSportsitze vorn (M-Technic)\nWärme-/Sonnenschutzverglasung\nZentralverriegelung mit Diebstahlsicherung und Crashsensor\n\nEin Angebot von BMW Bank Premium Financial:\nLaufzeit: 36 Monate\nAnzahlung: 15.566,00 €\neffekt. Jahreszins: 6,99 %\nSchlussrate: 59.468,00 €\nNettokreditbetrag: 81.923,00 €\nBruttokreditbetrag: 96.333,00 €\nAbschlussgebühr: 0,00 €\nRatensicherung: 0,00 €\nSollzinssatz: 6,78 %\n\nmonatl. Rate: 1.053,00 €\nWir bieten unsere Fahrzeuge bereits kurz nach Kauf und ohne Bilder an. Sobald diese bei uns eingetroffen sind werden Bilder eingestellt.\nMit einer Bestellung versenden wir nochmal eine detaillierte Aufstellung der kompletten Fahrzeugausstattung. Wir bitten diese vor Vertragsabschluß sorgfältig zu lesen, da Fehler\nim Inserat vorbehaltlich sind und Irrtümer nicht ausgeschlossen werden können.",
  "dealerDetails": {
    "id": 451587,
    "name": "BayernCar GmbH",
    "sellerType": "Dealer",
    "phones": [
      "+49 (0)8231 926996858"
    ],
    "messengers": {
      "WHATS_APP": "+49 (0)171 1902190"
    },
    "languages": [
      "Deutsch",
      "English"
    ],
    "country": "DE",
    "address": "Dornierstraße 10, DE-86343 Königsbrunn",
    "location": {
      "latitude": 48.2539715,
      "longitude": 10.8711669
    },
    "activeSince": "2005-10-17T00:00:00.000Z",
    "homepageUrl": "https://home.mobile.de/home/redirect.html?customerId=451587",
    "iconUrl": "https://img.classistatic.de/api/v1/mo-prod/images/f7/f73f1ae9-a818-4727-830b-e5061e043ce7?rule=mo-640.jpg",
    "reviewPageUrl": "https://www.mobile.de/bewertungen/BAYERN-CAR?lang=en",
    "score": {
      "total": 4.6,
      "responseTime": 4.6,
      "friendliness": 4.7,
      "advice": 4.5
    },
    "activeRatingCount": 47,
    "vehicleAsDescribedPercentage": 94,
    "recommendPercentage": 94,
    "soldVehicleCount": null,
    "reviews": []
  },
  "attributes": {
    "Vehicle condition": "Used vehicle, Accident-free",
    "Category": "Estate car, Demonstration Vehicle",
    "Model range": "G81",
    "Trim line": "xDrive Competition M",
    "Vehicle Number": "25-27616",
    "Availability": "Now",
    "Mileage": "4,250 km",
    "Cubic Capacity": "2,993 ccm",
    "Power": "390 kW (530 hp)",
    "Drive type": "Internal combustion engine",
    "Fuel": "Petrol",
    "CO₂ class": "Based on CO₂ emissions (combined)",
    "Fuel consumption": [
      "10.4 l/100km (combined)"
    ],
    "Energy costs for 15,000 km annual mileage": "€2,886/Year",
    "Fuel price": "€1.85/l (annual average 2024)",
    "Possible CO₂ costs over the next 10 years (15,000 km/year)": [
      "€4,036 (assuming an average CO₂ price of €115/t)",
      "€1,755 (assuming a low average CO₂ price of €50/t)",
      "€6,669 (assuming a high average CO₂ price of €190/t)"
    ],
    "Number of Seats": "5",
    "Door Count": "4/5",
    "Transmission": "Automatic",
    "Emission Class": "Euro6",
    "Emissions Sticker": "4 (Green)",
    "First Registration": "04/2025",
    "Number of Vehicle Owners": "1",
    "HU": "04/2028",
    "Climatisation": "Automatic climatisation, 3 zones",
    "Parking sensors": "Rear, Front, Self-steering systems, 360° camera",
    "Airbags": "Front and Side and More Airbags",
    "Colour (Manufacturer)": "BLACK SAPPHIRE METALLIC",
    "Colour": "Black Metallic",
    "Interior Design": "Full leather, Grey",
    "Weight": "1,940 kg",
    "Cylinders": "6",
    "Energy consumption (comb.)": "10.4 l/100km",
    "CO₂ emissions (comb.)": "234 g/km"
  },
  "features": [
    "ABS",
    "Adaptive cornering lights",
    "Adaptive Cruise Control",
    "Alarm system",
    "Alloy wheels",
    "Ambient lighting",
    "Android Auto",
    "Apple CarPlay",
    "Arm rest",
    "Autom. dimming interior mirror",
    "Blind spot assist",
    "Bluetooth",
    "Cargo barrier",
    "Central locking",
    "DAB radio",
    "Digital cockpit",
    "Distance warning system",
    "Dynamic chassis control",
    "Electric seat adjustment",
    "Electric side mirror",
    "Electric tailgate",
    "Electric windows",
    "Eletric seat adjustment with memory function",
    "Emergency brake assist",
    "Emergency call system",
    "ESP",
    "Fatigue warning system",
    "Folding exterior mirrors",
    "Four-wheel drive",
    "Full Service History",
    "Glare-free high beam headlights",
    "Hands-free kit",
    "Head-up display",
    "Heated seats",
    "Heated steering wheel",
    "High beam assist",
    "Hill-start assist",
    "Immobilizer",
    "Induction charging for smartphones",
    "Integrated music streaming",
    "Isofix",
    "Keyless central locking",
    "Lane change assist",
    "Leather steering wheel",
    "LED headlights",
    "LED running lights",
    "Light sensor",
    "Lumbar support",
    "Multifunction steering wheel",
    "Navigation system",
    "Non-smoker vehicle",
    "On-board computer",
    "Paddle shifters",
    "Particulate filter",
    "Power Steering",
    "Rain sensor",
    "Rear traffic alert",
    "Roof rack",
    "Seat ventilation",
    "Sound system",
    "Speed limit control system",
    "Sport seats",
    "Sports package",
    "Sports suspension",
    "Start-stop system",
    "Summer tyres",
    "Tinted windows",
    "Touchscreen",
    "Traction control",
    "Traffic sign recognition",
    "Tuner/radio",
    "Tyre pressure monitoring",
    "USB port",
    "Voice control",
    "Warranty",
    "WLAN / Wi-Fi hotspot"
  ]
},
{
  "title": "BMW M3 Limousine Competition xDrive/ Facel...",
  "previewImage": "https://img.classistatic.de/api/v1/mo-prod/images/85/856dcb59-940e-4b10-81e4-470e37004b57?rule=mo-1600.jpg",
  "category": "Limousine",
  "brand": "BMW",
  "model": "M3",
  "url": "https://suchen.mobile.de/fahrzeuge/details.html?id=433268239",
  "price.total.amount": 96999,
  "priceRating": {
    "rating": "Fair price",
    "priceRanges": {
      "Very good price": {
        "start": 66901,
        "end": 86900
      },
      "Good price": {
        "start": 86901,
        "end": 93600
      },
      "Fair price": {
        "start": 93601,
        "end": 104100
      },
      "Increased price": {
        "start": 104101,
        "end": 111700
      },
      "High price": {
        "start": 111701,
        "end": 124200
      }
    }
  },
  "description": "BMW M3 Competition xDrive Limousine - Skyscraper Grau -Top Ausstattung - 1. Hand - Unfallfrei - 3 Jahre Werksgarantie\n\nZum Verkauf steht ein *BMW M3 Competition xDrive Limousine* in der Farbe *Skyscraper Grau metallic* mit edler *Leder Merino Silverstone/Schwarz* Innenausstattung. Das Fahrzeug befindet sich in *erstklassigem Zustand*, ist *unfallfrei*, *nachlackierungsfrei*, stammt aus *1. Hand und ist ein *deutsches Fahrzeug.\n\nDas Fahrzeug wurde ausschließlich von Hand gewaschen und stets schonend gepflegt.\n\n*Top-Ausstattung u. a.:*\nM Competition Paket mit xDrive\n19\"/20\" M Schmiederäder Doppelspeiche 826 M Bicolor\nM Interieurleisten 'Carbon Fibre'\nM Sicherheitsgurte\n-Sitzheizung vorne, Fondkopfstützen klappbar\nKomfortzugang & automatische Heckklappenbetätigung\nM Shadow Line Leuchten\nSonnenschutzverglasung\nGalvanikapplikationen für Bedienelemente\nAdaptive LED-Scheinwerfer\nFernlichtassistent\nDriving Assistant (inkl. Spurverlassenswarnung etc.)\nPark Distance Control vorn & hinten\nParkassistent Plus mit Kamera\nDAB-Tuner\nHarman Kardon Sound System\n-Wireless Charging, Apple CarPlay, eSIM\nBMW Live Cockpit Professional\nConnected Package Professional\nAblage für Wireless Charging\nPersonal eSIM\nTeleServices & ConnectedDrive\nReifendruck-Kontrolle\nReifenreparaturset\nRadschraubensicherung\nBlow-by-Heizer\nActive Guard\nDeaktivierung Beifahrerairbag\nFondkopfstützen klappbar\nWarndreieck & Verbandkasten\n\n*Zustand:*\nFahrzeug ist *technisch & optisch einwandfrei*, *kein Wartungsstau*, *TÜV aktuell*, sofort fahrbereit.\n\n*Privatverkauf. Kein Tausch. Kein Export. Besichtigung nach Absprache möglich.*\n\n*Sonstiges:*\n- *Nichtraucherfahrzeug*\n\nBei fragen bitte melden.",
  "dealerDetails": {
    "sellerType": "Private Seller",
    "country": "DE",
    "address": "DE-80638 Nymphenburg",
    "location": {
      "latitude": 48.16075,
      "longitude": 11.50447
    },
    "iconUrl": null,
    "reviewPageUrl": null,
    "score": null,
    "activeRatingCount": null,
    "vehicleAsDescribedPercentage": null,
    "recommendPercentage": null,
    "soldVehicleCount": null,
    "reviews": []
  },
  "attributes": {
    "Vehicle condition": "Used vehicle",
    "Category": "Saloon",
    "Mileage": "8,620 km",
    "Power": "390 kW (530 hp)",
    "Drive type": "Internal combustion engine",
    "Fuel": "Petrol",
    "Transmission": "Automatic",
    "Emissions Sticker": "4 (Green)",
    "First Registration": "02/2025",
    "HU": "02/2028",
    "Climatisation": "A/C (man.)",
    "Parking sensors": "Rear",
    "Colour (Manufacturer)": "GREY"
  },
  "features": [
    "ABS",
    "Alloy wheels",
    "Bluetooth",
    "Cruise control",
    "Full Service History",
    "Hands-free kit",
    "Heated seats",
    "Navigation system",
    "Tuner/radio"
  ]
},
{
  "title": "BMW M3 Touring - UPE 113.760,- € #exclusive",
  "previewImage": "https://img.classistatic.de/api/v1/mo-prod/images/cb/cb42f9f9-e012-4545-8c9d-983604b135f7?rule=mo-1600.jpg",
  "category": "EstateCar",
  "brand": "BMW",
  "model": "M3",
  "url": "https://suchen.mobile.de/fahrzeuge/details.html?id=429686224",
  "price.total.amount": 97300,
  "priceRating": {
    "rating": "Good price",
    "priceRanges": {
      "Very good price": {
        "start": 74601,
        "end": 96900
      },
      "Good price": {
        "start": 96901,
        "end": 104400
      },
      "Fair price": {
        "start": 104401,
        "end": 116100
      },
      "Increased price": {
        "start": 116101,
        "end": 124600
      },
      "High price": {
        "start": 124601,
        "end": 138500
      }
    }
  },
  "description": "Ablagen\nGetränkehalter\n\nAntrieb, Fahrwerk\nAdaptives M Fahrwerk\nAllrad\nM Sportdifferential\n\nAudio\n16 Lautsprecher Harman/Kardon\nAudio Fernbedienung am Lenkrad\nAudio-Anlage\nMedia-Anschlüsse: USB vorne\n\nAußenausstattung\nDachreling Hochglanz Shadow-Line (3MC)\nHeckklappenbetätigung automatisch\nLM-Felgen\nSonnenschutzverglasung (hinten abgedunkelt) (420)\n\nBeleuchtung\nHauptscheinwerfer LED\nHauptscheinwerfer Regulierung:, Lichtsensor\nLED Licht Blinker Abblendlicht Bremslicht Rückleuchten Tagfahrlicht Fernlicht\nTagfahrlicht\n\nBelüftung\nBelüftungssystem mit Aktivkohlefilter\nKlimaanlage\n\nBremsen\nABS\nBerganfahrassistent / Auto Hold\nElektronische Handbremse\nEnergie Rückgewinnung\nScheibenbremsen\n\nDach\nDachreling getönt\n\nEditionen und Pakete\nAblagenpaket\nConnectedDrive Services\nConnectedPackage Professional\nGepäckraum-Paket\nInnovations-Paket (2)\n\nExterieur\nDach und Spiegelkappen schwarz\n\nFahrerassistenz\nFahrassistenz-System: Driving Assistant\nGeschwindigkeitsregelung mit Bremsfunktion\nGesetzlicher Notruf\nHead-Up Display\nParking Assistant\nTeleServices\n\nFahrwerk\nRadaufhängung: Ein-Gelenk-Federbeinachse Mehrlenkerachse, Schrauben\n\nIndividualumfänge\nBMW Individual Dachreling Hochglanz Shadow Line\nBMW Individual Hochglanz Shadow Line mit erweiterten Umfängen\nDachhimmel Individual anthrazit\nHochglanz Shadow Line\n\nInstrumentierung\nBordcomputer mit Durchschnittskraftstoffverbrauch\nDisplay\nKombi-Instrumente TFT Display\nReifendruckkontrolle mit Druckanzeige und Felgensensor\nVerkehrszeichenerkennung\n\nKarosserie\nSportauspuff\n\nKomfort\n12V Steckdose vorne hinten Gepäck/Laderaum\nbeleuchtete Einstiegszone:\nBluetooth\nEinparkassistent hinten, vollautomatisches Ein- und Ausparken 90°\nEinparkhilfe\nelektr. Sitz-Memory mit Außenspiegelposition\nElektrische Heckklappe\nGeschwindigkeitsbegrenzer\nNavigationssystem Informationsart: 3D und Stimme, Bedienung: Touch Screen, Datenquelle: Internet\nParkplatzinformation\nSprachbedienung\nStartknopf\nTelematik 999 Anzahl Monate Vertrag inklusive\n\nKomfort, Innenausstattung\nAmbiente-Beleuchtung\nAußenspiegel elektr. anklappbar\nAutomatische Verriegelung beim Anfahren\nDurchladesystem\nEinparkhilfe selbstlenkendes System\nFensterheber, elektrisch\nFondkopfstützen klappbar\nGalvanikapplikation für Bedienelemente\nInnen- und Aussenspiegel automatisch abblendend\nInnenausstattung: Interieurleisten Carbon\nKlimaautomatic\nKomfortzugang (Öffnungs- und Schließsystem)\nLordosenstuetze fuer Fahrer und Beifahrer\nM Sicherheitsgurte\nM Sportsitze\nSitzheizung fuer Fahrer und Beifahrer\nSitzverstellung, elektrisch mit Memory\nSkisack\nSonnenschutzverglasung\n\nMultimedia\nBMW Live Cockpit Professional\nDAB Tuner\nFreisprecheinrichtung\nHarman Kardon Surround Sound System\nNavigationssystem\nTelefon\n\nRäder\nAlufelgen\nRadschraubensicherung\n\nSitzbezug\nLEDER MERINO\n\nSonstiges\nAblage für Wireless Charging \nABS\nActive Guard\nBlow by-Heizer\nBMW Digital Key\nBMW Individuallackierung Tansanit-Blau II Metallic\nBremsanlage: Compound - M Bremssystem (Bremssättel Schwarz)\nDeutsch / Bordliteratur\nDeutschland-Ausfuehrung\nElektrisch verstellbare Spiegel\nEU-spezifische Zusatzumfaenge\nFahrassistenz-System: Frontkollisionswarnung\nFahrassistenz-System: Heckaufprall-Vermeidung (Prävention Heckkollision)\nFahrassistenz-System: Querverkehrs-Assistent\nFahrassistenz-System: Spurwechselassistent\nFahrassistenz-System: Spurwechsel-Warnsystem\nFahrerairbag\ninterne Steuerung\nKältemittel\nKilometertacho\nLeder\nLM-Felgen vorn/hinten: 9,5x19 / 10,5x20 (Doppelspeichen 826 M, Bicolor, Schwarz)\nM Drive Professional\nMetallic-Lackierung\nMultifunktionslenkrad\nÖlwartungsintervall 24 Monate/30.000 km\nPersonal eSIM \nReifenreparatur-Set\nScheinwerfer BMW Individual Shadow-Line\nSeitenairbag\nSitzbezug / Polsterung: Leder Merino Schwarz\nSportfahrwerk\nSportsitze\nSteuerung Infotainment\nSteuerung Karosserie\nZentralverriegelung\n\nUmwelt, Sicherheit\nAbgasnorm EU6 RDE II\nAktiver Fussgängerschutz\nAlarmanlage\nBeifahrerairbag\nBeifahrerairbag-Deaktivierung\nESP\nFahrassistenz-System: Fernlichtassistent\nInnenspiegel, automatisch abblendend\nKindersitzbefestigung ISOFIX\nLED-Scheinwerfer\nPASM\nRegensensor\nReifen Druck Control\nScheinwerfer LED mit adaptiver Lichtverteilung\nTraction Control\nWarndreieck\n\nLassen Sie sich Ihr individuelles Angebot erstellen!\n\nMaurice Steffen\nTel: 05223-9262-53\nE-Mail: maurice.steffen@becker-tiemann.de\n\nZzgl. 1.090,- € einmalig für das Auslieferungspaket Irrtümer und Zwischenverkauf vorbehalten.",
  "dealerDetails": {
    "id": 462704,
    "name": "Autohaus Becker-Tiemann GmbH & Co. KG",
    "sellerType": "Dealer",
    "phones": [
      "+49 (0)5223 794458044"
    ],
    "languages": [
      "Deutsch",
      "English"
    ],
    "country": "DE",
    "address": "Wasserbreite 88 - 94, DE-32257 Bünde",
    "location": {
      "latitude": 52.2035558,
      "longitude": 8.5874953
    },
    "activeSince": "2001-04-19T00:00:00.000Z",
    "homepageUrl": "https://home.mobile.de/home/redirect.html?customerId=462704",
    "iconUrl": null,
    "reviewPageUrl": "https://www.mobile.de/bewertungen/AH-BECKER-TIEMANN?lang=en",
    "score": {
      "total": 4.3,
      "responseTime": 4.4,
      "friendliness": 4.5,
      "advice": 4.1
    },
    "activeRatingCount": 20,
    "vehicleAsDescribedPercentage": 86,
    "recommendPercentage": 81,
    "soldVehicleCount": null,
    "reviews": []
  },
  "attributes": {
    "Vehicle condition": "New vehicle, Accident-free",
    "Category": "Estate car",
    "Model range": "G81",
    "Trim line": " - UPE 113.760,- € #exclusive",
    "Vehicle Number": "BTBFV40695",
    "Availability": "Now",
    "Origin": "German edition",
    "Mileage": "0 km",
    "Cubic Capacity": "2,993 ccm",
    "Power": "390 kW (530 hp)",
    "Drive type": "Internal combustion engine",
    "Fuel": "Petrol, E10-enabled",
    "CO₂ class": "Based on CO₂ emissions (combined)",
    "Fuel consumption": [
      "10.4 l/100km (combined)",
      "15.8 l/100km (city)",
      "10.3 l/100km (suburban)",
      "8.8 l/100km (country road)",
      "9.8 l/100km (motorway)"
    ],
    "Energy costs for 15,000 km annual mileage": "€2,802/Year",
    "Fuel price": "€1.80/l (annual average 2024)",
    "Possible CO₂ costs over the next 10 years (15,000 km/year)": [
      "€4,477 (assuming an average CO₂ price of €127/t)",
      "€2,115 (assuming a low average CO₂ price of €60/t)",
      "€7,050 (assuming a high average CO₂ price of €200/t)"
    ],
    "Vehicle tax": "€480/Year",
    "Number of Seats": "5",
    "Door Count": "4/5",
    "Transmission": "Automatic",
    "Emission Class": "Euro6",
    "Construction Year": "2025",
    "Number of Vehicle Owners": "0",
    "HU": "New",
    "Climatisation": "Automatic climatisation, 3 zones",
    "Parking sensors": "Front, Self-steering systems, Rear, Camera",
    "Airbags": "Front and Side and More Airbags",
    "Colour (Manufacturer)": "TANSANITBLAU II METALLIC",
    "Colour": "Blue Metallic",
    "Interior Design": "Full leather, Black",
    "Weight": "1,940 kg",
    "Tank capacity": "59 l",
    "Energy consumption (comb.)": "10.4 l/100km",
    "CO₂ emissions (comb.)": "235 g/km"
  },
  "features": [
    "ABS",
    "Adaptive lighting",
    "Alarm system",
    "Alloy wheels",
    "Ambient lighting",
    "Arm rest",
    "Autom. dimming interior mirror",
    "Blind spot assist",
    "Bluetooth",
    "Cargo barrier",
    "CD player",
    "Central locking",
    "Cruise control",
    "DAB radio",
    "Digital cockpit",
    "Distance warning system",
    "Dynamic chassis control",
    "Electric seat adjustment",
    "Electric side mirror",
    "Electric tailgate",
    "Electric windows",
    "Emergency brake assist",
    "Emergency call system",
    "ESP",
    "Four-wheel drive",
    "Glare-free high beam headlights",
    "Hands-free kit",
    "Head-up display",
    "Heated seats",
    "High beam assist",
    "Hill-start assist",
    "Immobilizer",
    "Induction charging for smartphones",
    "Isofix",
    "Keyless central locking",
    "Lane change assist",
    "Leather steering wheel",
    "LED headlights",
    "LED running lights",
    "Light sensor",
    "Lumbar support",
    "Multifunction steering wheel",
    "Navigation system",
    "On-board computer",
    "Particulate filter",
    "Power Steering",
    "Rain sensor",
    "Roof rack",
    "Ski bag",
    "Sound system",
    "Speed limit control system",
    "Sport seats",
    "Sports suspension",
    "Start-stop system",
    "Summer tyres",
    "Tinted windows",
    "Touchscreen",
    "Traction control",
    "Traffic sign recognition",
    "Tuner/radio",
    "Tyre pressure monitoring",
    "USB port",
    "Voice control",
    "WLAN / Wi-Fi hotspot"
  ]
},
{
  "title": "BMW M3 Competition M xDrive - UPE 116.830,00 € #excl",
  "previewImage": "https://img.classistatic.de/api/v1/mo-prod/images/76/766325be-2b4b-45f0-9070-076ab1aa4103?rule=mo-1600.jpg",
  "category": "Limousine",
  "brand": "BMW",
  "model": "M3",
  "url": "https://suchen.mobile.de/fahrzeuge/details.html?id=428673756",
  "price.total.amount": 96907,
  "priceRating": {
    "rating": "Very good price",
    "priceRanges": {
      "Very good price": {
        "start": 75701,
        "end": 98400
      },
      "Good price": {
        "start": 98401,
        "end": 105900
      },
      "Fair price": {
        "start": 105901,
        "end": 117800
      },
      "Increased price": {
        "start": 117801,
        "end": 126500
      },
      "High price": {
        "start": 126501,
        "end": 140500
      }
    }
  },
  "description": "Antrieb, Fahrwerk\nAdaptives M Fahrwerk\nAllrad\nM Sportdifferential\n\nAußenausstattung\nLM-Felgen\nSonnenschutzverglasung (hinten abgedunkelt)\n\nEditionen und Pakete\nAblagenpaket\nConnectedDrive Services\nConnectedPackage Professional\nInnovations-Paket (2)\nM Driver´s Package\n\nFahrerassistenz\nFahrassistenz-System: Driving Assistant Professional\nGesetzlicher Notruf\nHead-Up Display\nParking Assistant\nTeleServices\n\nIndividualumfänge\nBMW Individual Hochglanz Shadow Line mit erweiterten Umfängen\nDachhimmel Individual anthrazit\nHochglanz Shadow Line\n\nKomfort, Innenausstattung\nAmbiente-Beleuchtung\nAußenspiegel elektr. anklappbar\nAutomatische Verriegelung beim Anfahren\nBMW Live Cockpit Professional\nDurchladeeinrichtung (Mittelarmlehne hinten)\nDurchladesystem\nEinparkhilfe selbstlenkendes System\nFahrassistenz-System: Einparkhilfe Seite\nFahrassistenz-System: Park-Assistent\nFensterheber elektrisch vorn + hinten\nFensterheber, elektrisch\nFondkopfstützen klappbar\nFreisprecheinrichtung Bluetooth mit USB-/Audio-Schnittstelle\nGalvanikapplikation für Bedienelemente\nGeschwindigkeits-Begrenzeranlage (Speed Limit Device)\nGeschwindigkeits-Regelanlage mit Bremsfunktion\nHead-up-Display Full Color\nHeckklappenbetätigung automatisch\nInduktionsladeschale für Smartphone (Wireless Charging)\nInnen- und Aussenspiegel automatisch abblendend\nInnenausstattung: Interieurleisten Carbon\nInnenspiegel mit Abblendautomatik\nIsofix-Aufnahmen für Kindersitz\nKlimaautomatic\nKlimaautomatik 3-Zonen mit autom. Umluft-Control\nKomfortzugang (Öffnungs- und Schließsystem)\nLendenwirbelstütze Sitz vorn links und rechts, elektr. verstellbar\nLenkrad (Leder) mit Multifunktion M-Technic\nLenkrad heizbar\nLicht- und Regensensor\nLordosenstuetze fuer Fahrer und Beifahrer\nM Sicherheitsgurte\nM Sportsitze\nMultifunktion für Lenkrad\nParkassistent-Paket\nRadioempfang digital (DAB+)\nRückfahrkamera\nScheibenwischer mit Regensensor\nService-System: Augmented Reality für Navigation\nService-System: WiFi-Direct\nSitze vorn elektr. verstellbar (mit Memory)\nSitzheizung fuer Fahrer und Beifahrer\nSitzheizung vorn\nSitzverstellung, elektrisch mit Memory\nSkisack\nSonnenschutzverglasung\nSound-System Harman-Kardon\nStart/Stop-Anlage (Funktion)\n\nMultimedia\nBMW Live Cockpit Professional\nDAB Tuner\nFreisprecheinrichtung\nHarman Kardon Surround Sound System\nNavigationssystem\nTelefon\n\nRäder\nAlufelgen\nRadschraubensicherung\n\nSitzbezug\nLeder Merino Silverstone/Schwarz\n\nSonstiges\nAblage für Wireless Charging \nABS\nActive Guard\nBlow by-Heizer\nBremsanlage: Compound - M Bremssystem (Bremssättel Rot)\nDekodierung Zusatzfunktionen\nDeutsch / Bordliteratur\nDeutschland-Ausfuehrung\nElektrisch verstellbare Spiegel\nEU-spezifische Zusatzumfaenge\nFahrassistenz-System: aktiver Spurhalteassistent\nFahrassistenz-System: Ampel-Erkennung\nFahrassistenz-System: Ausweich-Assistent\nFahrassistenz-System: Falschfahrwarnung\nFahrassistenz-System: Frontkollisionswarnung\nFahrassistenz-System: Heckaufprall-Vermeidung (Prävention Heckkollision)\nFahrassistenz-System: Kreuzungs-Assistent\nFahrassistenz-System: Querverkehrs-Assistent\nFahrassistenz-System: Spurwechselassistent\nFahrassistenz-System: Spurwechsel-Warnsystem\nFahrerairbag\nGeschwindigkeits-Regelanlage, Aktiv mit Stop&Go-Funktion\nInstrumententafel Luxury\ninterne Steuerung\nKältemittel\nKilometertacho\nLeder\nLM-Felgen vorn/hinten: 9,5x19 / 10,5x20 (Doppelspeichen 826 M, Bicolor, Schwarz)\nM Drive Professional\nMetallic-Lackierung\nMultifunktionslenkrad\nÖlwartungsintervall 24 Monate/30.000 km\nPersonal eSIM \nReifenreparatur-Set\nScheinwerfer BMW Individual Shadow-Line\nSeitenairbag\nSitzbezug / Polsterung: Leder Merino Silverstone / Schwarz\nSportfahrwerk\nSportsitze\nSteuerung Infotainment\nSteuerung Karosserie\nTempomat\nZentralverriegelung\n\nUmwelt, Sicherheit\nAbgasnorm EU6 RDE II\nAktiver Fussgängerschutz\nAlarmanlage\nBeifahrerairbag\nBeifahrerairbag-Deaktivierung\nESP\nFahrassistenz-System: Fernlichtassistent\nInnenspiegel, automatisch abblendend\nKindersitzbefestigung ISOFIX\nLED-Scheinwerfer\nPASM\nRegensensor\nReifen Druck Control\nScheinwerfer LED mit adaptiver Lichtverteilung\nTraction Control\nWarndreieck\n\nNeupreis: 116.829,99 EUR inkl. MwSt.\nEin individuelles Leasingangebot ist auf Anfrage möglich.\n\nIhre Ansprechpartner bei uns im Haus:\nDennis Rybka Tel. 05225-878537 Mail: dennis.rybka@becker-tiemann.de\nNico Hinzmann Tel. 05225-878518 Mail: nico.hinzmann@becker-tiemann.de\n\nLassen Sie sich Ihr individuelles Angebot erstellen!\nZzgl. 1.090€ einmalig für das Auslieferungspaket. Irrtümer und Zwischenverkauf vorbehalten.",
  "dealerDetails": {
    "id": 31027996,
    "name": "Autohaus Becker-Tiemann Spenge GmbH & Co KG",
    "sellerType": "Dealer",
    "phones": [
      "+49 (0)5225 899502887"
    ],
    "languages": [
      "Deutsch",
      "English",
      "Türkçe"
    ],
    "country": "DE",
    "address": "Düttingdorfer Str. 342, DE-32139 Spenge",
    "location": {
      "latitude": 52.1279492,
      "longitude": 8.4149624
    },
    "activeSince": "2000-09-13T00:00:00.000Z",
    "homepageUrl": "https://home.mobile.de/home/redirect.html?customerId=31027996",
    "iconUrl": null,
    "reviewPageUrl": "https://www.mobile.de/bewertungen/AUTOHAUSBECKERTIEMANNSPENGEGMBHCOKG?lang=en",
    "score": {
      "total": 4.2,
      "responseTime": 4.2,
      "friendliness": 4.4,
      "advice": 4.1
    },
    "activeRatingCount": 14,
    "vehicleAsDescribedPercentage": 92,
    "recommendPercentage": 83,
    "soldVehicleCount": null,
    "reviews": []
  },
  "attributes": {
    "Vehicle condition": "New vehicle, Accident-free",
    "Category": "Saloon",
    "Model range": "G80",
    "Trim line": " M xDrive - UPE 116.830,00 € #exclusive",
    "Vehicle Number": "FV32626",
    "Availability": "Now",
    "Origin": "German edition",
    "Mileage": "0 km",
    "Cubic Capacity": "2,993 ccm",
    "Power": "390 kW (530 hp)",
    "Drive type": "Internal combustion engine",
    "Fuel": "Petrol, E10-enabled",
    "CO₂ class": "Based on CO₂ emissions (combined)",
    "Fuel consumption": [
      "10.1 l/100km (combined)",
      "15.4 l/100km (city)",
      "10.1 l/100km (suburban)",
      "8.7 l/100km (country road)",
      "9.5 l/100km (motorway)"
    ],
    "Energy costs for 15,000 km annual mileage": "€2,721/Year",
    "Fuel price": "€1.80/l (annual average 2024)",
    "Possible CO₂ costs over the next 10 years (15,000 km/year)": [
      "€4,362 (assuming an average CO₂ price of €127/t)",
      "€2,061 (assuming a low average CO₂ price of €60/t)",
      "€6,870 (assuming a high average CO₂ price of €200/t)"
    ],
    "Vehicle tax": "€456/Year",
    "Number of Seats": "5",
    "Door Count": "4/5",
    "Transmission": "Automatic",
    "Emission Class": "Euro6",
    "Construction Year": "2025",
    "Number of Vehicle Owners": "0",
    "HU": "New",
    "Climatisation": "Automatic climatisation, 3 zones",
    "Parking sensors": "Front, Self-steering systems, Rear, Camera",
    "Airbags": "Front and Side and More Airbags",
    "Colour (Manufacturer)": "Saphirschwarz",
    "Colour": "Black Metallic",
    "Interior Design": "Full leather, Other",
    "Weight": "1,855 kg",
    "Tank capacity": "59 l",
    "Energy consumption (comb.)": "10.1 l/100km",
    "CO₂ emissions (comb.)": "229 g/km"
  },
  "features": [
    "ABS",
    "Adaptive cornering lights",
    "Adaptive Cruise Control",
    "Alarm system",
    "Alloy wheels",
    "Ambient lighting",
    "Android Auto",
    "Apple CarPlay",
    "Arm rest",
    "Autom. dimming interior mirror",
    "Blind spot assist",
    "Bluetooth",
    "Central locking",
    "DAB radio",
    "Digital cockpit",
    "Distance warning system",
    "Dynamic chassis control",
    "Electric seat adjustment",
    "Electric side mirror",
    "Electric tailgate",
    "Electric windows",
    "Eletric seat adjustment with memory function",
    "Emergency brake assist",
    "Emergency call system",
    "ESP",
    "Fatigue warning system",
    "Four-wheel drive",
    "Full Service History",
    "Glare-free high beam headlights",
    "Hands-free kit",
    "Head-up display",
    "Heated seats",
    "Heated steering wheel",
    "High beam assist",
    "Hill-start assist",
    "Immobilizer",
    "Induction charging for smartphones",
    "Isofix",
    "Keyless central locking",
    "Lane change assist",
    "Leather steering wheel",
    "LED headlights",
    "LED running lights",
    "Light sensor",
    "Lumbar support",
    "Multifunction steering wheel",
    "Navigation system",
    "Non-smoker vehicle",
    "On-board computer",
    "Paddle shifters",
    "Particulate filter",
    "Power Steering",
    "Rain sensor",
    "Rear traffic alert",
    "Ski bag",
    "Sound system",
    "Speed limit control system",
    "Sport seats",
    "Sports package",
    "Sports suspension",
    "Start-stop system",
    "Summer tyres",
    "Tinted windows",
    "Touchscreen",
    "Traction control",
    "Traffic sign recognition",
    "Tuner/radio",
    "Tyre pressure monitoring",
    "USB port",
    "Voice control",
    "Warranty",
    "WLAN / Wi-Fi hotspot"
  ]
},
{
  "title": "BMW M3 Competition M xDrive Limousine Carbon Ex+Inne",
  "previewImage": "https://img.classistatic.de/api/v1/mo-prod/images/71/7196b1a7-fea9-4e80-9e85-c72f53b4c3c7?rule=mo-1600.jpg",
  "category": "Limousine",
  "brand": "BMW",
  "model": "M3",
  "url": "https://suchen.mobile.de/fahrzeuge/details.html?id=428767941",
  "price.total.amount": 96800,
  "priceRating": {
    "rating": "Fair price",
    "priceRanges": {
      "Very good price": {
        "start": 66801,
        "end": 86800
      },
      "Good price": {
        "start": 86801,
        "end": 93500
      },
      "Fair price": {
        "start": 93501,
        "end": 104000
      },
      "Increased price": {
        "start": 104001,
        "end": 111600
      },
      "High price": {
        "start": 111601,
        "end": 124000
      }
    }
  },
  "description": "Ablagen\nGetränkehalter\n\nAntrieb, Fahrwerk\nAdaptives M Fahrwerk\nAllrad\nBremsanlage: Compound - M Bremssystem (Bremssättel Rot)\nM Drive Professional\nM Sportdifferenzial\nSportfahrwerk\n\nAudio\n16 Lautsprecher Harman/Kardon\nAudio Fernbedienung am Lenkrad\nAudio-Anlage\nMedia-Anschlüsse: USB vorne\n\nBeleuchtung\nHauptscheinwerfer LED\nHauptscheinwerfer Regulierung:, Lichtsensor\nLED Licht Blinker Abblendlicht Bremslicht Rückleuchten Tagfahrlicht Fernlicht\nTagfahrlicht\n\nBelüftung\nBelüftungssystem mit Aktivkohlefilter\nKlimaanlage\n\nBremsen\nABS\nBerganfahrassistent / Auto Hold\nElektronische Handbremse\nEnergie Rückgewinnung\nScheibenbremsen\n\nEditionen und Pakete\nAblagenpaket\nConnected Package Professional (laufzeitgebundener Dienst)\nConnectedDrive Services (laufzeitgebundener Dienst)\nExterieur-Paket M Carbon\nInnovations-Paket (2)\n\nFahrerassistenz\nBMW Drive Recorder (Dashcam)\nFahrassistenz-System: Driving Assistant Professional\nGesetzlicher Notruf\nHead-Up Display\nParkassistent-Paket Plus\nRückfahrkamera\nSpurverlassenswarnung\nSpurwechselwarnung\nTeleservices\n\nFahrwerk\nRadaufhängung: Ein-Gelenk-Federbeinachse Mehrlenkerachse, Schrauben\n\nIndividualumfänge\nM Hochglanz Shadow Line\nM Hochglanz Shadow Line mit erweiterten Umfängen\nScheinwerfer BMW Individual Shadow-Line\n\nInstrumentierung\nBordcomputer mit Durchschnittskraftstoffverbrauch\nDisplay\nKombi-Instrumente TFT Display\nReifendruckkontrolle mit Druckanzeige und Felgensensor\n\nKomfort, Innenausstattung\nAbstandsregeltempomat\nDurchladesystem\nEinparkhilfe selbstlenkendes System\nFensterheber, elektrisch\nFondkopfstützen klappbar\nGalvanikapplikation für Bedienelemente\nHeckklappenbetätigung automatisch\nInnen- und Außenspiegelpaket\nInnenausstattung: Interieurleisten Carbon\nKeyless Entry\nKlimaautomatik\nKomfortzugang (Öffnungs- und Schließsystem)\nLeder\nLederlenkrad\nLordose\nLordosenstütze für Fahrer und Beifahrer\nM Sicherheitsgurte\nM Sportsitze\nMultifunktionslenkrad\nSitzheizung für Fahrer und Beifahrer\nSitzverstellung elektrisch mit Memory für Fahrersitz\nSonnenschutzverglasung\nSportsitze\nSpurhalteassistent\nTempomat\nVerglasung Akustikglas\nZentralverriegelung\n\nMultimedia\nBluetooth\nBMW Live Cockpit Professional (laufzeitgebundener Dienst)\nDAB Tuner\nFreisprecheinrichtung\nHarman Kardon Surround Sound System\nNavigationssystem\nRadio\nTelefon\nUSB Schnittstelle\n\nRäder\nAlufelgen\nLM-Felgen vorn/hinten: 9,5x19 / 10,5x20 (Doppelspeichen 825 M, Bicolor, Schwarz)\nRadschraubensicherung\nReifenreparatur Set\n\nSitzbezug\nVollleder Merino Silverstone/Schwarz\n\nSonstiges\n19\"/20\" M Schmiederäder Doppelspeiche 825 M Bicolor Schwarz / MB\nAbdeckkappen Außenspiegel M Carbon\nAblage für Wireless Charging\nActive Guard\nActive Protection\nAdaptiver LED-Scheinwerfer\nAkustikverglasung\nAutomatische Heckklappenbetätigung\nBlow by-Heizer\nBMW Drive Recorder\nBMW Individuallackierung Tansanit-Blau II Metallic\nDekodierung Zusatzfunktionen\nDeutsch / Bordliteratur\nDeutschland-Ausfuehrung\nDriving Assistant Professional\nElektrisch verstellbare Spiegel\nEU-spezifische Zusatzumfaenge\nFahrassistenz-System: aktiver Spurhalteassistent\nFahrassistenz-System: Ampel-Erkennung\nFahrassistenz-System: Ausweich-Assistent\nFahrassistenz-System: Einparkhilfe Seite\nFahrassistenz-System: Falschfahrwarnung\nFahrassistenz-System: Frontkollisionswarnung\nFahrassistenz-System: Heckaufprall-Vermeidung (Prävention Heckkollision)\nFahrassistenz-System: Kreuzungs-Assistent\nFahrassistenz-System: Park-Assistent\nFahrassistenz-System: Querverkehrs-Assistent\nFahrassistenz-System: Rückfahr-Assistent\nFahrassistenz-System: Rückfahrhilfe Notbremsfunktion (Active PDC)\nFahrassistenz-System: Spurwechselassistent\nFahrassistenz-System: Spurwechsel-Warnsystem\nFernlichtassistent\nGeschwindigkeits-Regelanlage, Aktiv mit Stop&Go-Funktion\nHeckdiffusor Carbon\nInnovationspaket\nKaeltemittel\nKilometertacho\nKomfortzugang\nM Carbon Exterieurpaket\nM Compound-Bremse, rot hochglänzend\nM Interieurleisten 'Carbon Fibre'\nM Leuchten Shadow Line\nMetallic-Lackierung\nÖlwartungsintervall 24 Monate/30.000 km\nParking Assistant Plus\nPersonal eSIM\nReifendruckkontrollsystem\nRückfahrkamera\nRückfahrkamera (Top View)\nService-System: Remote 3D View\nSitzbezug / Polsterung: Voll-Leder Merino Silverstone / Schwarz\nSteuerung EfficientDynamics\nSteuerung Infotainment\nSteuerung Karosserie\nSurround-Kamerasystem (Surround View)\n\nUmwelt, Sicherheit\nAbgasnorm EU6 RDE II\nABS\nAktiver Fußgängerschutz\nAlarmanlage mit Fernbedienung\nAuto Start/Stop Funktion \nBeifahrerairbag\nBeifahrerairbag-Deaktivierung\nDiebstahlwarnanlage\nESP\nFahrassistenz-System: Fernlichtassistent\nFahrerairbag\nInnenspiegel automatisch abblendend\nKindersitzbefestigung ISOFIX\nKopfairbag\nLED-Scheinwerfer\nLichtsensor\nNotbremsassistent\nPASM\nRegensensor\nReifendruck-Kontrolle\nScheinwerfer LED mit adaptiver Lichtverteilung\nSeitenairbag\nSicherheitssystem Active Protection\nTraction Control\nWarndreieck\nIrrtümer und Zwischenverkauf vorbehalten.",
  "dealerDetails": {
    "id": 38121462,
    "name": "MOTORHEIMAT Wagner - Schwarz GmbH & Co. KG",
    "sellerType": "Dealer",
    "phones": [
      "+49 (0)8091 393900664"
    ],
    "languages": [
      "Deutsch"
    ],
    "country": "DE",
    "address": "Münchner Straße 80, DE-85614 Kirchseeon",
    "location": {
      "latitude": 48.0769786,
      "longitude": 11.8812823
    },
    "activeSince": "2003-01-29T00:00:00.000Z",
    "homepageUrl": "https://home.mobile.de/home/redirect.html?customerId=38121462",
    "iconUrl": null,
    "reviewPageUrl": "https://www.mobile.de/bewertungen/MOTORHEIMATWAGNERSCHWARZGMBHCOKGKIRCHSEEON?lang=en",
    "score": {
      "total": 4.3,
      "responseTime": 4.3,
      "friendliness": 4.6,
      "advice": 4.1
    },
    "activeRatingCount": 15,
    "vehicleAsDescribedPercentage": 84,
    "recommendPercentage": 72,
    "soldVehicleCount": null,
    "reviews": []
  },
  "attributes": {
    "Vehicle condition": "Used vehicle, Accident-free",
    "Category": "Saloon, Employee's Car",
    "Model range": "G80",
    "Trim line": "M xDrive Limousine Carbon Ex+Innen ACC 360°",
    "Availability": "Now",
    "Origin": "German edition",
    "Mileage": "15,300 km",
    "Cubic Capacity": "2,993 ccm",
    "Power": "390 kW (530 hp)",
    "Drive type": "Internal combustion engine",
    "Fuel": "Petrol, E10-enabled",
    "CO₂ class": "Based on CO₂ emissions (combined)",
    "Fuel consumption": [
      "10.2 l/100km (combined)",
      "15.4 l/100km (city)",
      "10.1 l/100km (suburban)",
      "8.7 l/100km (country road)",
      "9.5 l/100km (motorway)"
    ],
    "Energy costs for 15,000 km annual mileage": "€0/Year",
    "Fuel price": "€1.80/l (annual average 2024)",
    "Possible CO₂ costs over the next 10 years (15,000 km/year)": [
      "€0 (assuming an average CO₂ price of €127/t)",
      "€0 (assuming a low average CO₂ price of €60/t)",
      "€0 (assuming a high average CO₂ price of €200/t)"
    ],
    "Vehicle tax": "€460/Year",
    "Number of Seats": "5",
    "Door Count": "4/5",
    "Transmission": "Automatic",
    "Emission Class": "Euro6",
    "First Registration": "01/2025",
    "Construction Year": "2024",
    "Number of Vehicle Owners": "1",
    "HU": "New",
    "Climatisation": "Automatic climatisation, 3 zones",
    "Parking sensors": "Front, Self-steering systems, Rear, 360° camera",
    "Airbags": "Front and Side and More Airbags",
    "Colour (Manufacturer)": "BMW Individual Tansanitblau",
    "Colour": "Blue Metallic",
    "Interior Design": "Full leather, Black",
    "Weight": "1,855 kg",
    "Cylinders": "6",
    "Tank capacity": "59 l",
    "Energy consumption (comb.)": "10.2 l/100km",
    "CO₂ emissions (comb.)": "230 g/km"
  },
  "features": [
    "ABS",
    "Adaptive cornering lights",
    "Adaptive Cruise Control",
    "Alarm system",
    "Alloy wheels",
    "Ambient lighting",
    "Android Auto",
    "Apple CarPlay",
    "Arm rest",
    "Autom. dimming interior mirror",
    "Blind spot assist",
    "Bluetooth",
    "Central locking",
    "DAB radio",
    "Digital cockpit",
    "Distance warning system",
    "Dynamic chassis control",
    "Electric seat adjustment",
    "Electric side mirror",
    "Electric tailgate",
    "Electric windows",
    "Eletric seat adjustment with memory function",
    "Emergency brake assist",
    "Emergency call system",
    "Emergency tyre repair kit",
    "ESP",
    "Fatigue warning system",
    "Folding exterior mirrors",
    "Four-wheel drive",
    "Full Service History",
    "Glare-free high beam headlights",
    "Hands-free kit",
    "Head-up display",
    "Heated seats",
    "High beam assist",
    "Hill-start assist",
    "Immobilizer",
    "Induction charging for smartphones",
    "Integrated music streaming",
    "Isofix",
    "Keyless central locking",
    "Lane change assist",
    "Leather steering wheel",
    "LED headlights",
    "LED running lights",
    "Light sensor",
    "Lumbar support",
    "Multifunction steering wheel",
    "Navigation system",
    "Non-smoker vehicle",
    "On-board computer",
    "Paddle shifters",
    "Particulate filter",
    "Power Steering",
    "Rain sensor",
    "Rear traffic alert",
    "Ski bag",
    "Sound system",
    "Speed limit control system",
    "Sport seats",
    "Sports package",
    "Sports suspension",
    "Start-stop system",
    "Summer tyres",
    "Tinted windows",
    "Touchscreen",
    "Traction control",
    "Traffic sign recognition",
    "Tuner/radio",
    "Tyre pressure monitoring",
    "USB port",
    "Voice control",
    "Warranty"
  ]
},
{
  "title": "BMW M3 Competition M Carnon Schalensitz, M xDrive To",
  "previewImage": "https://img.classistatic.de/api/v1/mo-prod/images/1e/1e2676ce-6a44-4130-93f3-a75bccd72a7b?rule=mo-1600.jpg",
  "category": "EstateCar",
  "brand": "BMW",
  "model": "M3",
  "url": "https://suchen.mobile.de/fahrzeuge/details.html?id=434212538",
  "price.total.amount": 97500,
  "priceRating": {
    "rating": "Fair price",
    "priceRanges": {
      "Very good price": {
        "start": 65001,
        "end": 84500
      },
      "Good price": {
        "start": 84501,
        "end": 91000
      },
      "Fair price": {
        "start": 91001,
        "end": 101300
      },
      "Increased price": {
        "start": 101301,
        "end": 108700
      },
      "High price": {
        "start": 108701,
        "end": 120800
      }
    }
  },
  "description": "Sonstiges\nAblage für Wireless Charging\nActive Guard\nBlow by-Heizer\nBMW Apps\nDekodierung Zusatzfunktionen\nKaeltemittel\nM Interieurleisten Aluminium Rhombicle Anthrazit\nMWSt ausweisbar\nPersonal eSIM\nSteuerung EfficientDynamics\nSteuerung Karosserie\nUnfallfrei\n\nAntrieb, Fahrwerk\nAdaptives M Fahrwerk\nAllrad\nM Drive Professional\nM Sportdifferenzial\nSportfahrwerk\n\nEditionen und Pakete\nAblagenpaket\nConnected Package Professional (laufzeitgebundener Dienst)\nConnectedDrive Services (laufzeitgebundener Dienst)\nGepäckraumpaket\nInnovationspaket\n\nExterieur\nDach und Spiegelkappen schwarz\nDachreling\n\nFahrerassistenz\nBMW Drive Recorder\nDriving Assistant Professional\nGesetzlicher Notruf\nParking Assistant Plus\nTeleservices\n\nIndividualumfänge\nIndividual\nM Dachreling Hochglanz Shadow Line\nM Hochglanz Shadow Line\nM Hochglanz Shadow Line mit erweiterten Umfängen\nM Leuchten Shadow Line\n\nKomfort, Innenausstattung\nAkustikverglasung\nFondkopfstützen klappbar\nGalvanikapplikation für Bedienelemente\nInnen- und Außenspiegelpaket\nKlimaautomatik\nKomfortzugang\nLeder\nLenkradheizung\nM Carbon Schalensitze\nM Sicherheitsgurte\nSitzheizung für Fahrer und Beifahrer\nSitzverstellung elektrisch mit Memory für Fahrersitz\nSonnenschutzrollo für hintere Türseitenscheiben\nSonnenschutzverglasung\n\nMultimedia\nBMW Live Cockpit Professional (laufzeitgebundener Dienst)\nDAB Tuner\nHarman Kardon Surround Sound System\n\nRäder\n19\"/20\" M Schmiederäder Doppelspeiche 825 M Bicolor Schwarz / MB\nRadschraubensicherung\nReifenreparatur Set\n\nSitzbezug\nLeder Merino Schwarz/Schwarz\n\nUmwelt, Sicherheit\nAbgasnorm EU6 RDE II\nABS\nActive Protection\nAdaptiver LED-Scheinwerfer\nAktiver Fußgängerschutz\nAlarmanlage mit Fernbedienung\nBeifahrerairbag-Deaktivierung\nFernlichtassistent\nInnenspiegel automatisch abblendend\nReifendruck-Kontrolle\n\nUnverbindliche Preisempfehlung des Herstellers am Tag der Erstzulassung: 122.880,00 € inkl. Irrtümer und Zwischenverkauf vorbehalten.",
  "dealerDetails": {
    "id": 461414,
    "name": "Autohaus Joas OHG",
    "sellerType": "Dealer",
    "phones": [
      "+49 (0)9071 582823693"
    ],
    "languages": [
      "Deutsch",
      "English"
    ],
    "country": "DE",
    "address": "Am Reitweg 10, DE-89407 Dillingen",
    "location": {
      "latitude": 48.5774351,
      "longitude": 10.5001204
    },
    "activeSince": "2002-09-11T00:00:00.000Z",
    "homepageUrl": "https://home.mobile.de/home/redirect.html?customerId=461414",
    "iconUrl": "https://img.classistatic.de/api/v1/mo-prod/images/6e/6e416c29-a61c-4674-9898-90607c116227?rule=mo-640.jpg",
    "reviewPageUrl": "https://www.mobile.de/bewertungen/AH-E-JOAS?lang=en",
    "score": {
      "total": 4.5,
      "responseTime": 4.5,
      "friendliness": 4.6,
      "advice": 4.4
    },
    "activeRatingCount": 37,
    "vehicleAsDescribedPercentage": 97,
    "recommendPercentage": 88,
    "soldVehicleCount": null,
    "reviews": []
  },
  "attributes": {
    "Vehicle condition": "Used vehicle, Accident-free",
    "Category": "Estate car, Employee's Car",
    "Model range": "G81",
    "Trim line": "M Carnon Schalensitz, M xDrive Touring HK HiFi DAB LED",
    "Vehicle Number": "029881",
    "Availability": "Now",
    "Mileage": "18,500 km",
    "Cubic Capacity": "2,993 ccm",
    "Power": "390 kW (530 hp)",
    "Drive type": "Internal combustion engine",
    "Fuel": "Petrol",
    "CO₂ class": "Based on CO₂ emissions (combined)",
    "Fuel consumption": [
      "10.4 l/100km (combined)",
      "15.8 l/100km (city)",
      "10.3 l/100km (suburban)",
      "8.8 l/100km (country road)",
      "9.8 l/100km (motorway)"
    ],
    "Energy costs for 15,000 km annual mileage": "€2,802/Year",
    "Fuel price": "€1.80/l (annual average 2024)",
    "Possible CO₂ costs over the next 10 years (15,000 km/year)": [
      "€4,458 (assuming an average CO₂ price of €127/t)",
      "€2,106 (assuming a low average CO₂ price of €60/t)",
      "€7,020 (assuming a high average CO₂ price of €200/t)"
    ],
    "Vehicle tax": "€476/Year",
    "Number of Seats": "5",
    "Door Count": "4/5",
    "Transmission": "Automatic",
    "Emission Class": "Euro6",
    "Emissions Sticker": "4 (Green)",
    "First Registration": "02/2025",
    "Number of Vehicle Owners": "1",
    "HU": "New",
    "Climatisation": "Automatic air conditioning",
    "Parking sensors": "Front, Rear, Self-steering systems",
    "Airbags": "Front and Side Airbags",
    "Colour (Manufacturer)": "Borusan Turkish Blue",
    "Colour": "Blue",
    "Interior Design": "Full leather, Black",
    "Cylinders": "6",
    "Energy consumption (comb.)": "10.4 l/100km",
    "CO₂ emissions (comb.)": "234 g/km"
  },
  "features": [
    "ABS",
    "Adaptive Cruise Control",
    "Adaptive lighting",
    "Alarm system",
    "Alloy wheels",
    "Autom. dimming interior mirror",
    "Blind spot assist",
    "Bluetooth",
    "Central locking",
    "DAB radio",
    "Digital cockpit",
    "Distance warning system",
    "Electric seat adjustment",
    "Electric side mirror",
    "Electric windows",
    "Eletric seat adjustment with memory function",
    "Emergency call system",
    "ESP",
    "Four-wheel drive",
    "Full Service History",
    "Glare-free high beam headlights",
    "Heated seats",
    "Heated steering wheel",
    "High beam assist",
    "Immobilizer",
    "Induction charging for smartphones",
    "Isofix",
    "Keyless central locking",
    "Lane change assist",
    "LED headlights",
    "LED running lights",
    "Light sensor",
    "Multifunction steering wheel",
    "Navigation system",
    "Non-smoker vehicle",
    "On-board computer",
    "Power Steering",
    "Roof rack",
    "Sound system",
    "Sport seats",
    "Sports suspension",
    "Tinted windows",
    "Touchscreen",
    "Traction control",
    "Tuner/radio",
    "Tyre pressure monitoring",
    "Voice control",
    "Warranty"
  ]
},
{
  "title": "BMW M3 Touring/Competition*ACC*Carbon*Servicepaket",
  "previewImage": "https://img.classistatic.de/api/v1/mo-prod/images/6c/6c2ca465-cab2-4b02-8cde-bbb62ac9e363?rule=mo-1600.jpg",
  "category": "EstateCar",
  "brand": "BMW",
  "model": "M3",
  "url": "https://suchen.mobile.de/fahrzeuge/details.html?id=434520772",
  "price.total.amount": 97500,
  "priceRating": {
    "rating": "Fair price",
    "priceRanges": {
      "Very good price": {
        "start": 66601,
        "end": 86600
      },
      "Good price": {
        "start": 86601,
        "end": 93300
      },
      "Fair price": {
        "start": 93301,
        "end": 103800
      },
      "Increased price": {
        "start": 103801,
        "end": 111400
      },
      "High price": {
        "start": 111401,
        "end": 123800
      }
    }
  },
  "description": "Angeboten wird hier ein komplett schwarzer M3 Touring aus gepflegtem Erstbesitz . Fahrzeug wurde zu 97% bei schönwetter gefahren. \nDas Fahrzeug wurde ausschließlich mit Handwäsche gewaschen, und es wurden Distanzscheiben verbaut, ansonsten befindet sich da sFahrzeug im absolutem Originalzustand.\nAb Tag 1 wurden auch alle Fussmatten und die Kofferraumwann eingelegt. Das Fahrzeug riecht noch nach Neuwagen und besitzt auch das Serviepaket.\n\nNeben der umfangreichen Serienausstattung besitzt das Fahrzeug folgende Sonderausstattung:\n\nS03M6 M Compound-Bremse, schwarz hochglänzend\nS0417 Sonnenschutzrollo für hintere Türseitenscheiben\nS04NW Instrumententafel Luxury\nS05AC Fernlichtassistent\nS05AL Active Protection\nS06DR BMW Drive Recorder\nS07ME M Driver's Package\nS08TR Dekodierung Zusatzfunktionen\nS09DE Ultimate Package\nS0248 Lenkradheizung\nS0322 Komfortzugang\nS03MF M Leuchten Shadow Line\nS0418 Gepäckraumpaket\nS0552 Adaptiver LED-Scheinwerfer\nS05AU Driving Assistant Professional\nS05DN Parking Assistant Plus\nS071C M Carbon Exterieurpaket\n\nDas Fahrzeug wird verkauft aufgrund familiärer Umstände, bei Interesse bitte einfach anschreiben.",
  "dealerDetails": {
    "id": 950415,
    "sellerType": "Private Seller",
    "country": "DE",
    "address": "DE-28816 Stuhr",
    "location": {
      "latitude": 53.0063839,
      "longitude": 8.7178351
    },
    "iconUrl": null,
    "reviewPageUrl": null,
    "score": null,
    "activeRatingCount": null,
    "vehicleAsDescribedPercentage": null,
    "recommendPercentage": null,
    "soldVehicleCount": null,
    "reviews": []
  },
  "attributes": {
    "Vehicle condition": "Used vehicle, Accident-free",
    "Category": "Estate car",
    "Mileage": "5,900 km",
    "Cubic Capacity": "2,993 ccm",
    "Power": "390 kW (530 hp)",
    "Drive type": "Internal combustion engine",
    "Fuel": "Petrol",
    "Number of Seats": "5",
    "Door Count": "4/5",
    "Transmission": "Automatic",
    "Emission Class": "Euro 6e",
    "Emissions Sticker": "4 (Green)",
    "First Registration": "02/2025",
    "Number of Vehicle Owners": "1",
    "HU": "02/2028",
    "Climatisation": "Automatic climatisation, 3 zones",
    "Parking sensors": "Rear, Front, Self-steering systems, 360° camera",
    "Airbags": "Front and Side and More Airbags",
    "Colour": "Black Metallic",
    "Interior Design": "Full leather, Black"
  },
  "features": [
    "ABS",
    "Adaptive cornering lights",
    "Adaptive Cruise Control",
    "Alarm system",
    "Alloy wheels",
    "Ambient lighting",
    "Android Auto",
    "Apple CarPlay",
    "Arm rest",
    "Autom. dimming interior mirror",
    "Blind spot assist",
    "Bluetooth",
    "Cargo barrier",
    "Central locking",
    "DAB radio",
    "Digital cockpit",
    "Distance warning system",
    "Electric seat adjustment",
    "Electric side mirror",
    "Electric tailgate",
    "Electric windows",
    "Emergency brake assist",
    "Emergency call system",
    "Emergency tyre repair kit",
    "ESP",
    "Four-wheel drive",
    "Full Service History",
    "Glare-free high beam headlights",
    "Hands-free kit",
    "Head-up display",
    "Heated seats",
    "Heated steering wheel",
    "High beam assist",
    "Hill-start assist",
    "Immobilizer",
    "Induction charging for smartphones",
    "Integrated music streaming",
    "Isofix",
    "Keyless central locking",
    "Lane change assist",
    "Leather steering wheel",
    "LED headlights",
    "LED running lights",
    "Light sensor",
    "Lumbar support",
    "Multifunction steering wheel",
    "Navigation system",
    "Non-smoker vehicle",
    "On-board computer",
    "Paddle shifters",
    "Particulate filter",
    "Power Steering",
    "Rain sensor",
    "Roof rack",
    "Sound system",
    "Speed limit control system",
    "Sport seats",
    "Sports package",
    "Start-stop system",
    "Summer tyres",
    "Touchscreen",
    "Traction control",
    "Traffic sign recognition",
    "Tuner/radio",
    "Tyre pressure monitoring",
    "USB port",
    "Voice control",
    "Warranty",
    "WLAN / Wi-Fi hotspot"
  ]
},
{
  "title": "BMW M3 Competition M XDR",
  "previewImage": "https://img.classistatic.de/api/v1/mo-prod/images/00/00ceec23-e7b1-4bde-84e0-7db0793fc485?rule=mo-1600.jpg",
  "category": "EstateCar",
  "brand": "BMW",
  "model": "M3",
  "url": "https://suchen.mobile.de/fahrzeuge/details.html?id=434260938",
  "price.total.amount": 97745,
  "priceRating": {
    "rating": "Very good price",
    "priceRanges": {
      "Very good price": {
        "start": 77501,
        "end": 100700
      },
      "Good price": {
        "start": 100701,
        "end": 108500
      },
      "Fair price": {
        "start": 108501,
        "end": 120700
      },
      "Increased price": {
        "start": 120701,
        "end": 129500
      },
      "High price": {
        "start": 129501,
        "end": 143900
      }
    }
  },
  "description": "Antrieb, Fahrwerk\nAdaptives M Fahrwerk\nAllrad\nBremsanlage: Compound - M Bremssystem (Bremssättel Rot)\nM Drive Professional\nM Sportdifferential\nSportfahrwerk\n\nEditionen und Pakete\nAblagenpaket\nConnectedDrive Services (laufzeitgebundener Dienst)\nConnectedPackage Professional (laufzeitgebundener Dienst)\nInnovations-Paket (2)\n\nExterieur\nDach und Spiegelkappen schwarz\nDachreling\nElektrische Gepäckraumklappe\n\nFahrerassistenz\nFahrassistenz-System: Driving Assistant Professional\nGesetzlicher Notruf\nHead-Up Display\nParkassistent-Paket Plus\nRückfahrkamera\nSpurverlassenswarnung\nSpurwechselwarnung\nTeleServices\n\nIndividualumfänge\nBMW Individual Dachreling Hochglanz Shadow Line\nBMW Individual Hochglanz Shadow Line\nBMW Individual Hochglanz Shadow Line mit erweiterten Umfängen\nDachhimmel Individual anthrazit\n\nKomfort, Innenausstattung\nAbstandsregeltempomat\nAutomatische Verriegelung beim Anfahren\nDurchladesystem\nEinparkhilfe selbstlenkendes System\nFensterheber, elektrisch\nFondkopfstützen klappbar\nGalvanikapplikation für Bedienelemente\nInnen- und Aussenspiegel automatisch abblendend\nInnenausstattung: Interieurleisten Carbon\nKeyless Entry\nKlimaautomatic\nKomfortzugang (Öffnungs- und Schließsystem)\nLeder\nLederlenkrad\nLenkrad (M Sport, Alcantara)\nLordose\nLordosenstuetze fuer Fahrer und Beifahrer\nM Sicherheitsgurte\nM Sportsitze\nMultifunktionslenkrad\nSitzheizung fuer Fahrer und Beifahrer\nSitzverstellung, elektrisch mit Memory\nSonnenschutzverglasung\nSportsitze\nSpurhalteassistent\nTempomat\nZentralverriegelung\n\nMultimedia\nBluetooth\nBMW Live Cockpit Professional (laufzeitgebundener Dienst)\nDAB Tuner\nFreisprecheinrichtung\nHarman Kardon Surround Sound System\nNavigationssystem\nRadio\nTelefon\nUSB Schnittstelle\n\nRäder\n19\"/20\" M Schmiederäder Doppelspeiche 826 M Schwarz / MB\nRadschraubensicherung\nReifenreparatur-Set\n\nSitzbezug\nLEDER MERINO\n\nSonstiges\n19\"/20\" M Schmiederäder Doppelspeic he 826 M Schwarz / MB\nAbgasnorm EU6 RDE II\nAblage für Wireless Charging\nAblage für Wireless Charging \nAblagenpaket\nActive Guard\nAdaptiver LED-Scheinwerfer\nAdaptives M Fahrwerk\nAktiver Fußgängerschutz\nAlarmanlage\nAutomatische Verriegelung beim Anfa hren\nBlow by-Heizer\nBMW Digital Key\nBMW Live Cockpit Professional\nCO2-Umfang\nCOC Zusatzumfänge\nConnected Package Professional\nConnectedDrive Services\nDAB-Tuner\nDach und Spiegelkappen schwarz\nDeaktivierung Beifahrerairbag\nDekodierung Zusatzfunktionen\nDeutsch / Bordliteratur\nDeutsch/Betriebsanleitung/Servicehe ft\nDriving Assistant Professional\nElektrisch verstellbare Spiegel\nEU spezifische Umfänge\nEU-spezifische Zusatzumfaenge\nFahrassistenz-System: aktiver Spurhalteassistent\nFahrassistenz-System: Ampel-Erkennung\nFahrassistenz-System: Ausweich-Assistent\nFahrassistenz-System: Einparkhilfe Seite\nFahrassistenz-System: Falschfahrwarnung\nFahrassistenz-System: Frontkollisionswarnung\nFahrassistenz-System: Heckaufprall-Vermeidung (Prävention Heckkollision)\nFahrassistenz-System: Kreuzungs-Assistent\nFahrassistenz-System: Park-Assistent\nFahrassistenz-System: Querverkehrs-Assistent\nFahrassistenz-System: Rückfahr-Assistent\nFahrassistenz-System: Rückfahrhilfe Notbremsfunktion (Active PDC)\nFahrassistenz-System: Spurwechselassistent\nFahrassistenz-System: Spurwechsel-Warnsystem\nFahrgestellnummer von aussen sichtb ar\nFernlichtassistent\nFondkopfstützen klappbar\nGalvanikapplikation für Bedieneleme nte\nGeschwindigkeits-Regelanlage, Aktiv mit Stop&Go-Funktion\nGesetzlicher Notruf\nHarman Kardon Surround Sound System\nInduktionsladen für Smartphones\nInnen- und Außenspiegelpaket\nInnenspiegel automatisch abblendend\nInnovationspaket\nInterne Steuerung\nKaeltemittel\nKältemittel\nKilometertacho\nKlimaautomatik\nKomfortzugang\nLordosenstütze für Fahrer und Beifa hrer\nM Alcantaralenkrad\nM Compound-Bremse, rot hochglänzend\nM Dachhimmel anthrazit\nM Dachreling Hochglanz Shadow Line\nM Drive Professional\nM Hochglanz Shadow Line\nM Hochglanz Shadow Line mit erweite rten Umfängen\nM Interieurleisten 'Carbon Fibre'\nM Sicherheitsgurte\nM Sportdifferenzial\nM Sportsitze\nMetallic-Lackierung\nÖlwartungsintervall 24 Monate/30.000 km\nÖlwartungsintervall 30000 km / 24 M onate\nParking Assistant Plus\nPersonal eSIM\nPersonal eSIM \nRadschraubensicherung\nReifendruck-Kontrolle\nReifendruckkontrollsystem\nReifenreparatur Set\nRückfahrkamera\nRückfahrkamera (Top View)\nService-System: Remote 3D View\nSitzbezug / Polsterung: Leder Merino Schwarz\nSitzheizung für Fahrer und Beifahre r\nSitzverstellung, elektrisch mit Mem ory für Fahrersitz\nSonnenschutzverglasung\nSprachversion Deutsch\nSteuerung D\nSteuerung EfficientDynamics\nSteuerung FAS 18\nSteuerung Infotainment\nSteuerung Karosserie\nSurround-Kamerasystem (Surround View)\nTeleservices\nWarndreieck und Verbandkasten\n\nUmwelt, Sicherheit\nAbgasnorm EU6 RDE II\nABS\nAktiver Fussgängerschutz\nAlarmanlage\nAuto Start/Stop Funktion \nBeifahrerairbag\nBeifahrerairbag-Deaktivierung\nESP\nFahrassistenz-System: Fernlichtassistent\n* FahIrrtümer und Zwischenverkauf vorbehalten.",
  "dealerDetails": {
    "id": 38090387,
    "name": "MOTORHEIMAT Wagner - Schwarz GmbH & Co. KG",
    "sellerType": "Dealer",
    "phones": [
      "+49 (0)8621 900906744"
    ],
    "languages": [
      "Deutsch"
    ],
    "country": "DE",
    "address": "Traunsteiner Straße 80, DE-83352 Altenmarkt a.d. Alz",
    "location": {
      "latitude": 47.9890357,
      "longitude": 12.5431204
    },
    "activeSince": "2008-04-22T00:00:00.000Z",
    "homepageUrl": "https://home.mobile.de/home/redirect.html?customerId=38090387",
    "iconUrl": null,
    "reviewPageUrl": "https://www.mobile.de/bewertungen/MOTORHEIMATWAGNERSCHWARZGMBHCOKGALTENMARKTADALZ?lang=en",
    "score": {
      "total": 4.7,
      "responseTime": 4.8,
      "friendliness": 4.8,
      "advice": 4.6
    },
    "activeRatingCount": 22,
    "vehicleAsDescribedPercentage": 100,
    "recommendPercentage": 95,
    "soldVehicleCount": null,
    "reviews": []
  },
  "attributes": {
    "Vehicle condition": "New vehicle, Accident-free",
    "Category": "Estate car",
    "Model range": "G80",
    "Trim line": "M XDR",
    "Availability": "Now",
    "Origin": "German edition",
    "Mileage": "0 km",
    "Cubic Capacity": "2,993 ccm",
    "Power": "390 kW (530 hp)",
    "Drive type": "Internal combustion engine",
    "Fuel": "Petrol, E10-enabled",
    "CO₂ class": "Based on CO₂ emissions (combined)",
    "Fuel consumption": [
      "10.4 l/100km (combined)",
      "15.8 l/100km (city)",
      "10.3 l/100km (suburban)",
      "8.8 l/100km (country road)",
      "9.8 l/100km (motorway)"
    ],
    "Energy costs for 15,000 km annual mileage": "€2,802/Year",
    "Fuel price": "€1.80/l (annual average 2024)",
    "Possible CO₂ costs over the next 10 years (15,000 km/year)": [
      "€4,477 (assuming an average CO₂ price of €127/t)",
      "€2,115 (assuming a low average CO₂ price of €60/t)",
      "€7,050 (assuming a high average CO₂ price of €200/t)"
    ],
    "Vehicle tax": "€480/Year",
    "Number of Seats": "5",
    "Door Count": "4/5",
    "Transmission": "Automatic",
    "Emission Class": "Euro6",
    "Emissions Sticker": "4 (Green)",
    "Construction Year": "2025",
    "Number of Vehicle Owners": "0",
    "HU": "New",
    "Climatisation": "Automatic climatisation, 3 zones",
    "Parking sensors": "360° camera, Self-steering systems, Front, Rear",
    "Airbags": "Front and Side and More Airbags",
    "Colour (Manufacturer)": "BLACK SAPPHIRE",
    "Colour": "Black Metallic",
    "Interior Design": "Full leather, Black",
    "Weight": "1,940 kg",
    "Cylinders": "6",
    "Tank capacity": "59 l",
    "Energy consumption (comb.)": "10.4 l/100km",
    "CO₂ emissions (comb.)": "235 g/km"
  },
  "features": [
    "ABS",
    "Adaptive Cruise Control",
    "Adaptive lighting",
    "Alarm system",
    "Alloy wheels",
    "Ambient lighting",
    "Arm rest",
    "Autom. dimming interior mirror",
    "Blind spot assist",
    "Bluetooth",
    "Cargo barrier",
    "Central locking",
    "DAB radio",
    "Digital cockpit",
    "Distance warning system",
    "Dynamic chassis control",
    "Electric seat adjustment",
    "Electric side mirror",
    "Electric tailgate",
    "Electric windows",
    "Emergency brake assist",
    "Emergency call system",
    "ESP",
    "Four-wheel drive",
    "Full Service History",
    "Glare-free high beam headlights",
    "Hands-free kit",
    "Head-up display",
    "Heated seats",
    "High beam assist",
    "Hill-start assist",
    "Immobilizer",
    "Induction charging for smartphones",
    "Isofix",
    "Keyless central locking",
    "Lane change assist",
    "Leather steering wheel",
    "LED headlights",
    "LED running lights",
    "Light sensor",
    "Lumbar support",
    "Multifunction steering wheel",
    "Navigation system",
    "Non-smoker vehicle",
    "On-board computer",
    "Particulate filter",
    "Power Steering",
    "Rain sensor",
    "Roof rack",
    "Sound system",
    "Speed limit control system",
    "Sport seats",
    "Sports suspension",
    "Start-stop system",
    "Summer tyres",
    "Tinted windows",
    "Touchscreen",
    "Traction control",
    "Traffic sign recognition",
    "Tuner/radio",
    "Tyre pressure monitoring",
    "USB port",
    "Voice control",
    "Warranty"
  ]
},
{
  "title": "BMW M3 A Competition M xDrive Tou el.Sitz+Mem,Leder",
  "previewImage": "https://img.classistatic.de/api/v1/mo-prod/images/b9/b98d3620-bea3-4d92-8b0b-87029e00533b?rule=mo-1600.jpg",
  "category": "EstateCar",
  "brand": "BMW",
  "model": "M3",
  "url": "https://suchen.mobile.de/fahrzeuge/details.html?id=433807947",
  "price.total.amount": 97900,
  "priceRating": {
    "rating": "Good price",
    "priceRanges": {
      "Very good price": {
        "start": 75001,
        "end": 97500
      },
      "Good price": {
        "start": 97501,
        "end": 105000
      },
      "Fair price": {
        "start": 105001,
        "end": 116700
      },
      "Increased price": {
        "start": 116701,
        "end": 125300
      },
      "High price": {
        "start": 125301,
        "end": 139200
      }
    }
  },
  "description": "Innovationspaket\nAdaptives Licht\nBi-Xenon-Licht\nBordmonitor\nHead up Display\nKurvenlicht Dynamisch\nAblagenpaket\nM DRIVE PROFESSIONAL\nTraktionskontrolle\nInnen- und Außenspiegelpaket\nConnected Package Professional\nM Driver's Package\nSitzheizung für Fahrer und Beifahrer\nSitzheizung Beifahrer\nSitzheizung Fahrer\nDriving Assistant\nKomfortzugang\nAktive Sitzbelüftung vorn\nBelüftete Vordersitz/-sitze\nHarman Kardon Surround Sound System\nSoundsystem\nSitzverstellung, elektrisch mit Memory für Fahrersitz\nPARKING ASSISTANT PLUS\n360° Kamera\nParklenkassistent (aktiv)\nRückfahrkamera\nBMW Live Cockpit Professional\nADAPTIVES M FAHRWERK\nGeschwindigkeitsregelung mit Bremsfunktion\nTempomat\nConnectedDrive Services\nInternet Zugang\nDAB-Tuner\nBMW Drive Recorder\nInnenspiegel automatisch abblendend\nInstrumententafel Luxury\nAblage für Wireless Charging\nTeleservices\nFernlichtassistent\nAutomatisches Fernlicht\nLordosenstütze für Fahrer und Beifahrer\nAlarmanlage\nAlarmanlage\nGepäckraumpaket\nGESETZLICHER NOTRUF\nM Sicherheitsgurte\nM Alcantaralenkrad\nMultifunktionslenkrad\nSportlenkrad\nPERSONAL ESIM\nReifendruck-Kontrolle\nM Interieurleisten 'Carbon Fibre'\nM Dachreling Hochglanz Shadow Line\nM Dachhimmel anthrazit\nReifenreparatur Set\n19\"/20\" M Schmiederäder Doppelspeiche 826 M Schwarz / MB\nM Sportsitze\n\nÄnderungen Zwischenverkauf und Irrtümer vorbehalten!\nGerne teilen wir Ihnen den detaillierten Fahrzeugzustand im Rahmen eines persönlichen Gespräches mit unserem Verkaufspersonal mit. Trotz größter Sorgfalt sind Inseratsfehler nicht ausgeschlossen, Irrtümer und Zwischenverkauf vorbehalten.",
  "dealerDetails": {
    "id": 462642,
    "name": "Autohaus Reisacher GmbH",
    "sellerType": "Dealer",
    "phones": [
      "+49 (0)8331 995926768"
    ],
    "languages": [
      "Deutsch",
      "English",
      "Français"
    ],
    "country": "DE",
    "address": "Europastrasse 1, DE-87700 Memmingen",
    "location": {
      "latitude": 47.998307,
      "longitude": 10.1524467
    },
    "activeSince": "1999-11-02T00:00:00.000Z",
    "homepageUrl": "https://home.mobile.de/home/redirect.html?customerId=462642",
    "iconUrl": null,
    "reviewPageUrl": "https://www.mobile.de/bewertungen/REISACHER-MEMMINGEN?lang=en",
    "score": {
      "total": 4,
      "responseTime": 4,
      "friendliness": 4.1,
      "advice": 3.8
    },
    "activeRatingCount": 52,
    "vehicleAsDescribedPercentage": 95,
    "recommendPercentage": 77,
    "soldVehicleCount": null,
    "reviews": []
  },
  "attributes": {
    "Vehicle condition": "New vehicle",
    "Category": "Estate car",
    "Vehicle Number": "151277",
    "Availability": "Now",
    "Origin": "German edition",
    "Mileage": "34 km",
    "Cubic Capacity": "2,993 ccm",
    "Power": "390 kW (530 hp)",
    "Drive type": "Internal combustion engine",
    "Fuel": "Petrol",
    "CO₂ class": "Based on CO₂ emissions (combined)",
    "Fuel consumption": [
      "10.4 l/100km (combined)",
      "15.8 l/100km (city)",
      "10.3 l/100km (suburban)",
      "8.8 l/100km (country road)",
      "9.8 l/100km (motorway)"
    ],
    "Number of Seats": "5",
    "Door Count": "4/5",
    "Transmission": "Automatic",
    "Emission Class": "Euro6",
    "Emissions Sticker": "4 (Green)",
    "Number of Vehicle Owners": "0",
    "Climatisation": "Automatic air conditioning",
    "Parking sensors": "Self-steering systems",
    "Airbags": "Front Airbags",
    "Colour (Manufacturer)": "Skyscraper Grau metallic",
    "Colour": "Grey Metallic",
    "Interior Design": "Full leather, Black",
    "Energy consumption (comb.)": "10.4 l/100km",
    "CO₂ emissions (comb.)": "234 g/km"
  },
  "features": [
    "ABS",
    "Adaptive cornering lights",
    "Alarm system",
    "Alloy wheels",
    "Autom. dimming interior mirror",
    "Bluetooth",
    "Central locking",
    "Cruise control",
    "DAB radio",
    "Electric seat adjustment",
    "Electric side mirror",
    "Electric windows",
    "ESP",
    "Fog lamp",
    "Four-wheel drive",
    "Full Service History",
    "Hands-free kit",
    "Heated seats",
    "Immobilizer",
    "Isofix",
    "Keyless central locking",
    "LED headlights",
    "Light sensor",
    "Lumbar support",
    "Multifunction steering wheel",
    "Navigation system",
    "On-board computer",
    "Power Steering",
    "Roof rack",
    "Seat ventilation",
    "Sound system",
    "Sport seats",
    "Sports package",
    "Sports suspension",
    "Start-stop system",
    "Traction control",
    "Tuner/radio",
    "Warranty"
  ]
},
{
  "title": "BMW M3 Touring +ABVERKAUF+",
  "previewImage": "https://img.classistatic.de/api/v1/mo-prod/images/fd/fd17d72b-cbad-419c-b8b2-e8f0e83890da?rule=mo-1600.jpg",
  "category": "EstateCar",
  "brand": "BMW",
  "model": "M3",
  "url": "https://suchen.mobile.de/fahrzeuge/details.html?id=432789334",
  "price.total.amount": 97499,
  "priceRating": {
    "rating": "Very good price",
    "priceRanges": {
      "Very good price": {
        "start": 76901,
        "end": 100000
      },
      "Good price": {
        "start": 100001,
        "end": 107700
      },
      "Fair price": {
        "start": 107701,
        "end": 119800
      },
      "Increased price": {
        "start": 119801,
        "end": 128600
      },
      "High price": {
        "start": 128601,
        "end": 142900
      }
    }
  },
  "description": "Fahrzeugnummer: NA76419\n\nBrutto-Listen-Neupreis: 114.509 €\nFinanzierungsbeispiel: \n\n\nRate mtl.: 799 €\n\nZins eff.: 4,99%\n\nLaufzeit: 48 Monate\n\nGesamtlaufleistung: km\n\nSonderzahlung: 23.509 € \n\n\nWeitere Informationen: Sollzins p.a. 4,88%, Sollzinsart gebunden, Gesamtbetrag 89.675,60 €, Nettodarlehensbetrag 7.717,59 €, Ratenabsicherung 4.100,39 €, Bearbeitungsgebühren 0,00 €, Anbieter BMW Bank GmbH, Heidemannstr. 164, 80939 München\n\nGerne erstellen wir Ihnen ein individuelles Leasing-/Finanzierungsangebot ! Unsere Datenschutzhinweise finden Sie unter http://www.rhein-bodensee.de/datenschutz.html\n\n\nSie erreichen uns direkt unter der Telefonnummer +4975413973904. \n\nDie Angaben des Finanzierungsbeispiels entsprechen zugleich dem 2/3-Beispiel nach §6a Abs. 3 PAngV. Entsprechende Bonität vorausgesetzt. HIGHLIGHTS & PAKETE\nM DRIVE PROFESSIONAL\nAblagenpaket\nBMW Live Cockpit Professional\nHochglanz Shadow-Line\nInnovationspaket II\n\nASSISTENZSYSTEME\nDriving Assistant Professional\nParkassistenzsystem\nSteuerung Fahrerassistenzsysteme\n\nMOTOR GETRIEBE & FAHRWERK\nAbgasnorm EU6 rde II\nM Sportdifferenzial\nAdaptives M Fahrwerk\nKomfortzugang\n\nAUDIO & KOMMUNIKATION\nDAB-Tuner\nHarman/Kardon Surround Sound System\nConnected Package Professional\nPersonal eSIM\nSteuerung Infotainment\nSprachversion deutsch\n\nINTERIEUR\nInnenspiegel automatisch abblendend\nSitzverstellung elektrisch mit Memory\nLordosenstütze Fahrer u. Beifahrer\nSitzheizung Fahrer/Beifahrer\nM Sicherheitsgurte\nINT. LEIST. ALU. RHOMBICLE ANTHR.\nGalvanikapplikation Bedienelemente\nKlimaautomatik\nDeaktivierung Airbag Beifahrer\nKopfstützen im Fond klappbar\nStorage tray wireless charging\nM Sportsitz\nDachhimmel anthrazit\nIndividual Hochglanz Shadow-Line\nBordliteratur deutsch\n\nLICHT & SICHT\nAdaptiver LED-Scheinwerfer\nFernlichtassistent\n\nRÄDER\nBMW LM Rad 826M JB\nRadschraubensicherung\nReifendruckanzeige\nReifenreparatur-Set\n\nTECHNIK & SICHERHEIT\nAlarmanlage\nInnen-/Aussensp. mit Abblendautomatik\nKilometertacho\nActive Guard\nAktiver Fussgängerschutz\n\nEXTERIEUR\nof man green metallic\nDach und Spiegelkappen schwarz\nIndividual Dachreling Hochgl Shadow Line\nAbgedunkelte Verglasung\n\nSONSTIGE AUSSTATTUNGEN\nZusatzumfang EU-spezifisch\nWarndreieck und Verbandstasche\nDeutschland-Ausführung\nDummy-SALAPA\nCOC ZUSATZUMFAENGE\nKältemittel R1234yf\nL070 Batteriegröße 70AH \nSie erreichen uns direkt unter der Telefonnummer +4975413973904. \n\nIhr Wunschfahrzeug konfigurieren wir Ihnen gerne im persönlichen Gespräch zu TOP-KONDITIONEN ! Bitte sprechen Sie uns an. \n\nIrrtum und Zwischenverkauf vorbehalten",
  "dealerDetails": {
    "id": 4362458,
    "name": "BMW Autohaus Rhein Bodensee",
    "sellerType": "Dealer",
    "phones": [
      "+49 (0)7541 3973900",
      "+49 7541 386062"
    ],
    "languages": [
      "Deutsch",
      "English",
      "Italiano",
      "Türkçe"
    ],
    "country": "DE",
    "address": "Otto-Lilienthal-Str. 25 ( Am Flughafen ), DE-88046 Friedrichshafen",
    "location": {
      "latitude": 47.666819824665524,
      "longitude": 9.507300987083664
    },
    "activeSince": "2010-07-21T00:00:00.000Z",
    "homepageUrl": "https://home.mobile.de/home/redirect.html?customerId=4362458",
    "iconUrl": null,
    "reviewPageUrl": "https://www.mobile.de/bewertungen/BMWAUTOHAUSRHEINBODENSEE?lang=en",
    "score": {
      "total": 4.5,
      "responseTime": 4.7,
      "friendliness": 4.5,
      "advice": 4.2
    },
    "activeRatingCount": 28,
    "vehicleAsDescribedPercentage": 95,
    "recommendPercentage": 100,
    "soldVehicleCount": null,
    "reviews": []
  },
  "attributes": {
    "Vehicle condition": "New vehicle, Accident-free",
    "Category": "Estate car",
    "Vehicle Number": "NA76419",
    "Availability": "Now",
    "Origin": "German edition",
    "Mileage": "0 km",
    "Cubic Capacity": "2,998 ccm",
    "Power": "390 kW (530 hp)",
    "Drive type": "Internal combustion engine",
    "Fuel": "Petrol, E10-enabled",
    "CO₂ class": "Based on CO₂ emissions (combined)",
    "Fuel consumption": [
      "10.2 l/100km (combined)",
      "15.8 l/100km (city)",
      "10.3 l/100km (suburban)",
      "8.8 l/100km (country road)",
      "9.8 l/100km (motorway)"
    ],
    "Energy costs for 15,000 km annual mileage": "€2,754/Year",
    "Fuel price": "€1.80/l (annual average 2025)",
    "Possible CO₂ costs over the next 10 years (15,000 km/year)": [
      "€4,382 (assuming an average CO₂ price of €127/t)",
      "€2,070 (assuming a low average CO₂ price of €60/t)",
      "€6,900 (assuming a high average CO₂ price of €200/t)"
    ],
    "Vehicle tax": "€480/Year",
    "Number of Seats": "5",
    "Door Count": "4/5",
    "Transmission": "Automatic",
    "Emission Class": "Euro6d-TEMP",
    "Climatisation": "Automatic climatisation, 2 zones",
    "Parking sensors": "Rear, 360° camera, Self-steering systems, Front",
    "Airbags": "Front and Side and More Airbags",
    "Colour (Manufacturer)": "M Isle of Man Grün",
    "Colour": "Green Metallic",
    "Interior Design": "Full leather, Black",
    "Energy consumption (comb.)": "10.2 l/100km",
    "CO₂ emissions (comb.)": "230 g/km"
  },
  "features": [
    "ABS",
    "Adaptive Cruise Control",
    "Alloy wheels",
    "Ambient lighting",
    "Android Auto",
    "Apple CarPlay",
    "Arm rest",
    "Blind spot assist",
    "Central locking",
    "Daytime running lights",
    "Digital cockpit",
    "Distance warning system",
    "Electric seat adjustment",
    "Electric side mirror",
    "Electric windows",
    "Emergency brake assist",
    "Emergency call system",
    "ESP",
    "Fatigue warning system",
    "Fog lamp",
    "Four-wheel drive",
    "Full Service History",
    "Hands-free kit",
    "Head-up display",
    "Heated seats",
    "Immobilizer",
    "Integrated music streaming",
    "Isofix",
    "Keyless central locking",
    "Lane change assist",
    "Light sensor",
    "Multifunction steering wheel",
    "Non-smoker vehicle",
    "On-board computer",
    "Power Steering",
    "Rain sensor",
    "Sound system",
    "Sports package",
    "Sports suspension",
    "Start-stop system",
    "Touchscreen",
    "Traction control",
    "Tuner/radio",
    "Tyre pressure monitoring",
    "USB port",
    "Voice control",
    "Warranty",
    "WLAN / Wi-Fi hotspot"
  ]
},
{
  "title": "BMW M3 Baureihe M3 Touring xDrive Competition",
  "previewImage": "https://img.classistatic.de/api/v1/mo-prod/images/3d/3d52fe64-f7f8-4c3d-a33c-7f29bc0817ad?rule=mo-1600.jpg",
  "category": "EstateCar",
  "brand": "BMW",
  "model": "M3",
  "url": "https://suchen.mobile.de/fahrzeuge/details.html?id=423978401",
  "price.total.amount": 97900,
  "priceRating": {
    "rating": "Increased price",
    "priceRanges": {
      "Very good price": {
        "start": 60501,
        "end": 78600
      },
      "Good price": {
        "start": 78601,
        "end": 84700
      },
      "Fair price": {
        "start": 84701,
        "end": 94200
      },
      "Increased price": {
        "start": 94201,
        "end": 101100
      },
      "High price": {
        "start": 101101,
        "end": 112300
      }
    }
  },
  "description": "Fahrzeugstandort:\nBMW Unterberger Denzel Innsbruck\nGriesauweg 32\n6020 Innsbruck\nÖsterreich\n\nAnsprechperson:\nTelefon: +43 512 33435 353\nE-Mail: klaus.kluckner@unterberger-denzel.bmw.at\n\nSonderausstattung:\nAktive Sitzbelüftung vorn, BMW Individual-Sonderlackierung Frozen Brilliant White Metallic, BMW Live Cockpit Professional, Bremsanlage: Compound - M Bremssystem (Bremssättel Rot), Exterieur-Paket M Carbon, Fahrassistenz-System: Driving Assistant Professional, Fahrassistenz-System: Fernlichtassistent, Innenausstattung: Interieurleisten Carbon, LM-Felgen vorn/hinten: 9,5x19 / 10,5x20 (Doppelspeichen 825 M, Orbit-Grau matt), M Driver´s Package, Parkassistent-Paket Plus, Reifen-Reparaturset (Mobility-Pack), Scheinwerfer BMW Individual Shadow-Line, Scheinwerfer Laserlicht, Sicherheitsgurte M, Sicherheitssystem Active Protection, Sonnenschutzrollo an Türscheiben hinten, Sonnenschutzverglasung (hinten abgedunkelt), Sound-System Harman-Kardon, Verglasung Akustikglas\n\nWeitere Ausstattung:\nAblage-Paket, Adaptives Fahrwerk M-Technic, Airbag Beifahrerseite abschaltbar, Aktives M Differential, Ambiente-Beleuchtung, Ausstattungs-Paket: Connected Professional, Außenausstattung: Shadow-Line Hochglanz, Außenausstattung: Shadow-Line Hochglanz (erweiterter Umfang), Außenspiegel elektr. verstell- und heizbar, Bedienelemente galvanisiert, Bordcomputer, Competition, DAB-Tuner (Radioempfang digital), Dachhimmel Anthrazit (BMW Individual), Dachreling Hochglanz Shadow-Line, Diebstahlsicherung für Räder (Felgenschlösser), Durchladeeinrichtung (Mittelarmlehne hinten), Dynamische Stabilitäts-Control (DSC) mit erweiterter Umfang, Einstiegsleisten mit Einleger in Aluminium mit Schriftzug M, Erste Hilfe-Kasten / Verbandkasten, Fahrassistenz-System: Active Guard (Bremsassistent), Fahrassistenz-System: Aufmerksamkeits-Assistent, Freisprecheinrichtung Bluetooth mit USB-/Audio-Schnittstelle, Fußmatten Velours, Gepäckraumbeleuchtung, Getriebe Automatik - mit Steptronic und Drivelogic (8-Stufen), Getränkehalter, Heckklappenbetätigung automatisch, Heckleuchten LED, Induktionsladeschale für Smartphone (Wireless Charging), Innenspiegel mit Abblendautomatik, Instrumentenkombination (erweiterter Umfang), Isofix-Aufnahmen für Kindersitz an Rücksitz, Karosserie: 5-türig, Kennzeichenbeleuchtung LED, Klimaautomatik 3-Zonen mit autom. Umluft-Control, Knieairbag Fahrerseite, Kopf-Airbag-System hinten, Kopf-Airbag-System vorn, Kopfstützen hinten klappbar, Lenksäule (Lenkrad) elektr. verstellbar, Leuchtweitenregelung, M Drive (Fahrprofilauswahl), M Drive Professional (Fahrprofilauswahl), Motor 3,0 Ltr. - 375 kW 24V TwinTurbo KAT (S58), Nebelschlussleuchte(n), Otto-Partikelfilter (OPF), Park-Distance-Control (PDC) vorn und hinten, Parkbremse elektrisch, Reifendruck-Kontrollsystem, Reifenpannen-Anzeige, Schadstoffarm nach Abgasnorm Euro 6d, Schaltpunktanzeige, Seitenairbag vorn, Service-System: ConnectedDrive Services, Service-System: Gesetzlicher Notruf, Service-System: Intelligenter Notruf inkl. TeleServices, Sitzbezug / Polsterung: Leder Merino (erweiterter Umfang), Sitze vorn elektr. verstellbar (mit Memory), Spiegel-Paket, Sportdifferential, Sportsitze vorn (M-Technic), Start-Stop-Knopf, Start/Stop-Anlage (Funktion), Steckdose (12V-Anschluß) in Mittelkonsole vorn, Warndreieck, Widescreen Display, Wärme-/Sonnenschutzverglasung, Wärme-/Sonnenschutzverglasung kombiniert (hinten abgedunkelt)",
  "dealerDetails": {
    "id": 454208,
    "name": "Autohaus Unterberger GmbH",
    "sellerType": "Dealer",
    "phones": [
      "+49 (0)8022 915990245"
    ],
    "languages": [
      "Deutsch",
      "English"
    ],
    "country": "DE",
    "address": "Münchner Strasse 47-49, DE-83707 Bad Wiessee",
    "location": {
      "latitude": 47.7181371,
      "longitude": 11.718874
    },
    "activeSince": "2000-05-09T00:00:00.000Z",
    "homepageUrl": "https://home.mobile.de/home/redirect.html?customerId=454208",
    "iconUrl": "https://img.classistatic.de/api/v1/mo-prod/images/d4/d47f1e91-0963-4ba8-958c-f970d0643abf?rule=mo-640.jpg",
    "reviewPageUrl": "https://www.mobile.de/bewertungen/AH-KATHAN?lang=en",
    "score": {
      "total": 4.7,
      "responseTime": 4.7,
      "friendliness": 4.8,
      "advice": 4.6
    },
    "activeRatingCount": 36,
    "vehicleAsDescribedPercentage": 90,
    "recommendPercentage": 96,
    "soldVehicleCount": null,
    "reviews": []
  },
  "attributes": {
    "Vehicle condition": "Used vehicle",
    "Category": "Estate car, Employee's Car",
    "Model range": "Baureihe M3 Touring (G81)(2022->)",
    "Trim line": "xDrive Competition",
    "Vehicle Number": "Innsbruck2",
    "Mileage": "15,000 km",
    "Cubic Capacity": "2,993 ccm",
    "Power": "375 kW (510 hp)",
    "Drive type": "Internal combustion engine",
    "Fuel": "Petrol",
    "Number of Seats": "5",
    "Door Count": "4/5",
    "Transmission": "Automatic",
    "First Registration": "05/2024",
    "Parking sensors": "Rear",
    "Airbags": "Front and Side and More Airbags",
    "Colour (Manufacturer)": "FROZEN BRILLIANT WHITE METALLIC",
    "Colour": "White Metallic Matte",
    "Interior Design": "Black",
    "Weight": "1,940 kg",
    "Cylinders": "6",
    "Tank capacity": "59 l",
    "Energy consumption (comb.)": "-- l/100km",
    "CO₂ emissions (comb.)": "235 g/km"
  },
  "features": [
    "ABS",
    "Alarm system",
    "Central locking",
    "Cruise control",
    "Electric seat adjustment",
    "Electric side mirror",
    "Electric windows",
    "Four-wheel drive",
    "Hands-free kit",
    "Heated rear seats",
    "Immobilizer",
    "Isofix",
    "Keyless central locking",
    "Leather steering wheel",
    "Multifunction steering wheel",
    "Rain sensor",
    "Roof rack",
    "Sport seats",
    "Sports suspension",
    "Start-stop system"
  ]
},
{
  "title": "BMW M3 Competition xDrive Touring DRIVERS PACK+ACC+E",
  "previewImage": "https://img.classistatic.de/api/v1/mo-prod/images/f6/f61ef988-7e7f-4fab-935d-b187817fa11d?rule=mo-1600.jpg",
  "category": "EstateCar",
  "brand": "BMW",
  "model": "M3",
  "url": "https://suchen.mobile.de/fahrzeuge/details.html?id=410644028",
  "price.total.amount": 97990,
  "priceRating": {
    "rating": "Very good price",
    "priceRanges": {
      "Very good price": {
        "start": 77501,
        "end": 100700
      },
      "Good price": {
        "start": 100701,
        "end": 108500
      },
      "Fair price": {
        "start": 108501,
        "end": 120700
      },
      "Increased price": {
        "start": 120701,
        "end": 129500
      },
      "High price": {
        "start": 129501,
        "end": 143900
      }
    }
  },
  "description": "Sonstiges\nAblage-Paket\nAktives M Differential\nAnhänger-Stabilisierungs-Programm (ASL)\nAußenausstattung: Shadow-Line Hochglanz\nAußenausstattung: Shadow-Line Hochglanz (erweiterter Umfang)\nAußenspiegel mit Abblendautomatik, links\nAußenspiegel mit Bordsteinautomatik, rechts\nAusstattungs-Paket: Connected Professional\nAutomatische Stabilitäts-Control (ASC)\nBedienelemente galvanisiert\nBlinkleuchte in Außenspiegel integriert\nBMW Curved Display\nCompetition\nControl-Display mit Farbmonitor (14,9 Zoll)\nDach schwarz lackiert\nDachhimmel Anthrazit (BMW Individual)\nDiebstahlsicherung für Räder (Felgenschlösser)\nDifferenzialsperre\nDynamische Tractions Control (DTC)\nEinstiegsleisten mit Einleger in Aluminium mit Schriftzug M\nElektrisch verstellbare Spiegel\nErste Hilfe-Kasten / Verbandkasten\nFahrassistenz-System: Rückfahr-Assistent\nGetränkehalter\nGetriebe Automatik - mit Steptronic und Drivelogic (8-Stufen)\nHeckleuchten LED\nInduktionsladen für Smartphones\nInnenausstattung: Interieurleisten Alu Rhombicle mit Akzentleiste\nKarosserie: 5-türig\nKennzeichenbeleuchtung LED\nKlimaautomatik 3 Zonen\nKopfstützen hinten klappbar\nLenksäule (Lenkrad) mechan. verstellbar\nLeuchtweitenregelung\nM Drive (Fahrprofilauswahl)\nM Drive Professional (Fahrprofilauswahl)\nModellpflege\nMotor 3,0 Ltr. - 390 kW 24V\nMotor 3,0 Ltr. - 390 kW 24V TwinPower Turbo (S58)\nNotrufsystem\nParkassistent-Paket\nPersonalisierungssystem (BMW ID)\nPersonalisierungssystem (Personal eSIM)\nReifendruckkontrollsystem\nReifen-Reparaturset (Mobility-Pack)\nRückfahrkamera\nSchadstoffarm nach Abgasnorm Euro 6e\n\nAntrieb, Fahrwerk\nAllrad\nSportfahrwerk\n\nAußenausstattung\nDachreling Hochglanz Shadow-Line\nLM-Felgen\nSonnenschutzverglasung (hinten abgedunkelt)\n\nExterieur\nDachreling\n\nFahrerassistenz\nHead-Up Display\nRückfahrkamera\n\nKomfort, Innenausstattung\nAmbiente-Beleuchtung\nAußenspiegel elektr. anklappbar\nBMW Live Cockpit Professional\nDurchladeeinrichtung (Mittelarmlehne hinten)\nDurchladesystem\nEinparkhilfe selbstlenkendes System\nFahrassistenz-System: Einparkhilfe Seite\nFahrassistenz-System: Park-Assistent\nFensterheber elektrisch vorn + hinten\nFensterheber, elektrisch\nFreisprecheinrichtung Bluetooth mit USB-/Audio-Schnittstelle\nGepäckraum-Abtrennung (Netz)\nGeschwindigkeits-Regelanlage mit Bremsfunktion\nHead-up-Display Full Color\nInduktionsladeschale für Smartphone (Wireless Charging)\nInnenspiegel mit Abblendautomatik\nIsofix-Aufnahmen für Kindersitz\nKlimaanlage\nKlimaautomatic\nKlimaautomatik 3-Zonen mit autom. Umluft-Control\nLeder\nLederlenkrad\nLendenwirbelstütze Sitz vorn links und rechts, elektr. verstellbar\nLenkrad (Leder) mit Multifunktion M-Technic\nLicht- und Regensensor\nLordose\nMultifunktion für Lenkrad\nMultifunktionslenkrad\nRadioempfang digital (DAB+)\nScheibenwischer mit Regensensor\nService-System: Augmented Reality für Navigation\nSitze vorn elektr. verstellbar (mit Memory)\nSitzheizung\nSitzheizung vorn\nSitzverstellung, elektrisch fuer Fahrer und Beifahrer\nSound-System Harman-Kardon\nSportsitze\nStart/Stop-Anlage (Funktion)\nTempomat\nZentralverriegelung\nZentralverriegelung mit Diebstahlsicherung und Crashsensor\n\nMultimedia\nBluetooth\nDAB Tuner\nFreisprecheinrichtung\nNavigationssystem\nRadio\nSurround-Sound-System\nTelefon\nUSB Schnittstelle\n\nRäder\nAlufelgen\n\nSicherheit/Umwelt\nAdaptives Fahrwerk M-Technic\nAirbag Beifahrerseite abschaltbar\nAirbag Fahrer-/Beifahrerseite\nAlarmanlage\nAnti-Blockier-System (ABS)\nAntriebsart: Allradantrieb\nAntriebsart: xDrive (Allrad)\nDiebstahl-Warnanlage\nDynamische Stabilitäts-Control (DSC)\nDynamische Stabilitäts-Control (DSC) mit erweiterter Umfang\nFahrassistenz-System: Active Guard (Bremsassistent)\nFahrassistenz-System: Rückfahrhilfe Notbremsfunktion (Active PDC)\nGeschwindigkeits-Begrenzeranlage (Speed Limit Device)\nKnieairbag Fahrerseite\nKopf-Airbag-System hinten\nKopf-Airbag-System vorn\nLichtassistent (Follow me home)\nOtto-Partikelfilter (OPF)\nReifendruck-Kontrollsystem\nReifenpannen-Anzeige\nScheinwerfer LED\nSeitenairbag vorn\nService-System: Gesetzlicher Notruf\nService-System: Intelligenter Notruf inkl. TeleServices\n\nSitzbezug\nLeder Merino Schwarz/Schwarz\n\nUmwelt, Sicherheit\nABS\nAirbag Fahrer/Beifahrer\nAlarmanlage\nAuto Start/Stop Funktion \nBeifahrerairbag\nBeifahrerairbag-Deaktivierung\nDiebstahlwarnanlage\nESP\nFahrerairbag\nInnenspiegel, automatisch abblendend\nKindersitzbefestigung ISOFIX\nKopfairbag\nLED-Scheinwerfer\nLichtsensor\nNotbremsassistent\nPASM\nRegensensor\nReifen Druck Control (RDC)\nSeitenairbag\nTraction Control\n\n\nEin Finanzierungs- oder Leasingangebot zu marktgerechten Konditionen ist mit ausreichender Bonität möglich, auch ohne eine Anzahlung. Die im Internet gemachten Angaben sind unverbindliche Beschreibungen. Sie stellen keine zugesicherten Eigenschaften dar. Die Autohaus Kruft GmbH haftet nicht für Irrtümer, Eingabefehler und Datenübermittlungsfehler / Änderungen vorbehalten. Abweichung bei Reifendimension /Styling gegenüber Line-/M-Sport-Edition-/ Sportpaket-Standard möglich. Irrtümer und Zwischenverkauf vorbehalten.",
  "dealerDetails": {
    "id": 467354,
    "name": "Autohaus Kruft GmbH",
    "sellerType": "Dealer",
    "phones": [
      "+49 (0)208 3067848509"
    ],
    "languages": [
      "Deutsch",
      "English"
    ],
    "country": "DE",
    "address": "Werthfeldstr. 1, DE-46117 Oberhausen",
    "location": {
      "latitude": 51.5005201,
      "longitude": 6.867221799999999
    },
    "activeSince": "1998-10-17T00:00:00.000Z",
    "homepageUrl": "https://home.mobile.de/home/redirect.html?customerId=467354",
    "iconUrl": null,
    "reviewPageUrl": "https://www.mobile.de/bewertungen/KRUFT?lang=en",
    "score": {
      "total": 4.3,
      "responseTime": 4.3,
      "friendliness": 4.4,
      "advice": 4.3
    },
    "activeRatingCount": 22,
    "vehicleAsDescribedPercentage": 100,
    "recommendPercentage": 89,
    "soldVehicleCount": null,
    "reviews": []
  },
  "attributes": {
    "Vehicle condition": "New vehicle, Accident-free",
    "Category": "Estate car",
    "Model range": "G81",
    "Trim line": "xDrive Touring DRIVERS PACK+ACC+ESITZE",
    "Vehicle Number": "057064",
    "Availability": "Now",
    "Origin": "German edition",
    "Mileage": "0 km",
    "Cubic Capacity": "2,993 ccm",
    "Power": "390 kW (530 hp)",
    "Drive type": "Internal combustion engine",
    "Fuel": "Petrol, E10-enabled",
    "Battery": "included",
    "CO₂ class": "Based on CO₂ emissions (combined)",
    "Fuel consumption": [
      "10.4 l/100km (combined)",
      "15.8 l/100km (city)",
      "10.3 l/100km (suburban)",
      "8.8 l/100km (country road)",
      "9.8 l/100km (motorway)"
    ],
    "Energy costs for 15,000 km annual mileage": "€2,802/Year",
    "Fuel price": "€1.80/l (annual average 2024)",
    "Possible CO₂ costs over the next 10 years (15,000 km/year)": [
      "€4,477 (assuming an average CO₂ price of €127/t)",
      "€2,115 (assuming a low average CO₂ price of €60/t)",
      "€7,050 (assuming a high average CO₂ price of €200/t)"
    ],
    "Vehicle tax": "€480/Year",
    "Number of Seats": "5",
    "Door Count": "4/5",
    "Transmission": "Automatic",
    "Emission Class": "Euro6",
    "Emissions Sticker": "4 (Green)",
    "Construction Year": "2024",
    "Number of Vehicle Owners": "0",
    "HU": "New",
    "Climatisation": "Automatic climatisation, 3 zones",
    "Parking sensors": "Rear, Front, Self-steering systems, 360° camera",
    "Airbags": "Front and Side and More Airbags",
    "Colour (Manufacturer)": "Saphirschwarz ",
    "Colour": "Black Metallic",
    "Interior Design": "Full leather, Black",
    "Weight": "1,940 kg",
    "Tank capacity": "59 l",
    "Energy consumption (comb.)": "10.4 l/100km",
    "CO₂ emissions (comb.)": "235 g/km"
  },
  "features": [
    "ABS",
    "Adaptive cornering lights",
    "Alarm system",
    "Alloy wheels",
    "Ambient lighting",
    "Android Auto",
    "Apple CarPlay",
    "Arm rest",
    "Autom. dimming interior mirror",
    "Blind spot assist",
    "Bluetooth",
    "Cargo barrier",
    "Central locking",
    "Cruise control",
    "DAB radio",
    "Digital cockpit",
    "Distance warning system",
    "Dynamic chassis control",
    "Electric seat adjustment",
    "Electric side mirror",
    "Electric tailgate",
    "Electric windows",
    "Emergency brake assist",
    "Emergency call system",
    "ESP",
    "Fatigue warning system",
    "Folding exterior mirrors",
    "Four-wheel drive",
    "Full Service History",
    "Glare-free high beam headlights",
    "Hands-free kit",
    "Head-up display",
    "Heated seats",
    "Heated steering wheel",
    "High beam assist",
    "Hill-start assist",
    "Immobilizer",
    "Induction charging for smartphones",
    "Integrated music streaming",
    "Isofix",
    "Keyless central locking",
    "Lane change assist",
    "Leather steering wheel",
    "LED headlights",
    "LED running lights",
    "Light sensor",
    "Lumbar support",
    "Multifunction steering wheel",
    "Navigation preparation",
    "Navigation system",
    "Non-smoker vehicle",
    "On-board computer",
    "Paddle shifters",
    "Particulate filter",
    "Power Steering",
    "Rain sensor",
    "Rear traffic alert",
    "Roof rack",
    "Sound system",
    "Speed limit control system",
    "Sport seats",
    "Sports package",
    "Sports suspension",
    "Start-stop system",
    "Summer tyres",
    "Tinted windows",
    "Touchscreen",
    "Traction control",
    "Traffic sign recognition",
    "Tuner/radio",
    "Tyre pressure monitoring",
    "USB port",
    "Voice control",
    "Warranty"
  ]
},
{
  "title": "BMW M3 Competition xDrive Touring LCI Individual",
  "previewImage": "https://img.classistatic.de/api/v1/mo-prod/images/7f/7fd85569-d98b-418b-bf6a-147184ac22d1?rule=mo-1600.jpg",
  "category": "EstateCar",
  "brand": "BMW",
  "model": "M3",
  "url": "https://suchen.mobile.de/fahrzeuge/details.html?id=434011389",
  "price.total.amount": 98000,
  "priceRating": {
    "rating": "Fair price",
    "priceRanges": {
      "Very good price": {
        "start": 64601,
        "end": 84000
      },
      "Good price": {
        "start": 84001,
        "end": 90500
      },
      "Fair price": {
        "start": 90501,
        "end": 100600
      },
      "Increased price": {
        "start": 100601,
        "end": 108000
      },
      "High price": {
        "start": 108001,
        "end": 120000
      }
    }
  },
  "description": "Highlights\n\n- Individuallackierung in Voodooblau – außergewöhnlich, sorgt immer wieder für „Daumen hoch“ Reaktionen \n- Interieur in Kyalami Orange / Scharz Vollleder – kontrastreicher, luxuriöser Farbakzent \n- Vollausstattung mit Neupreis von ca. 138.000 € – da bleiben keine Wünsche offen \n- M-Carbon Exterieur- & Interieurpaket, M-Carbon Schalensitze, M-Carbon-Keramikbremse \n- M-Drive Professional, Driving Assistant Professional, Adaptiver LED-Scheinwerfer, Harman Kardon Surround Sound \n\n---\n\nAusgewählte Sonderausstattung\n\n- M-Carbon Exterieurpaket (71C) \n- M-Interieurleisten Carbon (4MC)\n- M-Carbon Schalensitze (48C) \n- M-Carbon-Keramik-Bremse (2NK) \n- 19\"/20\" M Schmiederäder Styling 826 M in Schwarz (1U1) \n- M-Drive Professional (1MB) \n- M-Leuchten Shadow Line (3MF) \n- Driving Assistant Professional (5AU) \n- Parking Assistant Plus (5DN) \n- Adaptiver LED-Scheinwerfer (552) \n- Fernlichtassistent (5AC) \n- Harman Kardon Surround Sound System (688) \n- BMW Live Cockpit Professional (6U3) \n- Connected Package Professional (6C4) \n- Innovationspaket (7A2) \n- M-Driver’s Package (7ME) \n- M-Race Track Paket (7MM) \n- Active Protection & Active Guard \n- Alarmanlage (302) \n- Sonnenschutzverglasung (420) \n- M-Sicherheitsgurte (4GQ) \n- u.v.m. \n\n---\n\nGarantie & Service\n\n- Erweiterte BMW Gewährleistung 2 + 1 Jahre (36 Monate ab Erstzulassung) \n- EUROPlus Neuwagen-Anschlussgarantie 2 Jahre \n\n---\n\nZustand\n\nEinwandfrei, unfallfrei, Scheckheft gepflegt. Mein letzter Dienstwagen.",
  "dealerDetails": {
    "id": 13874372,
    "sellerType": "Private Seller",
    "phones": [
      "+49 (0)8752 254991708"
    ],
    "country": "DE",
    "address": "DE-84104 Rudelzhausen",
    "location": {
      "latitude": 48.5865022,
      "longitude": 11.8020181
    },
    "iconUrl": null,
    "reviewPageUrl": null,
    "score": null,
    "activeRatingCount": null,
    "vehicleAsDescribedPercentage": null,
    "recommendPercentage": null,
    "soldVehicleCount": null,
    "reviews": []
  },
  "attributes": {
    "Vehicle condition": "Used vehicle, Accident-free",
    "Category": "Estate car",
    "Mileage": "9,500 km",
    "Cubic Capacity": "2,993 ccm",
    "Power": "390 kW (530 hp)",
    "Drive type": "Internal combustion engine",
    "Fuel": "Petrol",
    "Number of Seats": "5",
    "Door Count": "4/5",
    "Transmission": "Automatic",
    "Emission Class": "Euro 6e",
    "Emissions Sticker": "4 (Green)",
    "First Registration": "10/2024",
    "Number of Vehicle Owners": "1",
    "HU": "10/2027",
    "Climatisation": "Automatic climatisation, 3 zones",
    "Parking sensors": "Rear, 360° camera, Front, Self-steering systems",
    "Airbags": "Front and Side and More Airbags",
    "Colour": "Blue",
    "Interior Design": "Full leather, Other"
  },
  "features": [
    "ABS",
    "Adaptive cornering lights",
    "Adaptive Cruise Control",
    "Alarm system",
    "Alloy wheels",
    "Ambient lighting",
    "Android Auto",
    "Apple CarPlay",
    "Arm rest",
    "Autom. dimming interior mirror",
    "Blind spot assist",
    "Bluetooth",
    "Cargo barrier",
    "Central locking",
    "DAB radio",
    "Digital cockpit",
    "Distance warning system",
    "Electric seat adjustment",
    "Electric side mirror",
    "Electric tailgate",
    "Electric windows",
    "Emergency brake assist",
    "Emergency call system",
    "Emergency tyre repair kit",
    "ESP",
    "Four-wheel drive",
    "Full Service History",
    "Hands-free kit",
    "Head-up display",
    "Heated seats",
    "Hill-start assist",
    "Immobilizer",
    "Induction charging for smartphones",
    "Isofix",
    "Keyless central locking",
    "Lane change assist",
    "Leather steering wheel",
    "LED headlights",
    "LED running lights",
    "Light sensor",
    "Lumbar support",
    "Multifunction steering wheel",
    "Navigation system",
    "Non-smoker vehicle",
    "On-board computer",
    "Paddle shifters",
    "Power Steering",
    "Rain sensor",
    "Sound system",
    "Speed limit control system",
    "Sport seats",
    "Sports package",
    "Sports suspension",
    "Start-stop system",
    "Summer tyres",
    "Touchscreen",
    "Traction control",
    "Traffic sign recognition",
    "Tuner/radio",
    "Tyre pressure monitoring",
    "USB port",
    "Voice control",
    "Warranty",
    "WLAN / Wi-Fi hotspot"
  ]
},
{
  "title": "BMW M3 Competition M xDrive Touring Harman/K Kamera",
  "previewImage": "https://img.classistatic.de/api/v1/mo-prod/images/35/35622c38-66a6-4b0f-b6d3-1b8aa4640c43?rule=mo-1600.jpg",
  "category": "EstateCar",
  "brand": "BMW",
  "model": "M3",
  "url": "https://suchen.mobile.de/fahrzeuge/details.html?id=434367116",
  "price.total.amount": 98799,
  "priceRating": {
    "rating": "Fair price",
    "priceRanges": {
      "Very good price": {
        "start": 63701,
        "end": 82800
      },
      "Good price": {
        "start": 82801,
        "end": 89200
      },
      "Fair price": {
        "start": 89201,
        "end": 99200
      },
      "Increased price": {
        "start": 99201,
        "end": 106500
      },
      "High price": {
        "start": 106501,
        "end": 118300
      }
    }
  },
  "description": "Antrieb, Fahrwerk\nAdaptives M Fahrwerk\nAllrad\nM Sportdifferenzial\n\nEditionen und Pakete\nAblagenpaket\nConnected Package Professional (laufzeitgebundener Dienst)\nConnectedDrive Services (laufzeitgebundener Dienst)\nGepäckraumpaket\nInnovationspaket\nM Carbon Exterieurpaket\n\nExterieur\nDach und Spiegelkappen schwarz\nDachreling\n\nFahrerassistenz\nDriving Assistant Professional\nGesetzlicher Notruf\nParking Assistant Plus\nTeleservices\n\nIndividualumfänge\nM Dachreling Hochglanz Shadow Line\nM Hochglanz Shadow Line\nM Hochglanz Shadow Line mit erweiterten Umfängen\n\nKomfort, Innenausstattung\nAktive Sitzbelüftung vorn\nAkustikverglasung\nFondkopfstützen klappbar\nGalvanikapplikation für Bedienelemente\nInnen- und Außenspiegelpaket\nKlimaautomatik\nKomfortzugang\nLenkradheizung\nLordosenstütze für Fahrer und Beifahrer\nM Interieurleisten 'Carbon Fibre'\nM Sicherheitsgurte\nM Sportsitze\nSitzheizung für Fahrer und Beifahrer\nSitzverstellung elektrisch\nSitzverstellung elektrisch mit Memory für Fahrersitz\nSonnenschutzverglasung\n\nMultimedia\nBMW Live Cockpit Professional (laufzeitgebundener Dienst)\nDAB Tuner\nHarman Kardon Surround Sound System\n\nRäder\n19\"/20\" M Schmiederäder Doppelspeiche 826 M Schwarz / MB\n\nSitzbezug\nVollleder Merino Silverstone/Schwarz\n\nSonstiges\nAblage für Wireless Charging\nABS\nActive Guard\nBMW Apps\nIndividual\nKlimaanlage oder -automatik\nLeder\nLordose\nM Compound-Bremse, rot hochglänzend\nM Drive Professional\nM Leuchten Shadow Line\nPersonal eSIM\nSitzheizung\nSportfahrwerk\nSteuerung D\nSteuerung FAS 18\nUnfallfrei\n\nUmwelt, Sicherheit\nActive Protection\nAdaptiver LED-Scheinwerfer\nAktiver Fußgängerschutz\nAlarmanlage mit Fernbedienung\nBeifahrerairbag-Deaktivierung\nFernlichtassistent\nInnenspiegel automatisch abblendend\nReifendruck-Kontrolle\n\nEhem. unverb. Nettolistenpreis in EUR 105.211,00 Eur inkl.Sonderausstattung zzgl. MwSt., inklusive gebrauchtem Winterradsatz Irrtümer und Zwischenverkauf vorbehalten.",
  "dealerDetails": {
    "id": 452743,
    "name": "BMW AG Niederlassung Bonn",
    "sellerType": "Dealer",
    "phones": [
      "+49 (0)228 9727106863"
    ],
    "languages": [
      "Deutsch",
      "English"
    ],
    "country": "DE",
    "address": "Vorgebirgsstrasse 95, DE-53119 Bonn",
    "location": {
      "latitude": 50.7407064,
      "longitude": 7.080574299999999
    },
    "activeSince": "2000-07-03T00:00:00.000Z",
    "homepageUrl": "https://home.mobile.de/home/redirect.html?customerId=452743",
    "iconUrl": "https://img.classistatic.de/api/v1/mo-prod/images/62/622928e4-4fb8-4a4b-854b-397e89f4b9a7?rule=mo-640.jpg",
    "reviewPageUrl": "https://www.mobile.de/bewertungen/BMW-BONN?lang=en",
    "score": {
      "total": 4.2,
      "responseTime": 4.2,
      "friendliness": 4.4,
      "advice": 3.8
    },
    "activeRatingCount": 45,
    "vehicleAsDescribedPercentage": 93,
    "recommendPercentage": 77,
    "soldVehicleCount": null,
    "reviews": []
  },
  "attributes": {
    "Vehicle condition": "Used vehicle",
    "Category": "Estate car, Employee's Car",
    "Model range": "G81",
    "Trim line": "M xDrive Touring Harman/K Kamera",
    "Vehicle Number": "07050053",
    "Availability": "Now",
    "Origin": "German edition",
    "Mileage": "28,712 km",
    "Cubic Capacity": "2,993 ccm",
    "Power": "390 kW (530 hp)",
    "Drive type": "Internal combustion engine",
    "Fuel": "Petrol, E10-enabled",
    "Number of Seats": "5",
    "Door Count": "4/5",
    "Transmission": "Automatic",
    "Emission Class": "Euro6",
    "Emissions Sticker": "4 (Green)",
    "First Registration": "12/2024",
    "Construction Year": "2024",
    "Number of Vehicle Owners": "1",
    "HU": "12/2027",
    "Climatisation": "Automatic air conditioning",
    "Parking sensors": "Self-steering systems, Rear, Front",
    "Airbags": "Front and Side and More Airbags",
    "Colour (Manufacturer)": "saphirschwarz",
    "Colour": "Black Metallic",
    "Interior Design": "Full leather, Black"
  },
  "features": [
    "ABS",
    "Adaptive lighting",
    "Alarm system",
    "Alloy wheels",
    "Autom. dimming interior mirror",
    "Bluetooth",
    "Central locking",
    "DAB radio",
    "Digital cockpit",
    "Electric seat adjustment",
    "Electric side mirror",
    "Electric windows",
    "Eletric seat adjustment with memory function",
    "Emergency call system",
    "ESP",
    "Four-wheel drive",
    "Full Service History",
    "Glare-free high beam headlights",
    "Hands-free kit",
    "Head-up display",
    "Heated seats",
    "Heated steering wheel",
    "High beam assist",
    "Hill-start assist",
    "Immobilizer",
    "Induction charging for smartphones",
    "Isofix",
    "Keyless central locking",
    "LED headlights",
    "LED running lights",
    "Light sensor",
    "Lumbar support",
    "Multifunction steering wheel",
    "Navigation system",
    "Non-smoker vehicle",
    "On-board computer",
    "Power Steering",
    "Rain sensor",
    "Roof rack",
    "Seat ventilation",
    "Sound system",
    "Sport seats",
    "Sports package",
    "Sports suspension",
    "Start-stop system",
    "Summer tyres",
    "Tinted windows",
    "Touchscreen",
    "Traction control",
    "Tuner/radio",
    "Tyre pressure monitoring",
    "USB port",
    "Voice control",
    "Warranty",
    "Winter tyres"
  ]
},
{
  "title": "BMW M3 Competition Touring M xDrive Ultimate Package",
  "previewImage": "https://img.classistatic.de/api/v1/mo-prod/images/fe/fe8edd3b-45c6-4ca7-a997-acfe452afb85?rule=mo-1600.jpg",
  "category": "EstateCar",
  "brand": "BMW",
  "model": "M3",
  "url": "https://suchen.mobile.de/fahrzeuge/details.html?id=424802499",
  "price.total.amount": 97920,
  "priceRating": {
    "rating": "Good price",
    "priceRanges": {
      "Very good price": {
        "start": 73301,
        "end": 95300
      },
      "Good price": {
        "start": 95301,
        "end": 102600
      },
      "Fair price": {
        "start": 102601,
        "end": 114100
      },
      "Increased price": {
        "start": 114101,
        "end": 122500
      },
      "High price": {
        "start": 122501,
        "end": 136100
      }
    }
  },
  "description": "Profitieren Sie von den Vorteilen einer Online-Beratung inkl. vollständiger Abwicklung über unser ahg Online Autohaus!\nWeitere Informationen dazu finden Sie unter: https://www.ahg-mobile.de/de/online-autohaus.\nIhr Ansprechpartner:\nahg Onlinevertrieb\nTel: 0781/608-77\nE-Mail: onlinevertrieb@ahg-mobile.de\n\nSonderausstattung:\nAkustikverglasung\nDekodierung Zusatzfunktionen\nFahrgestellnummer von aussen sichtbar\nFernlichtassistent\nM Compound-Bremse schwarz hochglänzend\nUltimate Package\n(Lenkradheizung\nKomfortzugang\nM Leuchten Shadow Line\nGepäckraumpaket\nAdaptiver LED-Scheinwerfer\nDriving Assistant Professional\nParking Assistant Plus\nM Carbon Exterieurpaket)\n\nSerienausstattung:\n19'/20' M Schmiederäder Doppelspeiche 826 M Schwarz / MB\nAblage für Wireless Charging\nAblagenpaket\nAdaptives M Fahrwerk\nAktiver Fußgängerschutz\nAlarmanlage\nBMW Live Cockpit Professional\nConnected Package Professional\nConnectedDrive Services\nDAB-Tuner\nDach und Spiegelkappen schwarz\nDeaktivierung Beifahrerairbag\nFondkopfstützen klappbar\nGalvanikapplikation für Bedienelemente\nGesetzlicher Notruf\nHarman Kardon Surround Sound System\nInnen- und Außenspiegelpaket\nInnenspiegel automatisch abblendend\nKlimaautomatik\nLordosenstütze für Fahrer und Beifahrer\nM Dachhimmel anthrazit\nM Dachreling Hochglanz Shadow Line\nM Drive Professional\nM Hochglanz Shadow Line\nM Hochglanz Shadow Line mit erweiterten Umfängen\nM Sicherheitsgurte\nM Sportdifferenzial\nM Sportsitze\nPersonal eSIM\nRadschraubensicherung\nReifendruck-Kontrolle\nReifenreparatur Set\nSitzheizung für Fahrer und Beifahrer\nSitzverstellung elektrisch mit Memory für Fahrersitz\nSonnenschutzverglasung\nSteuerung EfficientDynamics\nTeleservices\n\n(Änderungen, Irrtümer und Zwischenverkauf vorbehalten!)",
  "dealerDetails": {
    "id": 14775403,
    "name": "Online Autohaus - ahg Autohandelsgesellschaft mbH",
    "sellerType": "Dealer",
    "phones": [
      "+49 (0)7451 520906942"
    ],
    "languages": [
      "Deutsch",
      "English",
      "Italiano"
    ],
    "country": "DE",
    "address": "Weberstraße 13, DE-72160 Horb am Neckar",
    "location": {
      "latitude": 48.4573232,
      "longitude": 8.695715
    },
    "activeSince": "2016-05-12T00:00:00.000Z",
    "homepageUrl": "https://home.mobile.de/home/redirect.html?customerId=14775403",
    "iconUrl": "https://img.classistatic.de/api/v1/mo-prod/images/3d/3d9b8f70-c574-40f1-a564-50077ef1f016?rule=mo-640.jpg",
    "reviewPageUrl": "https://www.mobile.de/bewertungen/PKWOUTLET?lang=en",
    "score": {
      "total": 4.6,
      "responseTime": 4.7,
      "friendliness": 4.6,
      "advice": 4.6
    },
    "activeRatingCount": 11,
    "vehicleAsDescribedPercentage": 90,
    "recommendPercentage": 100,
    "soldVehicleCount": null,
    "reviews": []
  },
  "attributes": {
    "Vehicle condition": "Used vehicle, Accident-free",
    "Category": "Estate car, Demonstration Vehicle",
    "Availability": "Now",
    "Mileage": "4,271 km",
    "Cubic Capacity": "2,993 ccm",
    "Power": "390 kW (530 hp)",
    "Drive type": "Internal combustion engine",
    "Fuel": "Petrol",
    "CO₂ class": "Based on CO₂ emissions (combined)",
    "Fuel consumption": [
      "10.4 l/100km (combined)",
      "15.8 l/100km (city)",
      "10.3 l/100km (suburban)",
      "8.8 l/100km (country road)",
      "9.8 l/100km (motorway)"
    ],
    "Number of Seats": "5",
    "Door Count": "4/5",
    "Transmission": "Automatic",
    "Emission Class": "Euro6",
    "Emissions Sticker": "4 (Green)",
    "First Registration": "04/2025",
    "Number of Vehicle Owners": "1",
    "Climatisation": "Automatic air conditioning",
    "Parking sensors": "Front, Camera, Self-steering systems, Rear",
    "Airbags": "Front and Side and More Airbags",
    "Colour (Manufacturer)": "M Isle of Man Grün metallic",
    "Colour": "Green Metallic",
    "Interior Design": "Full leather, Black",
    "Energy consumption (comb.)": "10.4 l/100km",
    "CO₂ emissions (comb.)": "234 g/km"
  },
  "features": [
    "ABS",
    "Adaptive Cruise Control",
    "Adaptive lighting",
    "Alarm system",
    "Alloy wheels",
    "Bluetooth",
    "Central locking",
    "DAB radio",
    "Daytime running lights",
    "Electric seat adjustment",
    "Electric side mirror",
    "Electric windows",
    "ESP",
    "Four-wheel drive",
    "Full Service History",
    "Hands-free kit",
    "Head-up display",
    "Heated seats",
    "Immobilizer",
    "Isofix",
    "LED headlights",
    "Light sensor",
    "Multifunction steering wheel",
    "Navigation system",
    "Non-smoker vehicle",
    "On-board computer",
    "Particulate filter",
    "Power Steering",
    "Rain sensor",
    "Roof rack",
    "Sport seats",
    "Sports package",
    "Sports suspension",
    "Start-stop system",
    "Traction control",
    "Tuner/radio"
  ]
},
{
  "title": "BMW M3 EU6e Competition M xDrive Touring Park-Assist",
  "previewImage": "https://img.classistatic.de/api/v1/mo-prod/images/d4/d491542c-68d9-483f-84ec-779d87d4e569?rule=mo-1600.jpg",
  "category": "EstateCar",
  "brand": "BMW",
  "model": "M3",
  "url": "https://suchen.mobile.de/fahrzeuge/details.html?id=434094010",
  "price.total.amount": 98192,
  "priceRating": {
    "rating": "Very good price",
    "priceRanges": {
      "Very good price": {
        "start": 76701,
        "end": 99700
      },
      "Good price": {
        "start": 99701,
        "end": 107400
      },
      "Fair price": {
        "start": 107401,
        "end": 119500
      },
      "Increased price": {
        "start": 119501,
        "end": 128200
      },
      "High price": {
        "start": 128201,
        "end": 142500
      }
    }
  },
  "description": "Weitere Ausstattungen:\nGetriebe\nAutomatik\nTechnik\nAllrad\nBordcomputer\nSperrdifferential\nAdaptives Daempfungssystem\nStart-Stop-Automatik\nVolldigitales Kombiinstrument\nAssistenten\nVerkehrszeichenerkennung\nPark-Lenk-Assistent\nRegensensor\nFernlichtassistent\nLichtsensor\nNotbremsassistent\nSpurhalteassistent\nSpurwechselassistent\nAbstandsregeltempomat\nAusparkassistent\nAbstands-/Kollisionswarner\nKomfort\nKlimaautomatik\nServolenkung\nZentralverriegelung\nElektrischer Fensterheber\nLederausstattung\nSitzheizung\nElektrische Aussenspiegel\nTempomat\nMultifunktionslenkrad\nElektrische Sitze\nInnenspiegel autom. abblendbar\nMittelarmlehne\nInnenraumfilter\nLenksaeule einstellbar\nSportsitze\nParkDistanceControl vorne und hinten\nKeyless Entry\nMemory Sitze\nAmbientebeleuchtung\nLordosenstütze\nLederlenkrad\nGeschwindigkeitsbegrenzungsanlage\nKlimaautomatik-3-Zonen\nSicht\nLED-Hauptscheinwerfer\nadaptives Kurvenlicht\nLED-Tagfahrlicht\n360 Grad Kamera\nHEAD-UP-Display\nLED-Rueckleuchten\nScheinwerferregulierung\nColorverglasung\nPrivacyverglasung\nSicherheit\nABS\nAirbag\nBeifahrer-Airbag\nWegfahrsperre\nSeitenairbags\nAlarmanlage\nESP\nAntriebsschlupfregelung\nReifendruckkontrolle\nTraktionskontrolle\nKopfairbag\nKnieairbag\nKindersitzbefestigung\nAnhängerstabilisierung\nNotrufsystem\nPannenkit\nEntertainment\nNavigationssystem\nSoundsystem\nRadio\nTelefonvorbereitung\nUSB-Anschluss\nMP3\nHarman-Kardon\nBluetooth\nFreisprecheinrichtung\nSprachsteuerung\nDAB\nWLAN\nTouchscreen\nInduktionsladen für Smartphones\nMusikstreaming\nUmwelt\nAbgasnorm Euro 6E\nQualität\nGarantie\nScheckheftgepflegt\nHUAU neu\nNichtraucherfahrzeug\nSonstiges\nKatalysator\nMetallic\nAlufelgen\nDachreling\nSportfahrwerk\nLenkradheizung\nFahrerprofilauswahl\nGepäckraumabtrennung\nAbgastechnik EU6d/e\nM Drive Professional\n19/20 M Schmiederäder Doppel\nLenkradheizung\nM Sportdifferenzial\nReifendruck-Kontrolle\nReifenpannenset\nAdaptives M Fahrwerk\nAlarmanlage\nKOMFORTZUGANG\nM Compound-Bremse\nschwarz hoc\nM Dachreling Hochglanz Shadow\nM Leuchten Shadow Line\nSONNENSCHUTZVERGLASUNG\nWARNDREIECK\nInnen- und Außenspiegelpaket\nInnenspiegel\nautomatisch abbl\nSitzverstellung\nelektrisch\nm\nLordosenstütze\nInstrumententafel Luxury\nGalvanikapplikation für Bedien\nKLIMAAUTOMATIK\nAdaptiver LED-Scheinwerfer\nFERNLICHTASSISTENT\nDRIVING ASSISTANT PROFESSIONAL\nPARKING ASSISTANT PLUS\nDAB-Tuner\nHarman Kardon Surround Sound S\ngesetzlicher Notruf\nConnecteddrive Services\nConnectedPackage Professional\nBMW Drive Recorder\nWireless Charging Ablage\nPersonal eSIM\nBMW Live Cockpit Professional\nSteuerung Infotainment\nM Sportsitze\nM Hochglanz Shadow Line\nM Dachhimmel anthrazit\nDeutschland-Ausführung\nÖlwartungsintervall - 24 Monat\nCOC Zusatzumfänge\nAktiver Fußgängerschutz\nDekodierung Zusatzfunktion\nSteuerung FAS 18\nSteuerung D\nM Toronto Rot metallic\nScheibenwischer mit Regensensor\nScheinwerfer LED\nKnieairbag Fahrerseite\nHeckleuchten LED\nAmbiente-Beleuchtung\nLeuchtweitenregelung\nMultifunktion für Lenkrad\nLenksäule (Lenkrad) mechan. verstellbar\nReifendruck-Kontrollsystem\nAnhänger-Stabilisierungs-Programm (ASL)\nKlimaautomatik 3-Zonen mit autom. Umluft-Control\nReifen-Reparaturset (Mobility-Pack)\nSportdifferential\nDachreling Hochglanz Shadow-Line\nLM-Felgen\nSchadstoffarm nach Abgasnorm Euro 6e\nAktives M Differential\nControl-Display mit Farbmonitor (14\n9 Zoll)\nSonnenschutzverglasung (hinten abgedunkelt)\nAdaptives Fahrwerk M-Technic\nRadioempfang digital (DAB+)\nMotor 3\n0 Ltr. - 390 kW 24V\nPersonalisierungssystem (BMW ID)\nEinstiegsleisten mit Einleger in Aluminium mit Schriftzug M\nHead-up-Display Full Color\nAntriebsart: Allradantrieb\nSpiegel-Paket\nMotor 3\n0 Ltr. - 390 kW 24V TwinPower Turbo (S58)\nRückfahrkamera\nGeschwindigkeits-Regelanlage\nAktiv mit Stop&Go-Funktion\nKomfortzugang (Öffnungs- und Schließsystem)\nSitzbezug / Polsterung: Leder Merino Schwarz\nParkassistent-Paket Plus\nAirbag Fahrer-/Beifahrerseite\nAnti-Blockier-System (ABS)\nSeitenairbag vorn\nKopf-Airbag-System hinten\nKopf-Airbag-System vorn\nLicht- und Regensensor\nService-System: Intelligenter Notruf inkl. TeleServices\nReifenpannen-Anzeige\nDynamische Stabilitäts-Control (DSC) mit erweiterter Umfang\nFreisprecheinrichtung Bluetooth mit USB-/Audio-Schnittstelle\nAutomatische Stabilitäts-Control (ASC)\nLichtassistent (Follow me home)\nRückfahrkamera (Top View)\nMetallic-Lackierung\n12V-Steckdose\nAblage-Paket\nActive Guard (Bremsassistent)\naktiver Spurhalteassistent\nAmpel-Erkennung\nAntriebsart: xDrive (Allrad)\nAußenspiegel elektr. anklappbar\nAußenspiegel mit Abblendautomatik\nAußenspiegel rechts mit Bordsteinautomatik\nAusweich-Assistent\nAutomatik - mit Steptronic und Drivelogic (8-Stufen)\nBeifahrerairbag abschaltbar\nBMW Curved Display\nBMW Digital Key\nCompetition\nCompound - M Bremssystem (Bremssättel Schwarz)\n\nInt.KnNr: 2278908\nÄnderungen, Zwischenverkauf und Irrtümer vorbehalten.\nquality by dotzilla",
  "dealerDetails": {
    "id": 461817,
    "name": "Nefzger GmbH & Co. KG",
    "sellerType": "Dealer",
    "phones": [
      "+49 (0)30 9210264105"
    ],
    "languages": [
      "Deutsch",
      "English"
    ],
    "country": "DE",
    "address": "Nonnendammallee 62-64, DE-13629 Berlin-Siemensstadt",
    "location": {
      "latitude": 52.53686769999999,
      "longitude": 13.2558252
    },
    "activeSince": "2001-06-19T00:00:00.000Z",
    "homepageUrl": "https://home.mobile.de/home/redirect.html?customerId=461817",
    "iconUrl": "https://img.classistatic.de/api/v1/mo-prod/images/02/02c93533-d438-4f02-b900-dcd23f13f118?rule=mo-640.jpg",
    "reviewPageUrl": "https://www.mobile.de/bewertungen/NEFZGER?lang=en",
    "score": {
      "total": 4.2,
      "responseTime": 4.2,
      "friendliness": 4.4,
      "advice": 4
    },
    "activeRatingCount": 28,
    "vehicleAsDescribedPercentage": 95,
    "recommendPercentage": 78,
    "soldVehicleCount": null,
    "reviews": []
  },
  "attributes": {
    "Vehicle condition": "New vehicle",
    "Category": "Estate car",
    "Vehicle Number": "2278908",
    "Availability": "Now",
    "Origin": "German edition",
    "Mileage": "7 km",
    "Cubic Capacity": "2,993 ccm",
    "Power": "390 kW (530 hp)",
    "Drive type": "Internal combustion engine",
    "Fuel": "Petrol",
    "CO₂ class": "Based on CO₂ emissions (combined)",
    "Fuel consumption": [
      "10.4 l/100km (combined)",
      "15.8 l/100km (city)",
      "10.3 l/100km (suburban)",
      "8.8 l/100km (country road)",
      "9.8 l/100km (motorway)"
    ],
    "Energy costs for 15,000 km annual mileage": "€2,802/Year",
    "Fuel price": "€1.80/l (annual average 2024)",
    "Possible CO₂ costs over the next 10 years (15,000 km/year)": [
      "€4,477 (assuming an average CO₂ price of €127/t)",
      "€2,115 (assuming a low average CO₂ price of €60/t)",
      "€7,050 (assuming a high average CO₂ price of €200/t)"
    ],
    "Vehicle tax": "€480/Year",
    "Number of Seats": "5",
    "Door Count": "4/5",
    "Transmission": "Automatic",
    "Emission Class": "Euro 6e",
    "Emissions Sticker": "1 (None)",
    "Construction Year": "2024",
    "Number of Vehicle Owners": "0",
    "HU": "New",
    "Climatisation": "Automatic climatisation, 3 zones",
    "Parking sensors": "360° camera, Front, Self-steering systems, Rear",
    "Airbags": "Front and Side and More Airbags",
    "Colour (Manufacturer)": "TORONTO ROT METALLIC",
    "Colour": "Red Metallic",
    "Interior Design": "Full leather, Other",
    "Cylinders": "6",
    "Energy consumption (comb.)": "10.4 l/100km",
    "CO₂ emissions (comb.)": "235 g/km"
  },
  "features": [
    "ABS",
    "Adaptive cornering lights",
    "Adaptive Cruise Control",
    "Alarm system",
    "Alloy wheels",
    "Ambient lighting",
    "Arm rest",
    "Autom. dimming interior mirror",
    "Bluetooth",
    "Cargo barrier",
    "Central locking",
    "DAB radio",
    "Digital cockpit",
    "Distance warning system",
    "Dynamic chassis control",
    "Electric seat adjustment",
    "Electric side mirror",
    "Electric windows",
    "Eletric seat adjustment with memory function",
    "Emergency brake assist",
    "Emergency call system",
    "Emergency tyre repair kit",
    "ESP",
    "Folding exterior mirrors",
    "Four-wheel drive",
    "Full Service History",
    "Hands-free kit",
    "Head-up display",
    "Heated seats",
    "Heated steering wheel",
    "High beam assist",
    "Immobilizer",
    "Induction charging for smartphones",
    "Integrated music streaming",
    "Isofix",
    "Keyless central locking",
    "Lane change assist",
    "Leather steering wheel",
    "LED headlights",
    "LED running lights",
    "Light sensor",
    "Lumbar support",
    "Multifunction steering wheel",
    "Navigation system",
    "Non-smoker vehicle",
    "On-board computer",
    "Power Steering",
    "Rain sensor",
    "Rear traffic alert",
    "Roof rack",
    "Sound system",
    "Speed limit control system",
    "Sport seats",
    "Sports suspension",
    "Start-stop system",
    "Tinted windows",
    "Touchscreen",
    "Traction control",
    "Traffic sign recognition",
    "Tuner/radio",
    "Tyre pressure monitoring",
    "USB port",
    "Voice control",
    "Warranty",
    "WLAN / Wi-Fi hotspot"
  ]
},
{
  "title": "BMW M3 Competition M xDrive Touring Schalensitze ACC",
  "previewImage": "https://img.classistatic.de/api/v1/mo-prod/images/67/67aa8bad-3df7-405d-aecc-7a7065131dcd?rule=mo-1600.jpg",
  "category": "EstateCar",
  "brand": "BMW",
  "model": "M3",
  "url": "https://suchen.mobile.de/fahrzeuge/details.html?id=434342918",
  "price.total.amount": 97890,
  "priceRating": {
    "rating": "Fair price",
    "priceRanges": {
      "Very good price": {
        "start": 67501,
        "end": 87700
      },
      "Good price": {
        "start": 87701,
        "end": 94500
      },
      "Fair price": {
        "start": 94501,
        "end": 105100
      },
      "Increased price": {
        "start": 105101,
        "end": 112800
      },
      "High price": {
        "start": 112801,
        "end": 125300
      }
    }
  },
  "description": "Ablage für Wireless Charging\nAblagenpaket\nActive Guard\nActive Protection\nAdaptiver LED-Scheinwerfer\nAdaptives M Fahrwerk\nAktiver Fußgängerschutz\nAlarmanlage mit Fernbedienung\nAllrad\nBeifahrerairbag-Deaktivierung\nBMW Live Cockpit Professional (laufzeitgebundener Dienst)\nConnected Package Professional (laufzeitgebundener Dienst)\nConnectedDrive Services (laufzeitgebundener Dienst)\nDAB Tuner\nDach und Spiegelkappen schwarz\nDachreling\nDriving Assistant Professional\nFernlichtassistent\nFondkopfstützen klappbar\nGalvanikapplikation für Bedienelemente\nGepäckraumpaket\nGesetzlicher Notruf\nHarman Kardon Surround Sound System\nInnen- und Außenspiegelpaket\nInnenspiegel automatisch abblendend\nInnovationspaket\nKlimaautomatik\nKomfortzugang\nLeder Merino Schwarz/Schwarz\nM Carbon Schalensitze\nM Dachreling Hochglanz Shadow Line\nM Drive Professional\nM Hochglanz Shadow Line\nM Hochglanz Shadow Line mit erweiterten Umfängen\nM Interieurleisten 'Carbon Fibre'\nM Leuchten Shadow Line\nM Sicherheitsgurte\nM Sportdifferenzial\nParking Assistant Plus\nPersonal eSIM\nReifendruck-Kontrolle\nSitzheizung für Fahrer und Beifahrer\nSitzverstellung elektrisch mit Memory für Fahrersitz\nSonnenschutzverglasung\nMtl. Leasingrate: 867,47 EUR inkl. MwSt.\nAnschaffungspreis 73.900,08 EUR\nSonderzahlung: 23.989,92 EUR\nLaufleistung p.a. 10.000km\nLaufzeit 48 Monate\nSollzinssatz p.a.: 5,80% (gebunden für die gesamte Vertragslaufzeit)\nEffektiver Jahreszins 5,96%\nGesamtbetrag 65.628,12 EUR\nEin unverbindliches Leasingbeispiel der BMW Bank GmbH - Lilienthalallee 26 - 80939 München.\n\n* 19\"/20\" M Schmiederäder Doppelspeiche 826 M Bicolor Schwarz mit Mischbereifung und Tack Reifen Irrtümer und Zwischenverkauf vorbehalten.",
  "dealerDetails": {
    "id": 454208,
    "name": "Autohaus Unterberger GmbH",
    "sellerType": "Dealer",
    "phones": [
      "+49 (0)8022 915990417"
    ],
    "languages": [
      "Deutsch",
      "English"
    ],
    "country": "DE",
    "address": "Münchner Strasse 47-49, DE-83707 Bad Wiessee",
    "location": {
      "latitude": 47.7181371,
      "longitude": 11.718874
    },
    "activeSince": "2000-05-09T00:00:00.000Z",
    "homepageUrl": "https://home.mobile.de/home/redirect.html?customerId=454208",
    "iconUrl": "https://img.classistatic.de/api/v1/mo-prod/images/d4/d47f1e91-0963-4ba8-958c-f970d0643abf?rule=mo-640.jpg",
    "reviewPageUrl": "https://www.mobile.de/bewertungen/AH-KATHAN?lang=en",
    "score": {
      "total": 4.7,
      "responseTime": 4.7,
      "friendliness": 4.8,
      "advice": 4.6
    },
    "activeRatingCount": 36,
    "vehicleAsDescribedPercentage": 90,
    "recommendPercentage": 96,
    "soldVehicleCount": null,
    "reviews": []
  },
  "attributes": {
    "Vehicle condition": "Used vehicle, Accident-free",
    "Category": "Estate car, Employee's Car",
    "Model range": "G81",
    "Trim line": "M xDrive Touring Schalensitze ACC",
    "Vehicle Number": "199798",
    "Availability": "Now",
    "Origin": "German edition",
    "Mileage": "14,164 km",
    "Cubic Capacity": "2,993 ccm",
    "Power": "390 kW (530 hp)",
    "Drive type": "Internal combustion engine",
    "Fuel": "Petrol",
    "CO₂ class": "Based on CO₂ emissions (combined)",
    "Fuel consumption": [
      "10.4 l/100km (combined)",
      "15.7 l/100km (city)",
      "10.3 l/100km (suburban)",
      "8.8 l/100km (country road)",
      "9.8 l/100km (motorway)"
    ],
    "Energy costs for 15,000 km annual mileage": "€0/Year",
    "Fuel price": "€1.80/l (annual average 2024)",
    "Possible CO₂ costs over the next 10 years (15,000 km/year)": [
      "€0 (assuming an average CO₂ price of €127/t)",
      "€0 (assuming a low average CO₂ price of €60/t)",
      "€0 (assuming a high average CO₂ price of €200/t)"
    ],
    "Number of Seats": "5",
    "Door Count": "4/5",
    "Transmission": "Automatic",
    "Emission Class": "Euro6",
    "Emissions Sticker": "4 (Green)",
    "First Registration": "01/2025",
    "Number of Vehicle Owners": "1",
    "HU": "01/2028",
    "Climatisation": "Automatic climatisation, 3 zones",
    "Parking sensors": "Rear, Front, Self-steering systems, 360° camera",
    "Airbags": "Front and Side and More Airbags",
    "Colour (Manufacturer)": "M Isle of Man Grün",
    "Colour": "Green Metallic",
    "Interior Design": "Full leather, Black",
    "Cylinders": "6",
    "Energy consumption (comb.)": "10.4 l/100km",
    "CO₂ emissions (comb.)": "234 g/km"
  },
  "features": [
    "ABS",
    "Adaptive cornering lights",
    "Adaptive Cruise Control",
    "Alarm system",
    "Alloy wheels",
    "Ambient lighting",
    "Android Auto",
    "Apple CarPlay",
    "Arm rest",
    "Autom. dimming interior mirror",
    "Blind spot assist",
    "Bluetooth",
    "Cargo barrier",
    "Central locking",
    "DAB radio",
    "Digital cockpit",
    "Distance warning system",
    "Dynamic chassis control",
    "Electric seat adjustment",
    "Electric side mirror",
    "Electric tailgate",
    "Electric windows",
    "Eletric seat adjustment with memory function",
    "Emergency brake assist",
    "Emergency call system",
    "ESP",
    "Fatigue warning system",
    "Folding exterior mirrors",
    "Four-wheel drive",
    "Full Service History",
    "Glare-free high beam headlights",
    "Hands-free kit",
    "Head-up display",
    "Heated seats",
    "High beam assist",
    "Hill-start assist",
    "Immobilizer",
    "Induction charging for smartphones",
    "Integrated music streaming",
    "Isofix",
    "Keyless central locking",
    "Lane change assist",
    "Leather steering wheel",
    "LED headlights",
    "LED running lights",
    "Light sensor",
    "Multifunction steering wheel",
    "Navigation system",
    "Non-smoker vehicle",
    "On-board computer",
    "Paddle shifters",
    "Particulate filter",
    "Power Steering",
    "Rain sensor",
    "Rear traffic alert",
    "Roof rack",
    "Sound system",
    "Speed limit control system",
    "Sport seats",
    "Sports package",
    "Sports suspension",
    "Start-stop system",
    "Summer tyres",
    "Tinted windows",
    "Touchscreen",
    "Traction control",
    "Traffic sign recognition",
    "Tuner/radio",
    "Tyre pressure monitoring",
    "USB port",
    "Voice control",
    "Warranty"
  ]
},
{
  "title": "BMW M3 Competion Touring Schalensitze Laser H/K",
  "previewImage": "https://img.classistatic.de/api/v1/mo-prod/images/94/94efa159-060a-4074-9832-553780a8f2a3?rule=mo-1600.jpg",
  "category": "EstateCar",
  "brand": "BMW",
  "model": "M3",
  "url": "https://suchen.mobile.de/fahrzeuge/details.html?id=433575968",
  "price.total.amount": 97499,
  "priceRating": {
    "rating": "Increased price",
    "priceRanges": {
      "Very good price": {
        "start": 62601,
        "end": 81400
      },
      "Good price": {
        "start": 81401,
        "end": 87600
      },
      "Fair price": {
        "start": 87601,
        "end": 97400
      },
      "Increased price": {
        "start": 97401,
        "end": 104600
      },
      "High price": {
        "start": 104601,
        "end": 116200
      }
    }
  },
  "description": "Zum Verkauf steht ein M3 Touring in der Individual Lackierung Frozen Pure Grey. \nFolgende Veränderungen wurden vorgenommen: \nKW Gewindefedern \nSpurplatten\nOriginal CS Grill\nKeramik-Versiegelung \n\nSämtliche Originalteile sind noch vorhanden und können auf Wusch Mitgegeben oder Montiert werden. \n\nDer M3 wurde nicht im Alltag bewegt und hat auch keine Rennstrecke gesehen. \n\nAusstattung: \nBMW LM Rad 826M\nM Sportdifferenzial\nAdaptives M Fahrwerk\nDach und Spiegelkappen schwarz\nM Dachreling Shadow Line\nInnenspiegel automatisch abblendend\nSitzverstellung elektrisch mit Memory\nAblagenpaket\nSitzheizung Fahrer/Beifahrer\nKlimaautomatik\nGeschwindigkeitsregelung mit Bremsfunkt.\nKilometertacho\nBMW Live Cockpit Plus\nSteuerung Infotainment\nDachhimmel anthrazit\nM Shadow Line mit erweitertem Umfang\nSprachversion deutsch\nAbgasnorm EU6 rde II\nM DRIVE PROFESSIONAL\nAlarmanlage\nKomfortzugang\nAkustik Komfort Verglasung\nM Leuchten Shadow Line\nGepäckraumpaket\nAbgedunkelte Verglasung\nInnen-/Aussensp. mit Abblendautomatik\nM Carbon Schalensitze\nInstrumententafel Sensatec\nM Sicherheitsgurte\nInterieurleisten Carbon Fibre\nGalvanikapplikation Bedienelemente\nFernlichtassistent\nDriving Assistant\nActive Guard\nBMW Laserlicht\nParkassistenzsystem Plus\nDAB-Tuner\nHarman/Kardon Surround Sound System\nConnected Drive Services\nConnected Package Professional\nBMW drive recorder\nStorage tray wireless charging\nM Driver's Package\nInnovationspaket\nLänderausführung Deutschland\n\nEs handelt sich um einen Privatverkauf.",
  "dealerDetails": {
    "id": 23885220,
    "sellerType": "Private Seller",
    "phones": [
      "+49 (0)160 8871761"
    ],
    "country": "DE",
    "address": "DE-37081 Göttingen",
    "location": {
      "latitude": 51.5317158,
      "longitude": 9.9049169
    },
    "iconUrl": null,
    "reviewPageUrl": null,
    "score": null,
    "activeRatingCount": null,
    "vehicleAsDescribedPercentage": null,
    "recommendPercentage": null,
    "soldVehicleCount": null,
    "reviews": []
  },
  "attributes": {
    "Vehicle condition": "Used vehicle, Accident-free",
    "Category": "Estate car",
    "Mileage": "4,300 km",
    "Cubic Capacity": "2,993 ccm",
    "Power": "375 kW (510 hp)",
    "Drive type": "Internal combustion engine",
    "Fuel": "Petrol",
    "Number of Seats": "5",
    "Door Count": "4/5",
    "Transmission": "Automatic",
    "Emission Class": "Euro 6e",
    "Emissions Sticker": "4 (Green)",
    "First Registration": "03/2024",
    "Number of Vehicle Owners": "1",
    "HU": "03/2027",
    "Climatisation": "Automatic climatisation, 3 zones",
    "Parking sensors": "Rear, Front, 360° camera",
    "Airbags": "Front and Side and More Airbags",
    "Colour": "Grey Metallic",
    "Interior Design": "Full leather, Black"
  },
  "features": [
    "ABS",
    "Alarm system",
    "Alloy wheels",
    "Ambient lighting",
    "Android Auto",
    "Apple CarPlay",
    "Arm rest",
    "Autom. dimming interior mirror",
    "Blind spot assist",
    "Bluetooth",
    "Cargo barrier",
    "Central locking",
    "Cruise control",
    "DAB radio",
    "Digital cockpit",
    "Distance warning system",
    "Electric seat adjustment",
    "Electric side mirror",
    "Electric tailgate",
    "Electric windows",
    "Emergency brake assist",
    "Emergency call system",
    "Emergency tyre repair kit",
    "ESP",
    "Fatigue warning system",
    "Four-wheel drive",
    "Full Service History",
    "Glare-free high beam headlights",
    "Hands-free kit",
    "Heated seats",
    "High beam assist",
    "Hill-start assist",
    "Immobilizer",
    "Induction charging for smartphones",
    "Isofix",
    "Keyless central locking",
    "Lane change assist",
    "Laser headlights",
    "Leather steering wheel",
    "LED running lights",
    "Light sensor",
    "Lumbar support",
    "Multifunction steering wheel",
    "Navigation system",
    "Non-smoker vehicle",
    "On-board computer",
    "Paddle shifters",
    "Particulate filter",
    "Power Steering",
    "Rain sensor",
    "Roof rack",
    "Sound system",
    "Speed limit control system",
    "Sport seats",
    "Start-stop system",
    "Summer tyres",
    "Touchscreen",
    "Traction control",
    "Traffic sign recognition",
    "Tuner/radio",
    "Tyre pressure monitoring",
    "USB port",
    "Voice control",
    "Warranty"
  ]
},
{
  "title": "BMW M3 Touring Competition xDrive- UPE 122.320,00 € ",
  "previewImage": "https://img.classistatic.de/api/v1/mo-prod/images/03/036ae5a7-81b5-4c24-a7bc-44d6aae7f673?rule=mo-1600.jpg",
  "category": "EstateCar",
  "brand": "BMW",
  "model": "M3",
  "url": "https://suchen.mobile.de/fahrzeuge/details.html?id=422736641",
  "price.total.amount": 97988,
  "priceRating": {
    "rating": "Good price",
    "priceRanges": {
      "Very good price": {
        "start": 74301,
        "end": 96600
      },
      "Good price": {
        "start": 96601,
        "end": 104100
      },
      "Fair price": {
        "start": 104101,
        "end": 115800
      },
      "Increased price": {
        "start": 115801,
        "end": 124300
      },
      "High price": {
        "start": 124301,
        "end": 138100
      }
    }
  },
  "description": "Antrieb, Fahrwerk\nAdaptives M Fahrwerk\nAllrad\nM Sportdifferential\n\nAußenausstattung\nDachreling Hochglanz Shadow-Line\nLM-Felgen\nSonnenschutzverglasung (hinten abgedunkelt)\n\nEditionen und Pakete\nAblagenpaket\nConnectedDrive Services\nConnectedPackage Professional\nInnovations-Paket (2)\nM Driver´s Package\n\nExterieur\nDach und Spiegelkappen schwarz\n\nFahrerassistenz\nFahrassistenz-System: Driving Assistant Professional\nGesetzlicher Notruf\nHead-Up Display\nParking Assistant\nTeleServices\n\nIndividualumfänge\nBMW Individual Dachreling Hochglanz Shadow Line\nBMW Individual Hochglanz Shadow Line mit erweiterten Umfängen\nDachhimmel Individual anthrazit\nHochglanz Shadow Line\n\nKomfort, Innenausstattung\nAmbiente-Beleuchtung\nAußenspiegel elektr. anklappbar\nAutomatische Verriegelung beim Anfahren\nBMW Live Cockpit Professional\nDurchladeeinrichtung (Mittelarmlehne hinten)\nDurchladesystem\nEinparkhilfe selbstlenkendes System\nFahrassistenz-System: Einparkhilfe Seite\nFahrassistenz-System: Park-Assistent\nFensterheber elektrisch vorn + hinten\nFensterheber, elektrisch\nFondkopfstützen klappbar\nFreisprecheinrichtung Bluetooth mit USB-/Audio-Schnittstelle\nGalvanikapplikation für Bedienelemente\nGeschwindigkeits-Begrenzeranlage (Speed Limit Device)\nGeschwindigkeits-Regelanlage mit Bremsfunktion\nHead-up-Display Full Color\nInduktionsladeschale für Smartphone (Wireless Charging)\nInnen- und Aussenspiegel automatisch abblendend\nInnenausstattung: Interieurleisten Carbon\nInnenspiegel mit Abblendautomatik\nIsofix-Aufnahmen für Kindersitz\nKlimaautomatic\nKlimaautomatik 3-Zonen mit autom. Umluft-Control\nKomfortzugang (Öffnungs- und Schließsystem)\nLendenwirbelstütze Sitz vorn links und rechts, elektr. verstellbar\nLenkrad (Leder) mit Multifunktion M-Technic\nLenkrad heizbar\nLicht- und Regensensor\nLordosenstuetze fuer Fahrer und Beifahrer\nM Sicherheitsgurte\nM Sportsitze\nMultifunktion für Lenkrad\nParkassistent-Paket\nRadioempfang digital (DAB+)\nRückfahrkamera\nScheibenwischer mit Regensensor\nService-System: Augmented Reality für Navigation\nService-System: WiFi-Direct\nSitze vorn elektr. verstellbar (mit Memory)\nSitzheizung fuer Fahrer und Beifahrer\nSitzheizung vorn\nSitzverstellung, elektrisch mit Memory\nSkisack\nSonnenschutzverglasung\n\nMultimedia\nBMW Live Cockpit Professional\nDAB Tuner\nFreisprecheinrichtung\nHarman Kardon Surround Sound System\nNavigationssystem\nTelefon\n\nRäder\n19\"/20\" M Schmiederäder Doppelspeiche 826 M Schwarz / MB\nRadschraubensicherung\n\nSitzbezug\nVollleder Merino Silverstone/Schwarz\n\nSonstiges\nAblage für Wireless Charging \nABS\nActive Guard\nBlow by-Heizer\nBMW Digital Key\nBMW Individual-Sonderlackierung Frozen Portimao Blue Metallic\nDekodierung Zusatzfunktionen\nDeutsch / Bordliteratur\nDeutschland-Ausfuehrung\nElektrisch verstellbare Spiegel\nEU-spezifische Zusatzumfaenge\nFahrassistenz-System: aktiver Spurhalteassistent\nFahrassistenz-System: Ampel-Erkennung\nFahrassistenz-System: Ausweich-Assistent\nFahrassistenz-System: Falschfahrwarnung\nFahrassistenz-System: Frontkollisionswarnung\nFahrassistenz-System: Heckaufprall-Vermeidung (Prävention Heckkollision)\nFahrassistenz-System: Kreuzungs-Assistent\nFahrassistenz-System: Querverkehrs-Assistent\nFahrassistenz-System: Spurwechselassistent\nFahrassistenz-System: Spurwechsel-Warnsystem\nFahrerairbag\nGeschwindigkeits-Regelanlage, Aktiv mit Stop&Go-Funktion\ninterne Steuerung\nKältemittel\nKilometertacho\nLeder\nM Drive Professional\nMetallic-Lackierung\nMultifunktionslenkrad\nÖlwartungsintervall 24 Monate/30.000 km\nPersonal eSIM \nReifenreparatur-Set\nScheinwerfer BMW Individual Shadow-Line\nSeitenairbag\nSitzbezug / Polsterung: Voll-Leder Merino Silverstone / Schwarz\nSportfahrwerk\nSportsitze\nSteuerung Infotainment\nSteuerung Karosserie\nTempomat\nZentralverriegelung\n\nUmwelt, Sicherheit\nAbgasnorm EU6 RDE II\nAktiver Fussgängerschutz\nAlarmanlage\nBeifahrerairbag\nBeifahrerairbag-Deaktivierung\nESP\nFahrassistenz-System: Fernlichtassistent\nInnenspiegel, automatisch abblendend\nKindersitzbefestigung ISOFIX\nLED-Scheinwerfer\nPASM\nRegensensor\nReifen Druck Control\nScheinwerfer LED mit adaptiver Lichtverteilung\nTraction Control\nWarndreieck\n\nNeupreis: 122.319,99 EUR inkl. MwSt.\nEin individuelles Leasingangebot ist auf Anfrage möglich.\n\nIhre Ansprechpartner bei uns im Haus:\nDennis Rybka Tel. 05225-878537 Mail: dennis.rybka@becker-tiemann.de\nNico Hinzmann Tel. 05225-878518 Mail: nico.hinzmann@becker-tiemann.de\n\nLassen Sie sich Ihr individuelles Angebot erstellen!\nZzgl. 1.090€ einmalig für das Auslieferungspaket. Irrtümer und Zwischenverkauf vorbehalten.",
  "dealerDetails": {
    "id": 31027996,
    "name": "Autohaus Becker-Tiemann Spenge GmbH & Co KG",
    "sellerType": "Dealer",
    "phones": [
      "+49 (0)5225 899501410"
    ],
    "languages": [
      "Deutsch",
      "English",
      "Türkçe"
    ],
    "country": "DE",
    "address": "Düttingdorfer Str. 342, DE-32139 Spenge",
    "location": {
      "latitude": 52.1279492,
      "longitude": 8.4149624
    },
    "activeSince": "2000-09-13T00:00:00.000Z",
    "homepageUrl": "https://home.mobile.de/home/redirect.html?customerId=31027996",
    "iconUrl": null,
    "reviewPageUrl": "https://www.mobile.de/bewertungen/AUTOHAUSBECKERTIEMANNSPENGEGMBHCOKG?lang=en",
    "score": {
      "total": 4.2,
      "responseTime": 4.2,
      "friendliness": 4.4,
      "advice": 4.1
    },
    "activeRatingCount": 14,
    "vehicleAsDescribedPercentage": 92,
    "recommendPercentage": 83,
    "soldVehicleCount": null,
    "reviews": []
  },
  "attributes": {
    "Vehicle condition": "Used vehicle, Accident-free",
    "Category": "Estate car, Demonstration Vehicle",
    "Model range": "G81",
    "Trim line": " Competition xDrive- UPE 122.320,00 € #exclusive",
    "Vehicle Number": "FV11730",
    "Availability": "Now",
    "Mileage": "2,500 km",
    "Cubic Capacity": "2,993 ccm",
    "Power": "390 kW (530 hp)",
    "Drive type": "Internal combustion engine",
    "Fuel": "Petrol, E10-enabled",
    "CO₂ class": "Based on CO₂ emissions (combined)",
    "Fuel consumption": [
      "10.4 l/100km (combined)",
      "15.8 l/100km (city)",
      "10.3 l/100km (suburban)",
      "8.8 l/100km (country road)",
      "9.8 l/100km (motorway)"
    ],
    "Energy costs for 15,000 km annual mileage": "€2,802/Year",
    "Fuel price": "€1.80/l (annual average 2024)",
    "Possible CO₂ costs over the next 10 years (15,000 km/year)": [
      "€4,458 (assuming an average CO₂ price of €127/t)",
      "€2,106 (assuming a low average CO₂ price of €60/t)",
      "€7,020 (assuming a high average CO₂ price of €200/t)"
    ],
    "Vehicle tax": "€476/Year",
    "Number of Seats": "5",
    "Door Count": "4/5",
    "Transmission": "Automatic",
    "Emission Class": "Euro6",
    "First Registration": "05/2025",
    "Construction Year": "2025",
    "Number of Vehicle Owners": "1",
    "HU": "05/2028",
    "Climatisation": "Automatic climatisation, 3 zones",
    "Parking sensors": "Camera, Self-steering systems, Front, Rear",
    "Airbags": "Front and Side and More Airbags",
    "Colour (Manufacturer)": "Individual Frozen Portimao Blue",
    "Colour": "Blue Metallic",
    "Interior Design": "Full leather, Other",
    "Weight": "1,940 kg",
    "Tank capacity": "59 l",
    "Energy consumption (comb.)": "10.4 l/100km",
    "CO₂ emissions (comb.)": "234 g/km"
  },
  "features": [
    "ABS",
    "Adaptive cornering lights",
    "Adaptive Cruise Control",
    "Alarm system",
    "Alloy wheels",
    "Ambient lighting",
    "Android Auto",
    "Apple CarPlay",
    "Arm rest",
    "Autom. dimming interior mirror",
    "Blind spot assist",
    "Bluetooth",
    "Cargo barrier",
    "Central locking",
    "DAB radio",
    "Digital cockpit",
    "Distance warning system",
    "Dynamic chassis control",
    "Electric seat adjustment",
    "Electric side mirror",
    "Electric tailgate",
    "Electric windows",
    "Eletric seat adjustment with memory function",
    "Emergency brake assist",
    "Emergency call system",
    "ESP",
    "Fatigue warning system",
    "Four-wheel drive",
    "Full Service History",
    "Glare-free high beam headlights",
    "Hands-free kit",
    "Head-up display",
    "Heated seats",
    "Heated steering wheel",
    "High beam assist",
    "Hill-start assist",
    "Immobilizer",
    "Induction charging for smartphones",
    "Isofix",
    "Keyless central locking",
    "Lane change assist",
    "Leather steering wheel",
    "LED headlights",
    "LED running lights",
    "Light sensor",
    "Lumbar support",
    "Multifunction steering wheel",
    "Navigation system",
    "Non-smoker vehicle",
    "On-board computer",
    "Paddle shifters",
    "Particulate filter",
    "Power Steering",
    "Rain sensor",
    "Rear traffic alert",
    "Roof rack",
    "Ski bag",
    "Sound system",
    "Speed limit control system",
    "Sport seats",
    "Sports package",
    "Sports suspension",
    "Start-stop system",
    "Summer tyres",
    "Tinted windows",
    "Touchscreen",
    "Traction control",
    "Tuner/radio",
    "Tyre pressure monitoring",
    "USB port",
    "Voice control",
    "Warranty",
    "WLAN / Wi-Fi hotspot"
  ]
},
{
  "title": "BMW M3 Touring xDrive Competition M Keramik H&K",
  "previewImage": "https://img.classistatic.de/api/v1/mo-prod/images/e0/e0838f11-e949-415c-9764-263f8e1201c5?rule=mo-1600.jpg",
  "category": "EstateCar",
  "brand": "BMW",
  "model": "M3",
  "url": "https://suchen.mobile.de/fahrzeuge/details.html?id=429555450",
  "price.total.amount": 98590,
  "priceRating": {
    "rating": "Good price",
    "priceRanges": {
      "Very good price": {
        "start": 71601,
        "end": 93100
      },
      "Good price": {
        "start": 93101,
        "end": 100300
      },
      "Fair price": {
        "start": 100301,
        "end": 111500
      },
      "Increased price": {
        "start": 111501,
        "end": 119700
      },
      "High price": {
        "start": 119701,
        "end": 133000
      }
    }
  },
  "description": "Sonderausstattung:\nAktive Sitzbelüftung vorn, Bremsanlage: M Carbon-Keramik, Fahrassistenz-System: Driving Assistant Professional, Fahrassistenz-System: Fernlichtassistent, Innenausstattung: Interieurleisten Carbon, Innovations-Paket (2), Instrumententafel Luxury, Lenkrad heizbar, Metallic-Lackierung, Parkassistent-Paket Plus, Scheinwerfer BMW Individual Shadow-Line, Sitzbezug / Polsterung: Leder Merino Schwarz\n\nWeitere Ausstattung:\nAblage-Paket, Adaptives Fahrwerk M-Technic, Airbag Beifahrerseite abschaltbar, Airbag Fahrer-/Beifahrerseite, Aktives M Differential, Ambiente-Beleuchtung, Anhänger-Stabilisierungs-Programm (ASL), Ausstattungs-Paket: Connected Professional, Automatische Stabilitäts-Control (ASC), Außenausstattung: Shadow-Line Hochglanz, Außenausstattung: Shadow-Line Hochglanz (erweiterter Umfang), Bedienelemente galvanisiert, Blinkleuchte in Außenspiegel integriert, BMW Live Cockpit Professional, Competition, Dach schwarz lackiert, Dachhimmel Anthrazit (BMW Individual), Dachreling Hochglanz Shadow-Line, Diebstahlsicherung für Räder (Felgenschlösser), Durchladeeinrichtung (Mittelarmlehne hinten), Dynamische Stabilitäts-Control (DSC) mit erweiterter Umfang, Dynamische Tractions Control (DTC), Einstiegsleisten mit Einleger in Aluminium mit Schriftzug M, Erste Hilfe-Kasten / Verbandkasten, Fahrassistenz-System: Active Guard (Bremsassistent), Fensterheber elektrisch vorn + hinten, Freisprecheinrichtung Bluetooth mit USB-/Audio-Schnittstelle, Gepäckraum-Abtrennung (Netz), Getriebe Automatik - mit Steptronic und Drivelogic (8-Stufen), Getränkehalter, Heckklappenbetätigung automatisch, Heckleuchten LED, Induktionsladeschale für Smartphone (Wireless Charging), Innenausstattung: Interieurleisten Alu Rhombicle mit Akzentleiste, Innenspiegel mit Abblendautomatik, Isofix-Aufnahmen für Kindersitz, Karosserie: 5-türig, Kennzeichenbeleuchtung LED, Klimaautomatik 3-Zonen mit autom. Umluft-Control, Knieairbag Fahrerseite, Kopf-Airbag-System hinten, Kopf-Airbag-System vorn, Kopfstützen hinten klappbar, Lendenwirbelstütze Sitz vorn links und rechts, elektr. verstellbar, Lenksäule (Lenkrad) mechan. verstellbar, Leuchtweitenregelung, Lichtassistent (Follow me home), LM-Felgen, M Drive (Fahrprofilauswahl), M Drive Professional (Fahrprofilauswahl), Modellpflege, Motor 3,0 Ltr. - 390 kW 24V TwinPower Turbo (S58), Multifunktion für Lenkrad, Otto-Partikelfilter (OPF), Personalisierungssystem (BMW ID), Personalisierungssystem (Personal eSIM), Radioempfang digital (DAB+), Reifen-Reparaturset (Mobility-Pack), Reifendruck-Kontrollsystem, Reifenpannen-Anzeige, Schadstoffarm nach Abgasnorm Euro 6e, Schaltpunktanzeige, Scheinwerfer LED, Seitenairbag vorn, Service-System: ConnectedDrive Services, Service-System: Gesetzlicher Notruf, Service-System: Intelligenter Notruf inkl. TeleServices, Sicherheitsgurte M, Sitzbezug / Polsterung: Leder Merino, Sitze vorn elektr. verstellbar (mit Memory), Sitzheizung vorn, Sonnenschutzverglasung (hinten abgedunkelt), Sound-System Harman-Kardon, Spiegel-Paket, Sportdifferential, Sportsitze vorn (M-Technic), Start/Stop-Anlage (Funktion), Steckdose (12V-Anschluß) in Mittelkonsole vorn, Warndreieck, Wärme-/Sonnenschutzverglasung",
  "dealerDetails": {
    "id": 13298727,
    "name": "Best Auto GmbH",
    "sellerType": "Dealer",
    "phones": [
      "+49 (0)9631 308993662"
    ],
    "messengers": {
      "WHATS_APP": "+49 (0)1522 2006111"
    },
    "languages": [
      "Deutsch",
      "English"
    ],
    "country": "DE",
    "address": "Mitterteicher Str. 37, DE-95643 Tirschenreuth",
    "location": {
      "latitude": 49.8859621,
      "longitude": 12.3225854
    },
    "activeSince": "2015-06-09T00:00:00.000Z",
    "homepageUrl": "https://home.mobile.de/home/redirect.html?customerId=13298727",
    "iconUrl": "https://img.classistatic.de/api/v1/mo-prod/images/62/62918786-cfaa-4e4e-9260-1ae3ce3970ec?rule=mo-640.jpg",
    "reviewPageUrl": "https://www.mobile.de/bewertungen/BESTAUTOGMBH?lang=en",
    "score": {
      "total": 4.5,
      "responseTime": 4.7,
      "friendliness": 4.8,
      "advice": 4.2
    },
    "activeRatingCount": 6,
    "vehicleAsDescribedPercentage": 80,
    "recommendPercentage": 83,
    "soldVehicleCount": null,
    "reviews": []
  },
  "attributes": {
    "Vehicle condition": "Used vehicle, Accident-free",
    "Category": "Estate car",
    "Model range": "Baureihe M3 Touring (G81N)(07.2024->)",
    "Trim line": "xDrive Competition M",
    "Mileage": "4,060 km",
    "Cubic Capacity": "2,993 ccm",
    "Power": "390 kW (530 hp)",
    "Drive type": "Internal combustion engine",
    "Fuel": "Petrol, E10-enabled",
    "Number of Seats": "5",
    "Door Count": "4/5",
    "Transmission": "Automatic",
    "Emission Class": "Euro6",
    "Emissions Sticker": "4 (Green)",
    "First Registration": "01/2025",
    "Number of Vehicle Owners": "1",
    "Climatisation": "Automatic climatisation, 3 zones",
    "Parking sensors": "360° camera, Front, Rear",
    "Airbags": "Front and Side and More Airbags",
    "Colour (Manufacturer)": "FROZEN PURE GREY II METALLIC",
    "Colour": "Grey Metallic Matte",
    "Interior Design": "Full leather, Black",
    "Weight": "1,940 kg",
    "Cylinders": "6",
    "Tank capacity": "59 l"
  },
  "features": [
    "ABS",
    "Adaptive cornering lights",
    "Adaptive Cruise Control",
    "Alarm system",
    "Alloy wheels",
    "Ambient lighting",
    "Android Auto",
    "Apple CarPlay",
    "Arm rest",
    "Autom. dimming interior mirror",
    "Blind spot assist",
    "Bluetooth",
    "Central locking",
    "DAB radio",
    "Digital cockpit",
    "Distance warning system",
    "Dynamic chassis control",
    "Electric seat adjustment",
    "Electric side mirror",
    "Electric tailgate",
    "Electric windows",
    "Eletric seat adjustment with memory function",
    "Emergency brake assist",
    "Emergency call system",
    "Emergency tyre repair kit",
    "ESP",
    "Fatigue warning system",
    "Fog lamp",
    "Folding exterior mirrors",
    "Four-wheel drive",
    "Glare-free high beam headlights",
    "Hands-free kit",
    "Head-up display",
    "Heated rear seats",
    "Heated seats",
    "Heated steering wheel",
    "High beam assist",
    "Hill-start assist",
    "Immobilizer",
    "Induction charging for smartphones",
    "Integrated music streaming",
    "Isofix",
    "Keyless central locking",
    "Lane change assist",
    "Leather steering wheel",
    "LED headlights",
    "LED running lights",
    "Light sensor",
    "Lumbar support",
    "Multifunction steering wheel",
    "Navigation system",
    "Non-smoker vehicle",
    "On-board computer",
    "Paddle shifters",
    "Power Steering",
    "Rain sensor",
    "Roof rack",
    "Seat ventilation",
    "Sound system",
    "Sport seats",
    "Sports package",
    "Sports suspension",
    "Start-stop system",
    "Summer tyres",
    "Tinted windows",
    "Touchscreen",
    "Traction control",
    "Traffic sign recognition",
    "Tuner/radio",
    "TV",
    "Tyre pressure monitoring",
    "USB port",
    "Voice control",
    "Warranty",
    "WLAN / Wi-Fi hotspot"
  ]
},
{
  "title": "BMW M3 Competition Touring Carbon RaceTrack Sonderla",
  "previewImage": "https://img.classistatic.de/api/v1/mo-prod/images/9e/9ee229e5-33f2-4c52-9df8-23fe8ea11c67?rule=mo-1600.jpg",
  "category": "EstateCar",
  "brand": "BMW",
  "model": "M3",
  "url": "https://suchen.mobile.de/fahrzeuge/details.html?id=434562174",
  "price.total.amount": 97499,
  "priceRating": {
    "rating": "Increased price",
    "priceRanges": {
      "Very good price": {
        "start": 60201,
        "end": 78300
      },
      "Good price": {
        "start": 78301,
        "end": 84300
      },
      "Fair price": {
        "start": 84301,
        "end": 93700
      },
      "Increased price": {
        "start": 93701,
        "end": 100600
      },
      "High price": {
        "start": 100601,
        "end": 111800
      }
    }
  },
  "description": "Verkaufe einen sehr gepflegten BMW M3 Touring mit einer Ausstattung die keine Wünsche offen lässt. Der Neupreis des Fahrzeugs betrug ca. 144.000€.\n\nDie Highlights des M3 sind:\n\nSonderlack Urban Green\nErweitertes Lederpaket \nCarbonpaket Innen und Außen \nRace Track Paket\nCarbon Schalensitze\nDriverspakage \n\nDas Auto hat Werksgarantie und das Service-Paket (40.000km) bis 27.03.2027 inklusive. \n\nAusstattungsliste:\nSteuerung EfficientDynamics\nAbgasnorm EUG RDE II M Drive Professional\nLM Räder\nEU spezifische Umfänge\nLenkradheizung\nM Carbon-Keramik-Bremse\nRadschraubensicherung\nM Sportdifferenzial\nReifendruck-Kontrolle\nReifenreparatur Set\nAdaptives M Fahrwerk\nAlarmanlage\nKomfortzugang\nDach und Spiegelkappen schwarz\nAkustikverglasung\nM Dachreling Hochglanz Shadow Line\nM Leuchten Shadow Line\nGepäckraumpaket\nSonnenschutzverglasung\nWarndreieck und Verbandkasten Innen- und Außenspiegelpaket\nInnenspiegel automatisch abblendend\nSitzverstellung, elektrisch mit Memory für Fahrersitz\nM Carbon Schalensitze\nAblagenpaket\nSitzheizung für Fahrer und Beifahrer\nM Interieurleisten 'Carbon Fibre'\nBlow by-Heizer\nGalvanikapplikation für Bedienelemente\nKlimaautomatik\nKilometertacho\nFernlichtassistent\nDriving Assistant Professional\nActive Guard\nBMW Loserlicht\nDeaktivierung Beifahrerairbag\nFondkopfstützen klappbar Parking Assistant Plus\nDAB-Tuner\nHarman Kardon Surround Sound System\nTeleservices\nGesetzlicher Notruf\nConnectedDrive Services\nConnected Package Professional\nBMW Drive Recorder\nAblage für Wireless Charging\nPersonal eSIM\nBMW Live Cockpit Professional\nInterne Steuerung\nM Carbon Exterieurpaket\nM Hochglanz Shadow Line\nM Dachhimmel anthrazit\nM Hochglanz Shadow Line mit erweiterten Umfängen\nM Driver's Package\nM Race Track Paket\nInnovationspaket\nDeutschland-Ausführung\nSprachversion Deutsch\nDeutsch/Betriebsanleitung/Serviceheft\nSteuerung Karosserie\nÖlwartungsintervall 30000 km / 24 Monate\nKaeltemittel\nAktiver Fussgängerschutz\nDekodierung Zusatzfunktionen\nSteuerung D Steuerung G\nSteuerung K",
  "dealerDetails": {
    "id": 12064732,
    "sellerType": "Private Seller",
    "phones": [
      "+49 (0)1516 4503096"
    ],
    "country": "DE",
    "address": "DE-90455 Nürnberg",
    "location": {
      "latitude": 49.3690502,
      "longitude": 11.077648
    },
    "iconUrl": null,
    "reviewPageUrl": null,
    "score": null,
    "activeRatingCount": null,
    "vehicleAsDescribedPercentage": null,
    "recommendPercentage": null,
    "soldVehicleCount": null,
    "reviews": []
  },
  "attributes": {
    "Vehicle condition": "Used vehicle, Accident-free",
    "Category": "Estate car",
    "Mileage": "10,900 km",
    "Cubic Capacity": "2,993 ccm",
    "Power": "375 kW (510 hp)",
    "Drive type": "Internal combustion engine",
    "Fuel": "Petrol",
    "Number of Seats": "5",
    "Door Count": "4/5",
    "Transmission": "Automatic",
    "Emission Class": "Euro6",
    "Emissions Sticker": "4 (Green)",
    "First Registration": "02/2024",
    "Number of Vehicle Owners": "2",
    "HU": "03/2027",
    "Climatisation": "Automatic climatisation, 3 zones",
    "Parking sensors": "Self-steering systems, Rear, 360° camera, Front",
    "Airbags": "Front and Side and More Airbags",
    "Colour": "Green",
    "Interior Design": "Full leather, Black"
  },
  "features": [
    "ABS",
    "Adaptive cornering lights",
    "Adaptive Cruise Control",
    "Alarm system",
    "Alloy wheels",
    "Ambient lighting",
    "Android Auto",
    "Apple CarPlay",
    "Arm rest",
    "Autom. dimming interior mirror",
    "Blind spot assist",
    "Bluetooth",
    "Cargo barrier",
    "Central locking",
    "DAB radio",
    "Digital cockpit",
    "Distance warning system",
    "Electric seat adjustment",
    "Electric side mirror",
    "Electric tailgate",
    "Electric windows",
    "Emergency brake assist",
    "Emergency call system",
    "Emergency tyre repair kit",
    "ESP",
    "Fatigue warning system",
    "Fog lamp",
    "Four-wheel drive",
    "Full Service History",
    "Glare-free high beam headlights",
    "Hands-free kit",
    "Headlight washer system",
    "Heated seats",
    "Heated steering wheel",
    "High beam assist",
    "Hill-start assist",
    "Immobilizer",
    "Induction charging for smartphones",
    "Isofix",
    "Keyless central locking",
    "Lane change assist",
    "Laser headlights",
    "Leather steering wheel",
    "LED running lights",
    "Light sensor",
    "Lumbar support",
    "Multifunction steering wheel",
    "Navigation system",
    "Non-smoker vehicle",
    "On-board computer",
    "Paddle shifters",
    "Particulate filter",
    "Power Steering",
    "Rain sensor",
    "Roof rack",
    "Sound system",
    "Speed limit control system",
    "Sport seats",
    "Sports package",
    "Sports suspension",
    "Start-stop system",
    "Summer tyres",
    "Touchscreen",
    "Traction control",
    "Traffic sign recognition",
    "Tuner/radio",
    "Tyre pressure monitoring",
    "USB port",
    "Voice control",
    "Warranty",
    "Winter package",
    "WLAN / Wi-Fi hotspot"
  ]
},
{
  "title": "BMW M3 Competition M xDrive Tour. SOFORT LIEFERBAR! ",
  "previewImage": "https://img.classistatic.de/api/v1/mo-prod/images/07/0778adfe-ef10-48b7-be7b-84ca085029db?rule=mo-1600.jpg",
  "category": "EstateCar",
  "brand": "BMW",
  "model": "M3",
  "url": "https://suchen.mobile.de/fahrzeuge/details.html?id=432373143",
  "price.total.amount": 98500,
  "priceRating": {
    "rating": "Good price",
    "priceRanges": {
      "Very good price": {
        "start": 75501,
        "end": 98200
      },
      "Good price": {
        "start": 98201,
        "end": 105700
      },
      "Fair price": {
        "start": 105701,
        "end": 117600
      },
      "Increased price": {
        "start": 117601,
        "end": 126200
      },
      "High price": {
        "start": 126201,
        "end": 140300
      }
    }
  },
  "description": "Antrieb, Fahrwerk\nAdaptives M Fahrwerk\nAllrad\nBremsanlage: Compound - M Bremssystem (Bremssättel Rot)\nM Drive Professional\nM Sportdifferential\nSportfahrwerk\n\nAußenausstattung\nDachreling Hochglanz Shadow-Line\nHeckklappenbetätigung automatisch\n\nEditionen und Pakete\nAblagenpaket\nConnectedDrive Services (laufzeitgebundener Dienst)\nConnectedPackage Professional (laufzeitgebundener Dienst)\nGepäckraum-Paket\nInnovationspaket II\n\nExterieur\nDach und Spiegelkappen schwarz\nDachreling\nElektrische Gepäckraumklappe\n\nFahrerassistenz\nBMW Drive Recorder (Dashcam)\nFahrassistenz-System: Driving Assistant Professional\nGesetzlicher Notruf\nPark Distance Control (PDC)\nParkassistent-Paket Plus\nTeleServices\n\nIndividualumfänge\nBMW Individual Dachreling Hochglanz Shadow Line\nBMW Individual Hochglanz Shadow Line\nBMW Individual Hochglanz Shadow Line mit erweiterten Umfängen\nDachhimmel Individual anthrazit\nScheinwerfer BMW Individual Shadow-Line\n\nKomfort, Innenausstattung\nAktive Sitzbelüftung vorn\nAmbiente-Beleuchtung\nAußenspiegel elektr. anklappbar\nAußenspiegel elektr. verstell- und heizbar\nBordcomputer\nDAB-Tuner (Radioempfang digital)\nDurchladeeinrichtung (Mittelarmlehne hinten)\nDurchladesystem\nEinparkhilfe Sensoren vorne\nFensterheber elektrisch\nFensterheber, elektrisch\nFondkopfstützen klappbar\nFreisprecheinrichtung Bluetooth mit USB-/Audio-Schnittstelle\nFunkfernbedienung\nGalvanikapplikation für Bedienelemente\nGeschwindigkeits-Regelanlage mit Bremsfunktion\nHiFi-Lautsprechersystem\nInduktionsladeschale für Smartphone (Wireless Charging)\nInnen- und Aussenspiegel automatisch abblendend\nInnenausstattung: Interieurleisten Carbon\nInnenspiegel mit Abblendautomatik\nIsofix-Aufnahmen für Kindersitz an Rücksitz\nKeyless Entry\nKlimaautomatic\nKlimaautomatik 3-Zonen mit autom. Umluft-Control\nKomfortzugang (Öffnungs- und Schließsystem)\nLeder\nLederlenkrad\nLendenwirbelstütze Sitz vorn links und rechts, elektr. verstellbar\nLenkrad (Leder) mit Multifunktion M-Technic\nLenkrad heizbar\nLordose\nLordosenstuetze fuer Fahrer und Beifahrer\nM Sportsitze\nMultifunktionslenkrad\nPark-Distance-Control (PDC) vorn und hinten\nScheibenwischer mit Regensensor\nService-System: Real Time Traffic Information (RTTI)\nSicherheitsgurte M\nSitze vorn elektr. verstellbar (mit Memory)\nSitzheizung\nSitzheizung fuer Fahrer und Beifahrer\nSitzheizung vorn + hinten\nSitzverstellung, elektrisch mit Memory\nSonnenschutzverglasung (hinten abgedunkelt)\nSportsitze\nStart/Stop-Anlage (Funktion)\nStart-Stop-Knopf\nTempomat\nVerglasung Akustikglas\nWidescreen Display\nZentralverriegelung\nZentralverriegelung mit Fernbedienung\n\nMultimedia\nBluetooth\nBMW Live Cockpit Professional\nBordcomputer\nDAB Tuner\nFreisprecheinrichtung\nSound-System Harman-Kardon\nTelefon\nUSB Schnittstelle\n\nRäder\nLM-Felgen\nRadschraubensicherung\nReifen-Reparaturset (Mobility-Pack)\n\nSicherheit/Umwelt\nAirbag Beifahrerseite abschaltbar\nAlarmanlage\nAnti-Blockier-System (ABS)\nAntriebsart: Allradantrieb\nAntriebsart: xDrive (Allrad)\nDynamische Stabilitäts-Control (DSC) mit erweiterter Umfang\nFahrassistenz-System: Active Guard (Bremsassistent)\nFahrassistenz-System: Aufmerksamkeits-Assistent\nGeschwindigkeits-Begrenzeranlage (Speed Limit Device)\nKnieairbag Fahrerseite\nKopf-Airbag-System hinten\nKopf-Airbag-System vorn\nOtto-Partikelfilter (OPF)\nReifendruck-Kontrollsystem\nReifenpannen-Anzeige\nSeitenairbag vorn\nService-System: Gesetzlicher Notruf\nService-System: Intelligenter Notruf inkl. TeleServices\nWegfahrsperre\n\nSitzbezug\nLeder Merino Schwarz / Schwarz\n\nSonstiges\nAblage für Wireless Charging \nAblage-Paket\nActive Guard\nBlow by-Heizer\nCO2-Umfang\nDekodierung Zusatzfunktionen\nDeutsch / Bordliteratur\nDeutschland-Ausfuehrung\nElektrisch verstellbare Spiegel\nEU-spezifische Zusatzumfaenge\nInduktionsladen für Smartphones\nKältemittel\nKilometertacho\nMetallic-Lackierung\nMüdigkeitswarnsystem\nNotrufsystem\nÖlwartungsintervall 24 Monate/30.000 km\nPersonalisierungssystem (Personal eSIM)\nReifendruckkontrollsystem\nSteuerung Infotainment\nSteuerung Karosserie\n\nUmwelt, Sicherheit\nAbgasnorm EU6 RDE II\nABS\nAdaptiver LED-Scheinwerfer\nAktiver Fussgängerschutz\nAlarmanlage\nAuto Start/Stop Funktion \nBeifahrerairbag\nBeifahrerairbag-Deaktivierung\nESP\nFahrassistenz-System: Fernlichtassistent\nFahrerairbag\nInnenspiegel, automatisch abblendend\nKindersitzbefestigung ISOFIX\nKopfairbag\nNotbremsassistent\nPASM\nRegensensor\nReifen Druck Control\nSeitenairbag\nTraction Control\nWarndreieck\nWegfahrsperre\nIrrtümer und Zwischenverkauf vorbehalten.",
  "dealerDetails": {
    "id": 455406,
    "name": "BMW Autohaus Zeisler GmbH",
    "sellerType": "Dealer",
    "phones": [
      "+49 (0)7151 903379620"
    ],
    "languages": [
      "Deutsch",
      "English",
      "Italiano",
      "Español",
      "Türkçe"
    ],
    "country": "DE",
    "address": "Schüttelgrabenring 23, DE-71332 Waiblingen",
    "location": {
      "latitude": 48.8206465,
      "longitude": 9.3179032
    },
    "activeSince": "2001-01-11T00:00:00.000Z",
    "homepageUrl": "https://home.mobile.de/home/redirect.html?customerId=455406",
    "iconUrl": null,
    "reviewPageUrl": "https://www.mobile.de/bewertungen/AUTOHAUS-ZEISLER?lang=en",
    "score": {
      "total": 4.6,
      "responseTime": 4.6,
      "friendliness": 4.7,
      "advice": 4.5
    },
    "activeRatingCount": 56,
    "vehicleAsDescribedPercentage": 95,
    "recommendPercentage": 93,
    "soldVehicleCount": null,
    "reviews": []
  },
  "attributes": {
    "Vehicle condition": "New vehicle, Accident-free",
    "Category": "Estate car",
    "Model range": "G81",
    "Trim line": "M xDrive Tour. SOFORT LIEFERBAR! Sitzlüftung RFK+",
    "Vehicle Number": "B00433FV07903",
    "Availability": "Now",
    "Origin": "German edition",
    "Mileage": "0 km",
    "Cubic Capacity": "2,993 ccm",
    "Power": "390 kW (530 hp)",
    "Drive type": "Internal combustion engine",
    "Fuel": "Petrol, E10-enabled",
    "CO₂ class": "Based on CO₂ emissions (combined)",
    "Fuel consumption": [
      "10.4 l/100km (combined)",
      "15.5 l/100km (city)",
      "10.3 l/100km (suburban)",
      "9.0 l/100km (country road)",
      "9.8 l/100km (motorway)"
    ],
    "Energy costs for 15,000 km annual mileage": "€2,802/Year",
    "Fuel price": "€1.80/l (annual average 2024)",
    "Possible CO₂ costs over the next 10 years (15,000 km/year)": [
      "€4,458 (assuming an average CO₂ price of €127/t)",
      "€2,106 (assuming a low average CO₂ price of €60/t)",
      "€7,020 (assuming a high average CO₂ price of €200/t)"
    ],
    "Vehicle tax": "€476/Year",
    "Number of Seats": "5",
    "Door Count": "4/5",
    "Transmission": "Automatic",
    "Emission Class": "Euro6d",
    "Construction Year": "2025",
    "Number of Vehicle Owners": "0",
    "HU": "New",
    "Climatisation": "Automatic climatisation, 3 zones",
    "Parking sensors": "360° camera, Front, Self-steering systems, Rear",
    "Airbags": "Front and Side and More Airbags",
    "Colour (Manufacturer)": "Saphirschwarz ",
    "Colour": "Black Metallic",
    "Interior Design": "Full leather, Black",
    "Weight": "1,940 kg",
    "Tank capacity": "59 l",
    "Energy consumption (comb.)": "10.4 l/100km",
    "CO₂ emissions (comb.)": "234 g/km"
  },
  "features": [
    "ABS",
    "Adaptive cornering lights",
    "Adaptive Cruise Control",
    "Alarm system",
    "Alloy wheels",
    "Ambient lighting",
    "Android Auto",
    "Apple CarPlay",
    "Arm rest",
    "Autom. dimming interior mirror",
    "Blind spot assist",
    "Bluetooth",
    "Cargo barrier",
    "CD player",
    "Central locking",
    "DAB radio",
    "Digital cockpit",
    "Distance warning system",
    "Electric seat adjustment",
    "Electric side mirror",
    "Electric tailgate",
    "Electric windows",
    "Emergency brake assist",
    "Emergency call system",
    "ESP",
    "Fatigue warning system",
    "Four-wheel drive",
    "Full Service History",
    "Glare-free high beam headlights",
    "Hands-free kit",
    "Head-up display",
    "Heated seats",
    "Heated steering wheel",
    "High beam assist",
    "Hill-start assist",
    "Immobilizer",
    "Induction charging for smartphones",
    "Integrated music streaming",
    "Isofix",
    "Keyless central locking",
    "Lane change assist",
    "Leather steering wheel",
    "LED headlights",
    "LED running lights",
    "Light sensor",
    "Lumbar support",
    "Multifunction steering wheel",
    "Navigation system",
    "Non-smoker vehicle",
    "On-board computer",
    "Paddle shifters",
    "Particulate filter",
    "Passenger seat Isofix point",
    "Power Steering",
    "Rain sensor",
    "Roof rack",
    "Seat ventilation",
    "Sound system",
    "Speed limit control system",
    "Sport seats",
    "Sports package",
    "Sports suspension",
    "Start-stop system",
    "Summer tyres",
    "Touchscreen",
    "Traction control",
    "Traffic sign recognition",
    "Tuner/radio",
    "Tyre pressure monitoring",
    "USB port",
    "Voice control",
    "Warranty",
    "WLAN / Wi-Fi hotspot"
  ]
},
{
  "title": "BMW M3 xDrive M Competition Touring Rosso Corsa ehem",
  "previewImage": "https://img.classistatic.de/api/v1/mo-prod/images/b5/b51d379d-4d14-45b4-8351-a67bcb66f1df?rule=mo-1600.jpg",
  "category": "EstateCar",
  "brand": "BMW",
  "model": "M3",
  "url": "https://suchen.mobile.de/fahrzeuge/details.html?id=407032995",
  "price.total.amount": 97900,
  "priceRating": {
    "rating": "Good price",
    "priceRanges": {
      "Very good price": {
        "start": 74401,
        "end": 96700
      },
      "Good price": {
        "start": 96701,
        "end": 104200
      },
      "Fair price": {
        "start": 104201,
        "end": 115900
      },
      "Increased price": {
        "start": 115901,
        "end": 124400
      },
      "High price": {
        "start": 124401,
        "end": 138200
      }
    }
  },
  "description": "Getriebe\nAutomatik\nTechnik\nAllrad\nBordcomputer\nSperrdifferential\nAdaptives Daempfungssystem\nVolldigitales Kombiinstrument\nAssistenten\nPark-Lenk-Assistent\nFernlichtassistent\nKomfort\nKlimaautomatik\nServolenkung\nZentralverriegelung\nElektrischer Fensterheber\nLederausstattung\nTempomat\nElektrische Sitze\nInnenspiegel autom. abblendbar\nSportsitze\nParkDistanceControl vorne und hinten\nKeyless Entry\nLordosenstütze\nSicht\nLED-Hauptscheinwerfer\nadaptives Kurvenlicht\nLED-Tagfahrlicht\nLED-Rueckleuchten\nScheinwerferregulierung\nColorverglasung\nSicherheit\nABS\nAirbag\nWegfahrsperre\nAlarmanlage\nESP\nReifendruckkontrolle\nTraktionskontrolle\nPannenkit\nEntertainment\nSoundsystem\nRadio\nTelefonvorbereitung\nUSB-Anschluss\nMP3\nHarman-Kardon\nSprachsteuerung\nDAB\nWLAN\nTouchscreen\nMusikstreaming\nUmwelt\nAbgasnorm Euro 6D\nGrüne Umweltplakette\nQualität\nGarantie\nScheckheftgepflegt\nHUAU neu\nNichtraucherfahrzeug\nSonstiges\nKatalysator\nAlufelgen\nDachreling\nSportpaket\nSportfahrwerk\nLenkradheizung\nCO2-Umfang\nAbgastechnik EU6d/e\nM Drive Professional\n19/20 M Schmiederäder Doppel\nLenkradheizung\nM Sportdifferenzial\nReifendruck-Kontrolle\nReifenpannenset\nAdaptives M Fahrwerk\nAlarmanlage\nKOMFORTZUGANG\nEntfall spezifischer Designumf\nM Compound-Bremse\nschwarz hoc\nM Dachreling Hochglanz Shadow\nM Leuchten Shadow Line\nSONNENSCHUTZVERGLASUNG\nWARNDREIECK\nInnen- und Außenspiegelpaket\nInnenspiegel\nautomatisch abbl\nSitzverstellung\nelektrisch\nm\nLordosenstütze\nRosso Corsa Uni P7K\nGalvanikapplikation für Bedien\nKLIMAAUTOMATIK\nGeschwindigkeitsregelung mit B\nAdaptiver LED-Scheinwerfer\nFERNLICHTASSISTENT\nDriving Assistant\nParking Assistant\nDAB-Tuner\nHarman Kardon Surround Sound S\ngesetzlicher Notruf\nConnecteddrive Services\nConnectedPackage Professional\nWireless Charging Ablage\nPersonal eSIM\nBMW Live Cockpit Professional\nSteuerung Infotainment\nM Sportsitze\nM Hochglanz Shadow Line\nM Dachhimmel anthrazit\nM Drivers Package\nDeutschland-Ausführung\nÖlwartungsintervall - 24 Monat\nCOC Zusatzumfänge\nAktiver Fußgängerschutz\nSteuerung FAS 18\nSteuerung D\nAuspuffendrohrblenden schwarzchrom\nLeder Merino Schwarz\nÜberführung und Zulassung 3er\nAntriebsart: Allradantrieb\nSchadstoffarm nach Abgasnorm Euro 6e\nMotor 3\n0 Ltr. - 390 kW 24V\nMotor 3\n0 Ltr. - 390 kW 24V TwinPower Turbo (S58)\nAntriebsart: xDrive (Allrad)\nAutomatik - mit Steptronic und Drivelogic (8-Stufen)\nCompetition\n\nInt.KnNr: 2166743\nÄnderungen, Zwischenverkauf und Irrtümer vorbehalten.\nquality by dotzilla",
  "dealerDetails": {
    "id": 453713,
    "name": "Kohl automobile GmbH",
    "sellerType": "Dealer",
    "phones": [
      "+49 (0)241 5570007383"
    ],
    "languages": [
      "Deutsch",
      "English",
      "Français"
    ],
    "country": "DE",
    "address": "Neuenhofstr. 160, DE-52078 Aachen",
    "location": {
      "latitude": 50.7653702,
      "longitude": 6.1470706
    },
    "activeSince": "2001-06-07T00:00:00.000Z",
    "homepageUrl": "https://home.mobile.de/home/redirect.html?customerId=453713",
    "iconUrl": null,
    "reviewPageUrl": "https://www.mobile.de/bewertungen/KOHL-AACHEN?lang=en",
    "score": {
      "total": 4.2,
      "responseTime": 4.3,
      "friendliness": 4.3,
      "advice": 4
    },
    "activeRatingCount": 61,
    "vehicleAsDescribedPercentage": 90,
    "recommendPercentage": 77,
    "soldVehicleCount": null,
    "reviews": []
  },
  "attributes": {
    "Vehicle condition": "New vehicle, Accident-free",
    "Category": "Estate car",
    "Vehicle Number": "2166743",
    "Availability": "Now",
    "Origin": "German edition",
    "Mileage": "1 km",
    "Cubic Capacity": "2,993 ccm",
    "Power": "390 kW (530 hp)",
    "Drive type": "Internal combustion engine",
    "Fuel": "Petrol",
    "CO₂ class": "Based on CO₂ emissions (combined)",
    "Fuel consumption": [
      "10.3 l/100km (combined)",
      "15.4 l/100km (city)",
      "10.2 l/100km (suburban)",
      "8.9 l/100km (country road)",
      "9.7 l/100km (motorway)"
    ],
    "Energy costs for 15,000 km annual mileage": "€2,775/Year",
    "Fuel price": "€1.80/l (annual average 2024)",
    "Possible CO₂ costs over the next 10 years (15,000 km/year)": [
      "€4,439 (assuming an average CO₂ price of €127/t)",
      "€2,097 (assuming a low average CO₂ price of €60/t)",
      "€6,990 (assuming a high average CO₂ price of €200/t)"
    ],
    "Vehicle tax": "€472/Year",
    "Number of Seats": "5",
    "Door Count": "4/5",
    "Transmission": "Automatic",
    "Emission Class": "Euro6d",
    "Emissions Sticker": "4 (Green)",
    "Construction Year": "2024",
    "Number of Vehicle Owners": "0",
    "HU": "New",
    "Climatisation": "Automatic air conditioning",
    "Parking sensors": "Rear, Self-steering systems, Front",
    "Airbags": "Driver Airbag",
    "Colour (Manufacturer)": "Rosso Corsa",
    "Colour": "Red",
    "Interior Design": "Full leather, Black",
    "Cylinders": "6",
    "Energy consumption (comb.)": "10.3 l/100km",
    "CO₂ emissions (comb.)": "233 g/km"
  },
  "features": [
    "ABS",
    "Adaptive cornering lights",
    "Alarm system",
    "Alloy wheels",
    "Autom. dimming interior mirror",
    "Central locking",
    "Cruise control",
    "DAB radio",
    "Digital cockpit",
    "Dynamic chassis control",
    "Electric seat adjustment",
    "Electric windows",
    "Emergency tyre repair kit",
    "ESP",
    "Four-wheel drive",
    "Full Service History",
    "Heated steering wheel",
    "High beam assist",
    "Immobilizer",
    "Integrated music streaming",
    "Keyless central locking",
    "LED headlights",
    "LED running lights",
    "Lumbar support",
    "Non-smoker vehicle",
    "On-board computer",
    "Power Steering",
    "Roof rack",
    "Sound system",
    "Sport seats",
    "Sports package",
    "Sports suspension",
    "Touchscreen",
    "Traction control",
    "Tuner/radio",
    "Tyre pressure monitoring",
    "USB port",
    "Voice control",
    "Warranty",
    "WLAN / Wi-Fi hotspot"
  ]
},
{
  "title": "BMW M3 Competition Lim M xDrive FLA KeyLess RFK H/K",
  "previewImage": "https://img.classistatic.de/api/v1/mo-prod/images/ed/edd2d166-274d-49a9-915b-1ae981783630?rule=mo-1600.jpg",
  "category": "Limousine",
  "brand": "BMW",
  "model": "M3",
  "url": "https://suchen.mobile.de/fahrzeuge/details.html?id=426952960",
  "price.total.amount": 99180,
  "priceRating": {
    "rating": "Good price",
    "priceRanges": {
      "Very good price": {
        "start": 74601,
        "end": 97000
      },
      "Good price": {
        "start": 97001,
        "end": 104500
      },
      "Fair price": {
        "start": 104501,
        "end": 116200
      },
      "Increased price": {
        "start": 116201,
        "end": 124700
      },
      "High price": {
        "start": 124701,
        "end": 138600
      }
    }
  },
  "description": "Brutto-Listen-Neupreis: 120.240 €\n- Inzahlungnahme aller Fabrikate\n- günstige Finanzierungs- und Leasingangebote\n- deutschlandweite Zulassung und Lieferung\nHIGHLIGHTS & PAKETE\n0430 Innen- und Außenspiegelpaket\n0493 Ablagenpaket\n07A2 Innovationspaket II\n07ME M Drivers Package\n\nASSISTENZSYSTEME\n05DN Parking Assistant Plus\n05AU Driving Assistant Professional\n\nAUDIO & KOMMUNIKATION\n06U3 BMW Live Cockpit Professional\n0654 DAB-Tuner\n0688 Harman Kardon Surround Sound S\n06C4 ConnectedPackage Professional\n06NX Wireless Charging Ablage\n06PA Personal eSIM\n\nINTERIEUR\n0534 Klimaautomatik\n0712 M Sportsitze\n0248 Lenkradheizung\n0459 Sitzverstellung, elektrisch, m\n0488 Lordosenstütze\n0494 Sitzheizung für Fahrer und Bei\n04MC M Interieurleisten Carbon Fib\n04U0 Galvanikapplikation für Bedien\n0760 M Hochglanz Shadow Line\nX3SW Vollleder Merino Schwarz\n04GQ M Sicherheitsgurte\n0775 M Dachhimmel anthrazit\n\nLICHT & SICHT\n0552 Adaptiver LED-Scheinwerfer\n05AC Fernlichtassistent\n0420 Sonnenschutzverglasung\n0431 Innenspiegel, automatisch abbl\n\nMOTOR GETRIEBE & FAHRWERK\n02VF Adaptives M Fahrwerk\n02T4 M Sportdifferenzial\n03M5 M Compound-Bremse, rot hochglä\n\nRÄDER\n01U0 19/20 M Schmiederäder Doppel\n02VC Reifenpannenset\n02PA Radschraubensicherung\n\nTECHNIK & SICHERHEIT\n0322 Komfortzugang\n01MB M Drive Professional\n02VB Reifendruck-Kontrolle\n0302 Alarmanlage\n0316 Automatische Heckklappenbetäti\n05AV Active Guard\n06DR BMW Drive Recorder\n\nEXTERIEUR\n07M9 M Hochglanz Shadow Line mit er\n0C36 BMW Individual Dravitgrau meta\n\nSONSTIGE AUSSTATTUNGEN\n03KA Akustikverglasung\n\nFUNCTIONS ON DEMAND\n06AK ConnectedDrive Services\n\n\nWeiteres\nMtl. Finanzierungsrate: 735,00 EUR | Anzahlung: 24.074,00 EUR | Laufzeit: 36 Monate | Zielrate: 61.322,40 EUR | Nettodarlehensbetrag: 75.105,68 EUR | Sollzinssatz p.a.: 5,83% (gebunden für die gesamte Vertragslaufzeit) | Effektiver Jahreszins: 5,99% | Gesamtbetrag: 87.047,40 EUR. Ein unverbindliches Finanzierungsbeispiel der BMW Bank GmbH, Lilienthalallee 26, 80939 München. \n\nZwischenverkauf und Irrtümer vorbehalten.\nDie Fahrzeugbeschreibung dient lediglich der allgemeinen Identifizierung des Fahrzeuges und stellt keine Gewährleistung im kaufrechtlichen Sinne dar.\nDen genauen Ausstattungsumfang erhalten Sie von unserem Verkaufspersonal.\nBitte kontaktieren Sie uns.",
  "dealerDetails": {
    "id": 455146,
    "name": "Autohaus Widmann + Winterholler GmbH",
    "sellerType": "Dealer",
    "phones": [
      "+49 (0)8131 757361824"
    ],
    "languages": [
      "Deutsch",
      "English"
    ],
    "country": "DE",
    "address": "Rudolf-Diesel-Str. 18, DE-85221 Dachau",
    "location": {
      "latitude": 48.26350619999999,
      "longitude": 11.4740852
    },
    "activeSince": "2000-12-12T00:00:00.000Z",
    "homepageUrl": "https://home.mobile.de/home/redirect.html?customerId=455146",
    "iconUrl": "https://img.classistatic.de/api/v1/mo-prod/images/bc/bc71b788-db80-4139-ad2f-fe2e17ea7bc7?rule=mo-640.jpg",
    "reviewPageUrl": "https://www.mobile.de/bewertungen/WIDMANN-WINTERHOLLER?lang=en",
    "score": {
      "total": 4.6,
      "responseTime": 4.5,
      "friendliness": 4.9,
      "advice": 4.5
    },
    "activeRatingCount": 37,
    "vehicleAsDescribedPercentage": 87,
    "recommendPercentage": 93,
    "soldVehicleCount": null,
    "reviews": []
  },
  "attributes": {
    "Vehicle condition": "New vehicle",
    "Category": "Saloon",
    "Model range": "G80",
    "Trim line": "M Drivers Package",
    "Vehicle Number": "FV19650",
    "Availability": "Now",
    "Origin": "German edition",
    "Mileage": "477 km",
    "Cubic Capacity": "2,993 ccm",
    "Power": "390 kW (530 hp)",
    "Drive type": "Internal combustion engine",
    "Fuel": "Petrol",
    "CO₂ class": "Based on CO₂ emissions (combined)",
    "Fuel consumption": [
      "10.1 l/100km (combined)",
      "15.2 l/100km (city)",
      "10.0 l/100km (suburban)",
      "8.6 l/100km (country road)",
      "9.4 l/100km (motorway)"
    ],
    "Number of Seats": "5",
    "Door Count": "4/5",
    "Transmission": "Automatic",
    "Emission Class": "Euro6d",
    "Emissions Sticker": "4 (Green)",
    "Climatisation": "Automatic climatisation, 3 zones",
    "Parking sensors": "360° camera, Front, Self-steering systems, Rear",
    "Airbags": "Front and Side and More Airbags",
    "Colour (Manufacturer)": "BMW Individual Dravitgrau meta",
    "Colour": "Grey Metallic",
    "Interior Design": "Full leather, Black",
    "Cylinders": "6",
    "Energy consumption (comb.)": "10.1 l/100km",
    "CO₂ emissions (comb.)": "227 g/km"
  },
  "features": [
    "ABS",
    "Adaptive Cruise Control",
    "Adaptive lighting",
    "Alarm system",
    "Alloy wheels",
    "Ambient lighting",
    "Android Auto",
    "Apple CarPlay",
    "Arm rest",
    "Autom. dimming interior mirror",
    "Blind spot assist",
    "Bluetooth",
    "Central locking",
    "Digital cockpit",
    "Distance warning system",
    "Dynamic chassis control",
    "Electric seat adjustment",
    "Electric side mirror",
    "Electric tailgate",
    "Electric windows",
    "Eletric seat adjustment with memory function",
    "Emergency brake assist",
    "Emergency call system",
    "Emergency tyre repair kit",
    "ESP",
    "Fatigue warning system",
    "Folding exterior mirrors",
    "Four-wheel drive",
    "Full Service History",
    "Hands-free kit",
    "Head-up display",
    "Heated seats",
    "Heated steering wheel",
    "High beam assist",
    "Hill-start assist",
    "Immobilizer",
    "Induction charging for smartphones",
    "Integrated music streaming",
    "Isofix",
    "Keyless central locking",
    "Lane change assist",
    "Leather steering wheel",
    "LED headlights",
    "LED running lights",
    "Light sensor",
    "Lumbar support",
    "Multifunction steering wheel",
    "Navigation system",
    "Non-smoker vehicle",
    "On-board computer",
    "Paddle shifters",
    "Particulate filter",
    "Power Steering",
    "Rain sensor",
    "Rear traffic alert",
    "Sound system",
    "Speed limit control system",
    "Sport seats",
    "Sports suspension",
    "Start-stop system",
    "Summer tyres",
    "Tinted windows",
    "Touchscreen",
    "Traction control",
    "Traffic sign recognition",
    "Tuner/radio",
    "Tyre pressure monitoring",
    "USB port",
    "Voice control",
    "Warranty",
    "WLAN / Wi-Fi hotspot"
  ]
},
{
  "title": "BMW M3 xDrive EU6e Competition Touring ehem UPE 115.",
  "previewImage": "https://img.classistatic.de/api/v1/mo-prod/images/eb/eb1bbe84-eb61-4d8b-aae3-2a98748ce781?rule=mo-1600.jpg",
  "category": "EstateCar",
  "brand": "BMW",
  "model": "M3",
  "url": "https://suchen.mobile.de/fahrzeuge/details.html?id=432173097",
  "price.total.amount": 99500,
  "priceRating": {
    "rating": "Very good price",
    "priceRanges": {
      "Very good price": {
        "start": 77701,
        "end": 101000
      },
      "Good price": {
        "start": 101001,
        "end": 108800
      },
      "Fair price": {
        "start": 108801,
        "end": 121000
      },
      "Increased price": {
        "start": 121001,
        "end": 129900
      },
      "High price": {
        "start": 129901,
        "end": 144300
      }
    }
  },
  "description": "Getriebe\nAutomatik\nTechnik\nAllrad\nBordcomputer\nSperrdifferential\nAdaptives Daempfungssystem\nStart-Stop-Automatik\nVolldigitales Kombiinstrument\nAssistenten\nMüdigkeitserkennung\nPark-Lenk-Assistent\nRegensensor\nFernlichtassistent\nLichtsensor\nNotbremsassistent\nBerganfahrassistent\nSpurwechselassistent\nAbstandsregeltempomat\nAusparkassistent\nAbstands-/Kollisionswarner\nKomfort\nKlimaautomatik\nServolenkung\nZentralverriegelung\nElektrischer Fensterheber\nLederausstattung\nSitzheizung\nElektrische Aussenspiegel\nTeilbare Ruecksitzlehne\nTempomat\nMultifunktionslenkrad\nKeyless Go Startfunktion\nElektrische Sitze\nInnenspiegel autom. abblendbar\nMittelarmlehne\nInnenraumfilter\nLenksaeule einstellbar\nSportsitze\nParkDistanceControl vorne und hinten\nElektrische Heckklappe\nKeyless Entry\nMemory Sitze\nAmbientebeleuchtung\nLordosenstütze\nLederlenkrad\nGeschwindigkeitsbegrenzungsanlage\nKlimaautomatik-2-Zonen\nKlimaautomatik-3-Zonen\nFunkfernbedienung\nSicht\nLED-Hauptscheinwerfer\nadaptives Kurvenlicht\nLED-Tagfahrlicht\n360 Grad Kamera\nHEAD-UP-Display\nLED-Rueckleuchten\nScheinwerferregulierung\nColorverglasung\nPrivacyverglasung\nSicherheit\nABS\nAirbag\nBeifahrer-Airbag\nWegfahrsperre\nSeitenairbags\nAlarmanlage\nESP\nAntriebsschlupfregelung\nReifendruckkontrolle\nTraktionskontrolle\nKopfairbag\nKnieairbag\nKindersitzbefestigung\nAnhängerstabilisierung\nNotrufsystem\nPannenkit\nEntertainment\nNavigationssystem\nSoundsystem\nRadio\nTelefonvorbereitung\nUSB-Anschluss\nMP3\nHarman-Kardon\nBluetooth\nFreisprecheinrichtung\nSprachsteuerung\nDAB\nWLAN\nTouchscreen\nInduktionsladen für Smartphones\nMusikstreaming\nNavigationsvorbereitung\nUmwelt\nAbgasnorm Euro 6D\nGrüne Umweltplakette\nQualität\nGarantie\nScheckheftgepflegt\nHUAU neu\nNichtraucherfahrzeug\nSonstiges\nKatalysator\nMetallic\nAlufelgen\nDachreling\nGepaeckraumabdeckung\nStossfaenger in Wagenfarbe\nSportpaket\nSportfahrwerk\nLenkradheizung\nFahrerprofilauswahl\nGepäckraumabtrennung\n\nInt.KnNr: 2362133\nÄnderungen, Zwischenverkauf und Irrtümer vorbehalten.\nquality by dotzilla",
  "dealerDetails": {
    "id": 453713,
    "name": "Kohl automobile GmbH",
    "sellerType": "Dealer",
    "phones": [
      "+49 (0)241 9138014221"
    ],
    "languages": [
      "Deutsch",
      "English",
      "Français"
    ],
    "country": "DE",
    "address": "Neuenhofstr. 160, DE-52078 Aachen",
    "location": {
      "latitude": 50.7653702,
      "longitude": 6.1470706
    },
    "activeSince": "2001-06-07T00:00:00.000Z",
    "homepageUrl": "https://home.mobile.de/home/redirect.html?customerId=453713",
    "iconUrl": null,
    "reviewPageUrl": "https://www.mobile.de/bewertungen/KOHL-AACHEN?lang=en",
    "score": {
      "total": 4.2,
      "responseTime": 4.3,
      "friendliness": 4.3,
      "advice": 4
    },
    "activeRatingCount": 61,
    "vehicleAsDescribedPercentage": 90,
    "recommendPercentage": 77,
    "soldVehicleCount": null,
    "reviews": []
  },
  "attributes": {
    "Vehicle condition": "New vehicle, Accident-free",
    "Category": "Estate car",
    "Vehicle Number": "2362133",
    "Availability": "Now",
    "Origin": "German edition",
    "Mileage": "1 km",
    "Cubic Capacity": "2,993 ccm",
    "Power": "390 kW (530 hp)",
    "Drive type": "Internal combustion engine",
    "Fuel": "Petrol",
    "CO₂ class": "Based on CO₂ emissions (combined)",
    "Fuel consumption": [
      "10.4 l/100km (combined)",
      "15.4 l/100km (city)",
      "10.3 l/100km (suburban)",
      "8.8 l/100km (country road)",
      "9.8 l/100km (motorway)"
    ],
    "Energy costs for 15,000 km annual mileage": "€2,802/Year",
    "Fuel price": "€1.80/l (annual average 2024)",
    "Possible CO₂ costs over the next 10 years (15,000 km/year)": [
      "€4,439 (assuming an average CO₂ price of €127/t)",
      "€2,097 (assuming a low average CO₂ price of €60/t)",
      "€6,990 (assuming a high average CO₂ price of €200/t)"
    ],
    "Vehicle tax": "€472/Year",
    "Number of Seats": "5",
    "Door Count": "4/5",
    "Transmission": "Automatic",
    "Emission Class": "Euro6d",
    "Emissions Sticker": "4 (Green)",
    "Construction Year": "2025",
    "Number of Vehicle Owners": "0",
    "HU": "New",
    "Climatisation": "Automatic climatisation, 3 zones",
    "Parking sensors": "Rear, Front, Self-steering systems, 360° camera",
    "Airbags": "Front and Side and More Airbags",
    "Colour (Manufacturer)": "Skyscraper Grau metallic",
    "Colour": "Grey Metallic",
    "Interior Design": "Full leather, Black",
    "Cylinders": "6",
    "Energy consumption (comb.)": "10.4 l/100km",
    "CO₂ emissions (comb.)": "233 g/km"
  },
  "features": [
    "ABS",
    "Adaptive cornering lights",
    "Adaptive Cruise Control",
    "Alarm system",
    "Alloy wheels",
    "Ambient lighting",
    "Arm rest",
    "Autom. dimming interior mirror",
    "Bluetooth",
    "Cargo barrier",
    "Central locking",
    "DAB radio",
    "Digital cockpit",
    "Distance warning system",
    "Dynamic chassis control",
    "Electric seat adjustment",
    "Electric side mirror",
    "Electric tailgate",
    "Electric windows",
    "Eletric seat adjustment with memory function",
    "Emergency brake assist",
    "Emergency call system",
    "Emergency tyre repair kit",
    "ESP",
    "Fatigue warning system",
    "Folding exterior mirrors",
    "Four-wheel drive",
    "Full Service History",
    "Hands-free kit",
    "Head-up display",
    "Heated seats",
    "Heated steering wheel",
    "High beam assist",
    "Hill-start assist",
    "Immobilizer",
    "Induction charging for smartphones",
    "Integrated music streaming",
    "Isofix",
    "Keyless central locking",
    "Leather steering wheel",
    "LED headlights",
    "LED running lights",
    "Light sensor",
    "Lumbar support",
    "Multifunction steering wheel",
    "Navigation preparation",
    "Navigation system",
    "Non-smoker vehicle",
    "On-board computer",
    "Power Steering",
    "Rain sensor",
    "Rear traffic alert",
    "Roof rack",
    "Sound system",
    "Speed limit control system",
    "Sport seats",
    "Sports package",
    "Sports suspension",
    "Start-stop system",
    "Tinted windows",
    "Touchscreen",
    "Traction control",
    "Tuner/radio",
    "Tyre pressure monitoring",
    "USB port",
    "Voice control",
    "Warranty",
    "WLAN / Wi-Fi hotspot"
  ]
},
{
  "title": "BMW M3 xDrive M EU6e Competition Touring ehem UPE 11",
  "previewImage": "https://img.classistatic.de/api/v1/mo-prod/images/eb/eb1bbe84-eb61-4d8b-aae3-2a98748ce781?rule=mo-1600.jpg",
  "category": "EstateCar",
  "brand": "BMW",
  "model": "M3",
  "url": "https://suchen.mobile.de/fahrzeuge/details.html?id=432186022",
  "price.total.amount": 99500,
  "priceRating": {
    "rating": "Very good price",
    "priceRanges": {
      "Very good price": {
        "start": 77701,
        "end": 101000
      },
      "Good price": {
        "start": 101001,
        "end": 108800
      },
      "Fair price": {
        "start": 108801,
        "end": 121000
      },
      "Increased price": {
        "start": 121001,
        "end": 129900
      },
      "High price": {
        "start": 129901,
        "end": 144300
      }
    }
  },
  "description": "Getriebe\nAutomatik\nTechnik\nAllrad\nBordcomputer\nSperrdifferential\nAdaptives Daempfungssystem\nStart-Stop-Automatik\nVolldigitales Kombiinstrument\nAssistenten\nMüdigkeitserkennung\nPark-Lenk-Assistent\nRegensensor\nFernlichtassistent\nLichtsensor\nNotbremsassistent\nBerganfahrassistent\nSpurwechselassistent\nAbstandsregeltempomat\nAusparkassistent\nAbstands-/Kollisionswarner\nKomfort\nKlimaautomatik\nServolenkung\nZentralverriegelung\nElektrischer Fensterheber\nLederausstattung\nSitzheizung\nElektrische Aussenspiegel\nTeilbare Ruecksitzlehne\nTempomat\nMultifunktionslenkrad\nKeyless Go Startfunktion\nElektrische Sitze\nInnenspiegel autom. abblendbar\nMittelarmlehne\nInnenraumfilter\nLenksaeule einstellbar\nSportsitze\nParkDistanceControl vorne und hinten\nElektrische Heckklappe\nKeyless Entry\nMemory Sitze\nAmbientebeleuchtung\nLordosenstütze\nLederlenkrad\nGeschwindigkeitsbegrenzungsanlage\nKlimaautomatik-2-Zonen\nKlimaautomatik-3-Zonen\nFunkfernbedienung\nSicht\nLED-Hauptscheinwerfer\nadaptives Kurvenlicht\nLED-Tagfahrlicht\n360 Grad Kamera\nHEAD-UP-Display\nLED-Rueckleuchten\nScheinwerferregulierung\nColorverglasung\nPrivacyverglasung\nSicherheit\nABS\nAirbag\nBeifahrer-Airbag\nWegfahrsperre\nSeitenairbags\nAlarmanlage\nESP\nAntriebsschlupfregelung\nReifendruckkontrolle\nTraktionskontrolle\nKopfairbag\nKnieairbag\nKindersitzbefestigung\nAnhängerstabilisierung\nNotrufsystem\nPannenkit\nEntertainment\nNavigationssystem\nSoundsystem\nRadio\nTelefonvorbereitung\nUSB-Anschluss\nMP3\nHarman-Kardon\nBluetooth\nFreisprecheinrichtung\nSprachsteuerung\nDAB\nWLAN\nTouchscreen\nInduktionsladen für Smartphones\nMusikstreaming\nNavigationsvorbereitung\nUmwelt\nAbgasnorm Euro 6D\nGrüne Umweltplakette\nQualität\nGarantie\nScheckheftgepflegt\nHUAU neu\nNichtraucherfahrzeug\nSonstiges\nKatalysator\nMetallic\nAlufelgen\nDachreling\nGepaeckraumabdeckung\nStossfaenger in Wagenfarbe\nSportpaket\nSportfahrwerk\nLenkradheizung\nFahrerprofilauswahl\nGepäckraumabtrennung\n\nInt.KnNr: 2362137\nÄnderungen, Zwischenverkauf und Irrtümer vorbehalten.\nquality by dotzilla",
  "dealerDetails": {
    "id": 453713,
    "name": "Kohl automobile GmbH",
    "sellerType": "Dealer",
    "phones": [
      "+49 (0)241 9809699742"
    ],
    "languages": [
      "Deutsch",
      "English",
      "Français"
    ],
    "country": "DE",
    "address": "Neuenhofstr. 160, DE-52078 Aachen",
    "location": {
      "latitude": 50.7653702,
      "longitude": 6.1470706
    },
    "activeSince": "2001-06-07T00:00:00.000Z",
    "homepageUrl": "https://home.mobile.de/home/redirect.html?customerId=453713",
    "iconUrl": null,
    "reviewPageUrl": "https://www.mobile.de/bewertungen/KOHL-AACHEN?lang=en",
    "score": {
      "total": 4.2,
      "responseTime": 4.3,
      "friendliness": 4.3,
      "advice": 4
    },
    "activeRatingCount": 61,
    "vehicleAsDescribedPercentage": 90,
    "recommendPercentage": 77,
    "soldVehicleCount": null,
    "reviews": []
  },
  "attributes": {
    "Vehicle condition": "New vehicle, Accident-free",
    "Category": "Estate car",
    "Vehicle Number": "2362137",
    "Availability": "Now",
    "Origin": "German edition",
    "Mileage": "0 km",
    "Cubic Capacity": "2,993 ccm",
    "Power": "390 kW (530 hp)",
    "Drive type": "Internal combustion engine",
    "Fuel": "Petrol",
    "CO₂ class": "Based on CO₂ emissions (combined)",
    "Fuel consumption": [
      "10.3 l/100km (combined)",
      "15.4 l/100km (city)",
      "10.2 l/100km (suburban)",
      "8.9 l/100km (country road)",
      "9.7 l/100km (motorway)"
    ],
    "Energy costs for 15,000 km annual mileage": "€2,775/Year",
    "Fuel price": "€1.80/l (annual average 2024)",
    "Possible CO₂ costs over the next 10 years (15,000 km/year)": [
      "€4,439 (assuming an average CO₂ price of €127/t)",
      "€2,097 (assuming a low average CO₂ price of €60/t)",
      "€6,990 (assuming a high average CO₂ price of €200/t)"
    ],
    "Vehicle tax": "€472/Year",
    "Number of Seats": "5",
    "Door Count": "4/5",
    "Transmission": "Automatic",
    "Emission Class": "Euro6d",
    "Emissions Sticker": "4 (Green)",
    "Construction Year": "2025",
    "Number of Vehicle Owners": "0",
    "HU": "New",
    "Climatisation": "Automatic climatisation, 3 zones",
    "Parking sensors": "360° camera, Front, Self-steering systems, Rear",
    "Airbags": "Front and Side and More Airbags",
    "Colour (Manufacturer)": "Skyscraper Grau metallic",
    "Colour": "Grey Metallic",
    "Interior Design": "Full leather, Black",
    "Cylinders": "6",
    "Energy consumption (comb.)": "10.3 l/100km",
    "CO₂ emissions (comb.)": "233 g/km"
  },
  "features": [
    "ABS",
    "Adaptive cornering lights",
    "Adaptive Cruise Control",
    "Alarm system",
    "Alloy wheels",
    "Ambient lighting",
    "Arm rest",
    "Autom. dimming interior mirror",
    "Bluetooth",
    "Cargo barrier",
    "Central locking",
    "DAB radio",
    "Digital cockpit",
    "Distance warning system",
    "Dynamic chassis control",
    "Electric seat adjustment",
    "Electric side mirror",
    "Electric tailgate",
    "Electric windows",
    "Eletric seat adjustment with memory function",
    "Emergency brake assist",
    "Emergency call system",
    "Emergency tyre repair kit",
    "ESP",
    "Fatigue warning system",
    "Folding exterior mirrors",
    "Four-wheel drive",
    "Full Service History",
    "Hands-free kit",
    "Head-up display",
    "Heated seats",
    "Heated steering wheel",
    "High beam assist",
    "Hill-start assist",
    "Immobilizer",
    "Induction charging for smartphones",
    "Integrated music streaming",
    "Isofix",
    "Keyless central locking",
    "Leather steering wheel",
    "LED headlights",
    "LED running lights",
    "Light sensor",
    "Lumbar support",
    "Multifunction steering wheel",
    "Navigation preparation",
    "Navigation system",
    "Non-smoker vehicle",
    "On-board computer",
    "Power Steering",
    "Rain sensor",
    "Rear traffic alert",
    "Roof rack",
    "Sound system",
    "Speed limit control system",
    "Sport seats",
    "Sports package",
    "Sports suspension",
    "Start-stop system",
    "Tinted windows",
    "Touchscreen",
    "Traction control",
    "Tuner/radio",
    "Tyre pressure monitoring",
    "USB port",
    "Voice control",
    "Warranty",
    "WLAN / Wi-Fi hotspot"
  ]
},
{
  "title": "BMW M3 Touring xDrive Competition*697 PS*AULITZKY*",
  "previewImage": "https://img.classistatic.de/api/v1/mo-prod/images/a0/a060885e-f4f4-49d2-bc5d-02576a67889d?rule=mo-1600.jpg",
  "category": "EstateCar",
  "brand": "BMW",
  "model": "M3",
  "url": "https://suchen.mobile.de/fahrzeuge/details.html?id=401548954",
  "price.total.amount": 99490,
  "priceRating": {
    "rating": "Very good price",
    "priceRanges": {
      "Very good price": {
        "start": 78401,
        "end": 101900
      },
      "Good price": {
        "start": 101901,
        "end": 109800
      },
      "Fair price": {
        "start": 109801,
        "end": 122100
      },
      "Increased price": {
        "start": 122101,
        "end": 131000
      },
      "High price": {
        "start": 131001,
        "end": 145600
      }
    }
  },
  "description": "Ausstattungen u.a. lt. FIN:\nBMW Live Cockpit Professional\nBMW Innovationspaket: Fernlichtassistent; Komfortzugang; Driving Assistant Professional; BMW Laserlicht\nBMW Curved Display, Control-Display mit Farbmonitor (14,9 Zoll)\nBMW M 50 Jahre Embleme\nParking Assistant Plus\nConnected Package Professional\nLenkradheizung\nFahrassistenz-System: Driving Assistant Professional\nFahrassistenz-System: Spurwechselassistent,\nFahrassistenz-System: Falschfahrwarnung,\nGeschwindigkeits-Begrenzeranlage (Speed Limit Device),\nGeschwindigkeits-Regelanlage, Aktiv mit Stop&Go-Funktion,\nFahrassistenz-System: Frontkollisionswarnung,\nFahrassistenz-System:Heckaufprall-Vermeidung (Prävention Heckkollision),\nFahrassistenz-System: Kreuzungs-Assistent,\nFahrassistenz-System: Querverkehrs-Assistent,\nFahrassistenz-System:Ausweich-Assistent,\nFahrassistenz-System: Ampel-Erkennung,\nFahrassistenz-System: Spurwechsel-Warnsystem,\nFahrassistenz-System: aktiver Spurhalteassistent\nInnenausstattung: Interieurleisten Carbon\nAblagenpaket\nM Dachreling Shadow Line\nM Hochglanz Shadow Line\nM Dachhimmel anthrazit\nM Hochglanz Shadow Line mit erweiterten Umfängen\nSitzverstellung elektrisch mit Memory für Fahrersitz\nLordosenunterstützung für Fahrer und Beifahrer\nHarman Kardon Surround Sound System\nAULITZKY Tuning (NP 19.200 €)\nAulitzky Auspuffanlage NP 6.600 €)\nAulitzky Software (NP 3.350 €)\nFelgen YIDO 20\"/21\" auf Reifen Michelin 285er vorne bzw. 305er hinten (NP 2.550 + 1.154 €)\nGewindefedern (NP 800 €)\nKlappensteuerung (NP 400 €)\nM3 CS Carbon Lufteinlässe vorn (NP 650 €)\nM3 CS Niere (NP 554 €)\nPerformance Frontlippe (NP 1.500 €)\nPerformance Mittelarmlehne vorne Innenraum (NP 225 €)\nSchwarz Folierung am Heck und Front jeweils auf Höhe Kennzeichen links und rechts (NP 250 €)\nSpurplatten (NP 300 € )\nWinterräder (NP 950 €)\nWeitere Ausstattungen:\nAblage-PaketAdaptives Fahrwerk M-Technic\nAirbag Beifahrerseite abschaltbar\nAktives M Sport-Differential\nAlarmanlage\nAmbiente-Beleuchtung\nAnti-Blockier-System (ABS)\nAntriebsart: Allradantrieb\nAntriebsart: xDrive (Allrad)\nAusstattungs-Paket: Connected Professional\nAußenausstattung: Shadow-Line Hochglanz\nAußenausstattung: Shadow-Line Hochglanz (erweiterter Umfang)\nAußenspiegel elektr. verstell- und heizbar\nCompetition\nDAB-Tuner (Radioempfang digital)\nDachhimmel Anthrazit (BMW Individual)\nDachreling Hochglanz Shadow-Line\nDiebstahlsicherung für Räder (Felgenschlösser)\nDurchladeeinrichtung (Mittelarmlehne hinten)\nDynamische Stabilitäts-Control (DSC) mit erweiterter Umfang\nEinstiegsleisten mit Einleger in Aluminium mit Schriftzug M\nFahrassistenz-System: Active Guard (Bremsassistent)\nFahrassistenz-System: Aufmerksamkeits-Assistent\nFensterheber elektrisch\nFreisprecheinrichtung Bluetooth mit USB-/Audio-Schnittstelle\nGeschwindigkeits-Begrenzeranlage (Speed Limit Device)\nGetriebe Automatik - mit Steptronic und Drivelogic (8-Stufen)\nHeckklappenbetätigung automatisch\nHeckleuchten LED\nInduktionsladeschale für Smartphone (Wireless Charging)\nInnenspiegel mit Abblendautomatik\nInstrumentenkombination (erweiterter Umfang)\nIsofix-Aufnahmen für Kindersitz an Rücksitz\nKennzeichenbeleuchtung LED\nKlimaautomatik 3-Zonen mit autom. Umluft-Control\nKnieairbag Fahrerseite\nKopf-Airbag-System hinten\nKopf-Airbag-System vorn\nKopfstützen hinten klappbar\nLenkrad (Leder) mit Multifunktion M-Technic\nLenksäule (Lenkrad) elektr. verstellbar\nLeuchtweitenregelung\nM Drive (Fahrprofilauswahl)\nM Drive Professional (Fahrprofilauswahl)\nMotor 3,0 Ltr. - 375 kW 24V TwinTurbo KAT (S58)\nNebelschlussleuchte(n)\nOtto-Partikelfilter (OPF)\nPark-Distance-Control (PDC) vorn und hinten\nParkbremse elektrisch\nReifendruck-Kontrollsystem\nReifenpannen-Anzeige\nSchadstoffarm nach Abgasnorm Euro 6d\nSchaltpunktanzeige\nScheibenwischer mit Regensensor\nSeitenairbag vorn\nService-System: ConnectedDrive Services\nService-System: Gesetzlicher Notruf\nService-System: Intelligenter Notruf inkl. TeleServices\nSitzbezug / Polsterung: Leder Merino (erweiterter Umfang)\nSitze vorn elektr. verstellbar (mit Memory)\nSitzheizung vorn + hinten\nSpiegel-Paket\nSportdifferential\nSportsitze vorn (M-Technic)\nStart-Stop-Knopf\nStart/Stop-Anlage (Funktion)\nSteckdose (12V-Anschluß) in Mittelkonsole vorn\nWegfahrsperre\nWidescreen Display\nWärme-/Sonnenschutzverglasung\nWärme-/Sonnenschutzverglasung kombiniert (hinten abgedunkelt)\nZentralverriegelung mit Fernbedienung\n\nFahrzeug ist in einem sehr guten/ sehr gepflegten Zustand.\n\nDeinAuto.Expert Leistungen (u.a.):\ninkl. Fahrzeugreinigung\nGW-Garantie auf Anfrage (versch. Umfänge möglich)\nFinanzierung möglich (versch. Banken stehen zur Auswahl)\nBesichtigung und Probefahrt nur nach vorheriger Absprache.Wir erstellen unsere Inserate gewissenhaft und sorgfältig. Für Fehler oder Irrtümer übernehmen wir keine Gewähr und Haftung. Zwischenverkauf bleibt vorbehalten.Sie kaufen über uns als Auto Makler direkt vom Verkäufer_in. Es erwarten Sie keine Zusatzkosten.\nFahrzeugstandort: Holzkirchen (Oberbayern)",
  "dealerDetails": {
    "id": 36605711,
    "name": "DeinAuto.Expert",
    "sellerType": "Dealer",
    "phones": [
      "+49 (0)8025 926903307"
    ],
    "messengers": {
      "WHATS_APP": "+49 (0)1512 3210290"
    },
    "languages": [
      "Deutsch",
      "English"
    ],
    "country": "DE",
    "address": "Kirchgasse 3, DE-83714 Miesbach",
    "location": {
      "latitude": 47.78953540000001,
      "longitude": 11.8328439
    },
    "activeSince": "2024-08-21T00:00:00.000Z",
    "homepageUrl": "https://home.mobile.de/home/redirect.html?customerId=36605711",
    "iconUrl": null,
    "reviewPageUrl": "https://www.mobile.de/bewertungen/DeinAutoExpert?lang=en",
    "score": {
      "total": 5,
      "responseTime": 5,
      "friendliness": 5,
      "advice": 5
    },
    "activeRatingCount": 8,
    "vehicleAsDescribedPercentage": 100,
    "recommendPercentage": 100,
    "soldVehicleCount": null,
    "reviews": []
  },
  "attributes": {
    "Vehicle condition": "Used vehicle, Accident-free",
    "Category": "Estate car",
    "Model range": "Baureihe M3 Touring (G81)(2022->)",
    "Trim line": "xDrive Competition",
    "Vehicle Number": "S00011",
    "Availability": "Available in 2 days after order",
    "Origin": "German edition",
    "Mileage": "14,800 km",
    "Cubic Capacity": "2,993 ccm",
    "Power": "513 kW (697 hp)",
    "Drive type": "Internal combustion engine",
    "Fuel": "Petrol",
    "Number of Seats": "5",
    "Door Count": "4/5",
    "Transmission": "Automatic",
    "Emission Class": "Euro6d",
    "Emissions Sticker": "4 (Green)",
    "First Registration": "02/2023",
    "Number of Vehicle Owners": "3",
    "HU": "02/2026",
    "Climatisation": "Automatic climatisation, 3 zones",
    "Parking sensors": "Rear, 360° camera, Front, Self-steering systems",
    "Airbags": "Front and Side and More Airbags",
    "Colour (Manufacturer)": "ISLE OF MAN GRUEN METALLIC",
    "Colour": "Green Metallic",
    "Interior Design": "Full leather, Other",
    "Weight": "1,940 kg",
    "Cylinders": "6",
    "Tank capacity": "59 l"
  },
  "features": [
    "ABS",
    "Adaptive cornering lights",
    "Adaptive Cruise Control",
    "Alarm system",
    "Alloy wheels",
    "Ambient lighting",
    "Android Auto",
    "Apple CarPlay",
    "Arm rest",
    "Autom. dimming interior mirror",
    "Blind spot assist",
    "Bluetooth",
    "Cargo barrier",
    "Central locking",
    "DAB radio",
    "Digital cockpit",
    "Distance warning system",
    "Dynamic chassis control",
    "Electric seat adjustment",
    "Electric side mirror",
    "Electric tailgate",
    "Electric windows",
    "Eletric seat adjustment with memory function",
    "Emergency brake assist",
    "Emergency call system",
    "Emergency tyre repair kit",
    "ESP",
    "Fatigue warning system",
    "Fog lamp",
    "Folding exterior mirrors",
    "Four-wheel drive",
    "Full Service History",
    "Glare-free high beam headlights",
    "Hands-free kit",
    "Headlight washer system",
    "Head-up display",
    "Heated rear seats",
    "Heated seats",
    "Heated steering wheel",
    "High beam assist",
    "Immobilizer",
    "Induction charging for smartphones",
    "Integrated music streaming",
    "Isofix",
    "Keyless central locking",
    "Lane change assist",
    "Laser headlights",
    "Leather steering wheel",
    "LED running lights",
    "Light sensor",
    "Lumbar support",
    "Multifunction steering wheel",
    "Navigation system",
    "Non-smoker vehicle",
    "On-board computer",
    "Paddle shifters",
    "Particulate filter",
    "Power Steering",
    "Rain sensor",
    "Rear traffic alert",
    "Roof rack",
    "Sound system",
    "Speed limit control system",
    "Sport seats",
    "Sports package",
    "Sports suspension",
    "Start-stop system",
    "Summer tyres",
    "Tinted windows",
    "Touchscreen",
    "Traction control",
    "Traffic sign recognition",
    "Tuner/radio",
    "Tyre pressure monitoring",
    "USB port",
    "Voice control",
    "Warranty",
    "Winter package",
    "Winter tyres",
    "WLAN / Wi-Fi hotspot"
  ]
},
{
  "title": "BMW M3 Competition Lim M xDrive KeyLess H/K RFK DAPr",
  "previewImage": "https://img.classistatic.de/api/v1/mo-prod/images/63/639f63ea-f748-4fb4-b41f-e076b3a401d6?rule=mo-1600.jpg",
  "category": "Limousine",
  "brand": "BMW",
  "model": "M3",
  "url": "https://suchen.mobile.de/fahrzeuge/details.html?id=426953195",
  "price.total.amount": 99180,
  "priceRating": {
    "rating": "Good price",
    "priceRanges": {
      "Very good price": {
        "start": 73901,
        "end": 96000
      },
      "Good price": {
        "start": 96001,
        "end": 103400
      },
      "Fair price": {
        "start": 103401,
        "end": 115000
      },
      "Increased price": {
        "start": 115001,
        "end": 123400
      },
      "High price": {
        "start": 123401,
        "end": 137200
      }
    }
  },
  "description": "Brutto-Listen-Neupreis: 120.240 €\n- Inzahlungnahme aller Fabrikate\n- günstige Finanzierungs- und Leasingangebote\n- deutschlandweite Zulassung und Lieferung\nHIGHLIGHTS & PAKETE\n0430 Innen- und Außenspiegelpaket\n0493 Ablagenpaket\n07A2 Innovationspaket II\n07ME M Drivers Package\n\nASSISTENZSYSTEME\n05DN Parking Assistant Plus\n05AU Driving Assistant Professional\n\nAUDIO & KOMMUNIKATION\n06U3 BMW Live Cockpit Professional\n0654 DAB-Tuner\n0688 Harman Kardon Surround Sound System\n06C4 ConnectedPackage Professional\n06NX Wireless Charging Ablage\n06PA Personal eSIM\n\nINTERIEUR\n0534 Klimaautomatik\n0712 M Sportsitze\n0248 Lenkradheizung\n0459 Sitzverstellung\nelektrisch mit Memory für Fahrersitz\n0488 Lordosenstütze\n0494 Sitzheizung für Fahrer und Bei\n04MC M Interieurleisten Carbon Fib\n04U0 Galvanikapplikation für Bedien\n0760 M Hochglanz Shadow Line\nX3SW Vollleder Merino Schwarz\n04GQ M Sicherheitsgurte\n0775 M Dachhimmel anthrazit\n\nLICHT & SICHT\n0552 Adaptiver LED-Scheinwerfer\n05AC Fernlichtassistent\n0420 Sonnenschutzverglasung\n0431 Innenspiegel, automatisch abbl\n\nMOTOR GETRIEBE & FAHRWERK\n02VF Adaptives M Fahrwerk\n02T4 M Sportdifferenzial\n03M6 M Compound-Bremse\n\nRÄDER\n01U0 19/20 M Schmiederäder Doppel\n02VC Reifenpannenset\n02PA Radschraubensicherung\n\nTECHNIK & SICHERHEIT\n0322 Komfortzugang\n01MB M Drive Professional\n02VB Reifendruck-Kontrolle\n0302 Alarmanlage\n0316 Automatische Heckklappenbetäti\n05AV Active Guard\n06DR BMW Drive Recorder\n\nEXTERIEUR\n07M9 M Hochglanz Shadow Line mit er\n0C3Z BMW Individual Tansanitblau me\n\nSONSTIGE AUSSTATTUNGEN\n03KA Akustikverglasung\n\nFUNCTIONS ON DEMAND\n06AK ConnectedDrive Services\n\n\nWeiteres\nMtl. Finanzierungsrate: 735,00 EUR | Anzahlung: 24.074,00 EUR | Laufzeit: 36 Monate | Zielrate: 61.322,40 EUR | Nettodarlehensbetrag: 75.105,68 EUR | Sollzinssatz p.a.: 5,83% (gebunden für die gesamte Vertragslaufzeit) | Effektiver Jahreszins: 5,99% | Gesamtbetrag: 87.047,40 EUR. Ein unverbindliches Finanzierungsbeispiel der BMW Bank GmbH, Lilienthalallee 26, 80939 München. \n\nZwischenverkauf und Irrtümer vorbehalten.\nDie Fahrzeugbeschreibung dient lediglich der allgemeinen Identifizierung des Fahrzeuges und stellt keine Gewährleistung im kaufrechtlichen Sinne dar.\nDen genauen Ausstattungsumfang erhalten Sie von unserem Verkaufspersonal.\nBitte kontaktieren Sie uns.",
  "dealerDetails": {
    "id": 4379139,
    "name": "Autohaus Widmann + Winterholler GmbH",
    "sellerType": "Dealer",
    "phones": [
      "+49 (0)881 1308049687"
    ],
    "languages": [
      "Deutsch",
      "English"
    ],
    "country": "DE",
    "address": "Olympiastr. 7, DE-82362 Weilheim",
    "location": {
      "latitude": 47.8474626,
      "longitude": 11.1501163
    },
    "activeSince": "2010-07-26T00:00:00.000Z",
    "homepageUrl": "https://home.mobile.de/home/redirect.html?customerId=4379139",
    "iconUrl": "https://img.classistatic.de/api/v1/mo-prod/images/58/584218b8-096e-432e-819d-f9577be9844e?rule=mo-640.jpg",
    "reviewPageUrl": "https://www.mobile.de/bewertungen/WIDMANNWINTERHOLLERGMBH?lang=en",
    "score": {
      "total": 4.7,
      "responseTime": 4.6,
      "friendliness": 4.7,
      "advice": 4.7
    },
    "activeRatingCount": 52,
    "vehicleAsDescribedPercentage": 95,
    "recommendPercentage": 94,
    "soldVehicleCount": null,
    "reviews": []
  },
  "attributes": {
    "Vehicle condition": "New vehicle",
    "Category": "Saloon",
    "Model range": "G80",
    "Trim line": "M Drivers Package",
    "Vehicle Number": "FV18760",
    "Availability": "Now",
    "Origin": "German edition",
    "Mileage": "10 km",
    "Cubic Capacity": "2,993 ccm",
    "Power": "390 kW (530 hp)",
    "Drive type": "Internal combustion engine",
    "Fuel": "Petrol",
    "CO₂ class": "Based on CO₂ emissions (combined)",
    "Fuel consumption": [
      "10.1 l/100km (combined)",
      "15.2 l/100km (city)",
      "10.0 l/100km (suburban)",
      "8.6 l/100km (country road)",
      "9.4 l/100km (motorway)"
    ],
    "Number of Seats": "5",
    "Door Count": "4/5",
    "Transmission": "Automatic",
    "Emission Class": "Euro6d",
    "Emissions Sticker": "4 (Green)",
    "Climatisation": "Automatic climatisation, 3 zones",
    "Parking sensors": "360° camera, Front, Self-steering systems, Rear",
    "Airbags": "Front and Side and More Airbags",
    "Colour (Manufacturer)": "BMW Individual Tansanitblau me",
    "Colour": "Blue Metallic",
    "Interior Design": "Full leather, Black",
    "Cylinders": "6",
    "Energy consumption (comb.)": "10.1 l/100km",
    "CO₂ emissions (comb.)": "227 g/km"
  },
  "features": [
    "ABS",
    "Adaptive Cruise Control",
    "Adaptive lighting",
    "Alarm system",
    "Alloy wheels",
    "Ambient lighting",
    "Android Auto",
    "Apple CarPlay",
    "Arm rest",
    "Autom. dimming interior mirror",
    "Blind spot assist",
    "Bluetooth",
    "Central locking",
    "Digital cockpit",
    "Distance warning system",
    "Dynamic chassis control",
    "Electric seat adjustment",
    "Electric side mirror",
    "Electric tailgate",
    "Electric windows",
    "Eletric seat adjustment with memory function",
    "Emergency brake assist",
    "Emergency call system",
    "Emergency tyre repair kit",
    "ESP",
    "Fatigue warning system",
    "Folding exterior mirrors",
    "Four-wheel drive",
    "Full Service History",
    "Hands-free kit",
    "Head-up display",
    "Heated seats",
    "Heated steering wheel",
    "High beam assist",
    "Hill-start assist",
    "Immobilizer",
    "Induction charging for smartphones",
    "Integrated music streaming",
    "Isofix",
    "Keyless central locking",
    "Lane change assist",
    "Leather steering wheel",
    "LED headlights",
    "LED running lights",
    "Light sensor",
    "Lumbar support",
    "Multifunction steering wheel",
    "Navigation system",
    "Non-smoker vehicle",
    "On-board computer",
    "Paddle shifters",
    "Particulate filter",
    "Power Steering",
    "Rain sensor",
    "Rear traffic alert",
    "Sound system",
    "Speed limit control system",
    "Sport seats",
    "Sports suspension",
    "Start-stop system",
    "Summer tyres",
    "Tinted windows",
    "Touchscreen",
    "Traction control",
    "Traffic sign recognition",
    "Tuner/radio",
    "Tyre pressure monitoring",
    "USB port",
    "Voice control",
    "Warranty",
    "WLAN / Wi-Fi hotspot"
  ]
},
{
  "title": "BMW M3 Competition M xDrive Touring",
  "previewImage": "https://img.classistatic.de/api/v1/mo-prod/images/c4/c478366f-a654-4b23-aac8-c254aed3127d?rule=mo-1600.jpg",
  "category": "EstateCar",
  "brand": "BMW",
  "model": "M3",
  "url": "https://suchen.mobile.de/fahrzeuge/details.html?id=432400952",
  "price.total.amount": 97999,
  "priceRating": {
    "rating": "Good price",
    "priceRanges": {
      "Very good price": {
        "start": 74101,
        "end": 96400
      },
      "Good price": {
        "start": 96401,
        "end": 103800
      },
      "Fair price": {
        "start": 103801,
        "end": 115400
      },
      "Increased price": {
        "start": 115401,
        "end": 123900
      },
      "High price": {
        "start": 123901,
        "end": 137700
      }
    }
  },
  "description": "Sonstiges\nAblage für Wireless Charging\nActive Guard\nBlow by-Heizer\nBMW Apps\nDekodierung Zusatzfunktionen\nKaeltemittel\nMWSt ausweisbar\nPersonal eSIM\nProbefahrt\nSteuerung EfficientDynamics\nSteuerung Karosserie\nUnfallfrei\n\nAntrieb, Fahrwerk\nAdaptives M Fahrwerk\nAllrad\nM Compound-Bremse, rot hochglänzend\nM Drive Professional\nM Sportdifferenzial\n\nEditionen und Pakete\nAblagenpaket\nConnected Package Professional (laufzeitgebundener Dienst)\nConnectedDrive Services (laufzeitgebundener Dienst)\nGepäckraumpaket\nInnovationspaket\nM Driver's Package\n\nExterieur\nDach und Spiegelkappen schwarz\nDachreling\n\nFahrerassistenz\nDriving Assistant Professional\nGesetzlicher Notruf\nParking Assistant Plus\nTeleservices\n\nIndividualumfänge\nM Dachreling Hochglanz Shadow Line\nM Hochglanz Shadow Line\nM Hochglanz Shadow Line mit erweiterten Umfängen\nM Leuchten Shadow Line\n\nKomfort, Innenausstattung\nAktive Sitzbelüftung vorn\nAkustikverglasung\nAutomatische Verriegelung beim Anfahren\nFondkopfstützen klappbar\nGalvanikapplikation für Bedienelemente\nInnen- und Außenspiegelpaket\nKlimaautomatik\nKomfortzugang\nLeder\nLenkradheizung\nLordosenstütze für Fahrer und Beifahrer\nM Interieurleisten 'Carbon Fibre'\nM Sicherheitsgurte\nM Sportsitze\nSitzheizung für Fahrer und Beifahrer\nSitzverstellung elektrisch mit Memory für Fahrersitz\nSonnenschutzverglasung\n\nMultimedia\nBMW Live Cockpit Professional (laufzeitgebundener Dienst)\nDAB Tuner\nHarman Kardon Surround Sound System\n\nRäder\n19\"/20\" M Schmiederäder Doppelspeiche 826 M Schwarz / MB\nRadschraubensicherung\nReifenreparatur Set\n\nSitzbezug\nVollleder Merino Feinnarbe Schwarz/Schwarz\n\nUmwelt, Sicherheit\nAbgasnorm EU6 RDE II\nABS\nActive Protection\nAdaptiver LED-Scheinwerfer\nAktiver Fußgängerschutz\nAlarmanlage mit Fernbedienung\nBeifahrerairbag-Deaktivierung\nFernlichtassistent\nInnenspiegel automatisch abblendend\nReifendruck-Kontrolle\n\nStandort: Bitte erfragen Sie den genauen Standort des Fahrzeuges vor \\r\\nIhrer Anreise in unserer Filiale Grasberg (Tel.: 04208/9176-44) oder in unserer Filiale \\r\\nZeven (Tel.: 04281/9591-0). Energieeffizienzklasse: A+++, CO2-Emissionen kombiniert: 0 g/km. Weitere Informationen zum offiziellen Kraftstoffverbrauch und den offiziellen spezifischen CO2-Emissionen und den Stromverbrauch neuer PKW können dem \"Leitfaden über den Kraftstoffverbrauch und die CO2-Emissionen neuer PKW\" entnommen werden, der an allen Verkaufsstellen und bei der \"Deutschen Automobil Treuhand GmbH\" unter www.dat.de unentgeltlich erhältlich ist. Irrtümer und Zwischenverkauf vorbehalten.",
  "dealerDetails": {
    "id": 460543,
    "name": "Autohaus E. Brinkmann GmbH Ihr-BMW-und-MINI-Vertragshändler",
    "sellerType": "Dealer",
    "phones": [
      "+49 (0)4208 893001328"
    ],
    "languages": [
      "Deutsch",
      "English"
    ],
    "country": "DE",
    "address": "Südring 1, DE-27404 Zeven",
    "location": {
      "latitude": 53.2800453,
      "longitude": 9.290468599999999
    },
    "activeSince": "2000-05-22T00:00:00.000Z",
    "homepageUrl": "https://home.mobile.de/home/redirect.html?customerId=460543",
    "iconUrl": null,
    "reviewPageUrl": "https://www.mobile.de/bewertungen/AUTOHAUS-BRINKMANN?lang=en",
    "score": {
      "total": 3.9,
      "responseTime": 4.1,
      "friendliness": 4,
      "advice": 3.7
    },
    "activeRatingCount": 12,
    "vehicleAsDescribedPercentage": 90,
    "recommendPercentage": 81,
    "soldVehicleCount": null,
    "reviews": []
  },
  "attributes": {
    "Vehicle condition": "Used vehicle, Accident-free",
    "Category": "Estate car, Demonstration Vehicle",
    "Model range": "M3 touring",
    "Trim line": "M xDrive Touring ",
    "Vehicle Number": "VFV13263",
    "Availability": "Now",
    "Origin": "German edition",
    "Mileage": "3,500 km",
    "Cubic Capacity": "2,993 ccm",
    "Power": "390 kW (530 hp)",
    "Drive type": "Internal combustion engine",
    "Fuel": "Petrol",
    "CO₂ class": "Based on CO₂ emissions (combined)",
    "Fuel consumption": [
      "10.4 l/100km (combined)",
      "15.8 l/100km (city)",
      "10.3 l/100km (suburban)",
      "8.8 l/100km (country road)",
      "9.8 l/100km (motorway)"
    ],
    "Energy costs for 15,000 km annual mileage": "€0/Year",
    "Fuel price": "€1.80/l (annual average 2024)",
    "Possible CO₂ costs over the next 10 years (15,000 km/year)": [
      "€0 (assuming an average CO₂ price of €127/t)",
      "€0 (assuming a low average CO₂ price of €60/t)",
      "€0 (assuming a high average CO₂ price of €200/t)"
    ],
    "Number of Seats": "5",
    "Door Count": "4/5",
    "Transmission": "Automatic",
    "Emission Class": "Euro6",
    "First Registration": "05/2025",
    "Number of Vehicle Owners": "1",
    "HU": "New",
    "Climatisation": "Automatic climatisation, 3 zones",
    "Parking sensors": "Self-steering systems, Front, 360° camera, Rear",
    "Airbags": "Front and Side and More Airbags",
    "Colour (Manufacturer)": "saphirschwarz",
    "Colour": "Black Metallic",
    "Interior Design": "Full leather, Black",
    "Cylinders": "6",
    "Energy consumption (comb.)": "10.4 l/100km",
    "CO₂ emissions (comb.)": "234 g/km"
  },
  "features": [
    "ABS",
    "Adaptive Cruise Control",
    "Adaptive lighting",
    "Alarm system",
    "Alloy wheels",
    "Ambient lighting",
    "Arm rest",
    "Autom. dimming interior mirror",
    "Blind spot assist",
    "Bluetooth",
    "Central locking",
    "DAB radio",
    "Digital cockpit",
    "Distance warning system",
    "Electric side mirror",
    "Electric tailgate",
    "Electric windows",
    "Eletric seat adjustment with memory function",
    "Emergency call system",
    "ESP",
    "Folding exterior mirrors",
    "Four-wheel drive",
    "Full Service History",
    "Glare-free high beam headlights",
    "Hands-free kit",
    "Heated seats",
    "Heated steering wheel",
    "High beam assist",
    "Immobilizer",
    "Induction charging for smartphones",
    "Isofix",
    "Keyless central locking",
    "Lane change assist",
    "Leather steering wheel",
    "LED headlights",
    "LED running lights",
    "Light sensor",
    "Lumbar support",
    "Multifunction steering wheel",
    "Navigation system",
    "Non-smoker vehicle",
    "On-board computer",
    "Power Steering",
    "Rain sensor",
    "Roof rack",
    "Seat ventilation",
    "Sound system",
    "Sport seats",
    "Sports package",
    "Sports suspension",
    "Tinted windows",
    "Touchscreen",
    "Traction control",
    "Traffic sign recognition",
    "Tuner/radio",
    "Tyre pressure monitoring",
    "USB port",
    "Voice control",
    "WLAN / Wi-Fi hotspot"
  ]
},
{
  "title": "BMW M3 To. Competition xDr. ACC 360° Sitzlüftung ",
  "previewImage": "https://img.classistatic.de/api/v1/mo-prod/images/00/00d5e095-5837-4de2-8d55-79b999ebf422?rule=mo-1600.jpg",
  "category": "EstateCar",
  "brand": "BMW",
  "model": "M3",
  "url": "https://suchen.mobile.de/fahrzeuge/details.html?id=430344639",
  "price.total.amount": 98489.01,
  "priceRating": {
    "rating": "Good price",
    "priceRanges": {
      "Very good price": {
        "start": 72401,
        "end": 94100
      },
      "Good price": {
        "start": 94101,
        "end": 101300
      },
      "Fair price": {
        "start": 101301,
        "end": 112700
      },
      "Increased price": {
        "start": 112701,
        "end": 121000
      },
      "High price": {
        "start": 121001,
        "end": 134400
      }
    }
  },
  "description": "+WILLKOMMEN BEIM AUTOHAUS BAYERNCAR KÖNIGSBRUNN ...kaufen mit gutem Gefühl! ++ALLE FAHRZEUGE optional DEKRA geprüft !++Zwischenverkauf, Änderungen und Irrtümer vorbehalten ++WE ALSO SALE WITHOUT VAT FOR EXPORT-JUST ASK US!++ \nDeutschlandweite Zustellungen möglich!!!\n\nUnsere Serviceleistungen:\n- Allianz Automotive Garantie Erweiterung (optional)\n- Finanzierung über die BMW Premium Financial oder die Credit Plus Bank\nAb sofort sind wir über WhatsApp erreichbar.\nWhatsApp-/FaceTime Kontakt: +49-171 19 021 90\n\n++ BMW M3 xDrive Touring Competition ++\nRepair Inclusive 3Jahre/200.000km\nFarbe: 0C36 Dravitgrau Metallic\nPolster: ZBEW Individual Vollleder Elfenbeinweiss\n01MB M DRIVE PROFESSIONAL\n01U0 BMW LM Rad 826M JB\n0248 Lenkradheizung\n02PA Radschraubensicherung\n02T4 M Sportdifferenzial\n02VB Reifendruckanzeige\n02VC Reifenreparatur-Set\n02VF Adaptives M Fahrwerk\n0302 Alarmanlage\n0322 Komfortzugang\n0383 Dach und Spiegelkappen schwarz\n03KA Akustik Komfort Verglasung\n03MC M Dachreling Shadow Line\n03MF M Leuchten Shadow Line\n0420 Abgedunkelte Verglasung\n0428 Warndreieck und Verbandstasche\n0430 Innen-/Aussensp. mit Abblendautomatik\n0431 Innenspiegel automatisch abblendend\n0453 Klimatisierte Sitze vorne\n0459 Sitzverstellung elektrisch mit Memory\n0488 Lordosenstütze Fahrer u. Beifahrer\n0493 Ablagenpaket\n0494 Sitzheizung Fahrer/Beifahrer\n04GQ M Sicherheitsgurte\n04MC Interieurleisten Carbon Fibre\n04NE Blow-by-Heizer\n04U0 Galvanikapplikation Bedienelemente\n0534 Klimaautomatik\n0548 Kilometertacho\n0552 Adaptiver LED-Scheinwerfer\n05AC Fernlichtassistent\n05AU Driving Assistant Professional\n05AV Active Guard\n05DA Deaktivierung Airbag Beifahrer\n05DC Kopfstützen im Fond klappbar\n05DN Parkassistenzsystem Plus\n0654 DAB-Tuner\n0688 Harman/Kardon Surround Sound System\n06AE Teleservices\n06AF Gesetzlicher Notruf\n06AK Connected Drive Services\n06C3 Connected Package Professional\n06NX Storage tray wireless charging\n06PA Personal eSIM\n06U3 BMW Live Cockpit Professional\n06VB Steuerung Infotainment\n0712 M Sportsitz\n0760 Hochglanz Shadow-Line\n0775 Dachhimmel anthrazit\n07A2 Innovationspaket II\n07M9 M Shadow Line mit erweitertem Umfang\nEin Angebot von BMW Bank Premium Financial:\nLaufzeit: 36 Monate\nAnzahlung: 15.726,00 €\neffekt. Jahreszins: 6,99 %\nSchlussrate: 60.078,00 €\nNettokreditbetrag: 82.763,00 €\nBruttokreditbetrag: 97.320,00 €\nAbschlussgebühr: 0,00 €\nRatensicherung: 0,00 €\nSollzinssatz: 6,78 %\n\nmonatl. Rate: 1.064,00 €\nWir bieten unsere Fahrzeuge bereits kurz nach Kauf und ohne Bilder an. Sobald diese bei uns eingetroffen sind werden Bilder eingestellt.\nMit einer Bestellung versenden wir nochmal eine detaillierte Aufstellung der kompletten Fahrzeugausstattung. Wir bitten diese vor Vertragsabschluß sorgfältig zu lesen, da Fehler\nim Inserat vorbehaltlich sind und Irrtümer nicht ausgeschlossen werden können.",
  "dealerDetails": {
    "id": 451587,
    "name": "BayernCar GmbH",
    "sellerType": "Dealer",
    "phones": [
      "+49 (0)8231 926994225"
    ],
    "messengers": {
      "WHATS_APP": "+49 (0)171 1902190"
    },
    "languages": [
      "Deutsch",
      "English"
    ],
    "country": "DE",
    "address": "Dornierstraße 10, DE-86343 Königsbrunn",
    "location": {
      "latitude": 48.2539715,
      "longitude": 10.8711669
    },
    "activeSince": "2005-10-17T00:00:00.000Z",
    "homepageUrl": "https://home.mobile.de/home/redirect.html?customerId=451587",
    "iconUrl": "https://img.classistatic.de/api/v1/mo-prod/images/f7/f73f1ae9-a818-4727-830b-e5061e043ce7?rule=mo-640.jpg",
    "reviewPageUrl": "https://www.mobile.de/bewertungen/BAYERN-CAR?lang=en",
    "score": {
      "total": 4.6,
      "responseTime": 4.6,
      "friendliness": 4.7,
      "advice": 4.5
    },
    "activeRatingCount": 47,
    "vehicleAsDescribedPercentage": 94,
    "recommendPercentage": 94,
    "soldVehicleCount": null,
    "reviews": []
  },
  "attributes": {
    "Vehicle condition": "Used vehicle, Accident-free",
    "Category": "Estate car, Demonstration Vehicle",
    "Model range": "G81 LCI",
    "Trim line": "M Competition xDrive",
    "Vehicle Number": "25-84483",
    "Availability": "Now",
    "Mileage": "6,995 km",
    "Cubic Capacity": "2,993 ccm",
    "Power": "390 kW (530 hp)",
    "Drive type": "Internal combustion engine",
    "Fuel": "Petrol",
    "CO₂ class": "Based on CO₂ emissions (combined)",
    "Fuel consumption": [
      "10.4 l/100km (combined)"
    ],
    "Energy costs for 15,000 km annual mileage": "€2,886/Year",
    "Fuel price": "€1.85/l (annual average 2024)",
    "Possible CO₂ costs over the next 10 years (15,000 km/year)": [
      "€4,036 (assuming an average CO₂ price of €115/t)",
      "€1,755 (assuming a low average CO₂ price of €50/t)",
      "€6,669 (assuming a high average CO₂ price of €190/t)"
    ],
    "Number of Seats": "5",
    "Transmission": "Automatic",
    "Emission Class": "Euro6",
    "Emissions Sticker": "4 (Green)",
    "First Registration": "03/2025",
    "Number of Vehicle Owners": "1",
    "HU": "03/2028",
    "Climatisation": "Automatic climatisation, 3 zones",
    "Parking sensors": "Front, 360° camera, Rear, Self-steering systems",
    "Airbags": "Front and Side and More Airbags",
    "Colour (Manufacturer)": "Dravitgrau Metallic",
    "Colour": "Grey Metallic",
    "Interior Design": "Full leather, Black",
    "Cylinders": "6",
    "Energy consumption (comb.)": "10.4 l/100km",
    "CO₂ emissions (comb.)": "234 g/km"
  },
  "features": [
    "ABS",
    "Adaptive cornering lights",
    "Adaptive Cruise Control",
    "Alarm system",
    "Alloy wheels",
    "Ambient lighting",
    "Android Auto",
    "Apple CarPlay",
    "Arm rest",
    "Autom. dimming interior mirror",
    "Blind spot assist",
    "Bluetooth",
    "Cargo barrier",
    "Central locking",
    "DAB radio",
    "Digital cockpit",
    "Distance warning system",
    "Dynamic chassis control",
    "Electric seat adjustment",
    "Electric side mirror",
    "Electric tailgate",
    "Electric windows",
    "Eletric seat adjustment with memory function",
    "Emergency brake assist",
    "Emergency call system",
    "ESP",
    "Fatigue warning system",
    "Folding exterior mirrors",
    "Four-wheel drive",
    "Full Service History",
    "Glare-free high beam headlights",
    "Hands-free kit",
    "Head-up display",
    "Heated seats",
    "Heated steering wheel",
    "High beam assist",
    "Hill-start assist",
    "Immobilizer",
    "Induction charging for smartphones",
    "Integrated music streaming",
    "Isofix",
    "Keyless central locking",
    "Lane change assist",
    "Leather steering wheel",
    "LED headlights",
    "LED running lights",
    "Light sensor",
    "Lumbar support",
    "Multifunction steering wheel",
    "Navigation system",
    "Non-smoker vehicle",
    "On-board computer",
    "Paddle shifters",
    "Particulate filter",
    "Power Steering",
    "Rain sensor",
    "Rear traffic alert",
    "Seat ventilation",
    "Sound system",
    "Speed limit control system",
    "Sports package",
    "Sports suspension",
    "Start-stop system",
    "Summer tyres",
    "Tinted windows",
    "Touchscreen",
    "Traction control",
    "Traffic sign recognition",
    "Tuner/radio",
    "Tyre pressure monitoring",
    "USB port",
    "Voice control",
    "Warranty",
    "WLAN / Wi-Fi hotspot"
  ]
},
{
  "title": "BMW M3 Competition Limousine M xDrive Innov ParkAss+",
  "previewImage": "https://img.classistatic.de/api/v1/mo-prod/images/13/13ba7a10-2805-4357-97e4-81589b331b0c?rule=mo-1600.jpg",
  "category": "Limousine",
  "brand": "BMW",
  "model": "M3",
  "url": "https://suchen.mobile.de/fahrzeuge/details.html?id=421199590",
  "price.total.amount": 99490,
  "priceRating": {
    "rating": "Good price",
    "priceRanges": {
      "Very good price": {
        "start": 75601,
        "end": 98300
      },
      "Good price": {
        "start": 98301,
        "end": 105800
      },
      "Fair price": {
        "start": 105801,
        "end": 117700
      },
      "Increased price": {
        "start": 117701,
        "end": 126400
      },
      "High price": {
        "start": 126401,
        "end": 140400
      }
    }
  },
  "description": "Verbrauch und Emission (WLTP)\nPrimärer Antrieb Verbrauch innerorts: 15,30 l/100 km\nPrimärer Antrieb Verbrauch Stadtrand: 10,10 l/100 km\nPrimärer Antrieb Verbrauch Landstraße: 8,70 l/100 km\nPrimärer Antrieb Verbrauch Autobahn: 9,50 l/100 km\nPrimärer Antrieb Verbrauch kombiniert: 10,10 l/100 km\nCO2 Emission kombiniert: 229 g/km\n\nGetriebe\nAutomatikgetriebe M DKG Drivelogic, 8 Gänge\n\nAusstattungspakete\nAusstattungspaket: Innovationspaket\nConnectivity Paket\n\nAssistenzsysteme\nHead-up-Display HUD\nFernlichtassistent\nBMW ParkAssistent: Parking Assistant Plus\nFahrlichtautomatik\nGeschwindigkeitsregelung mit Bremsfunktion\nBerganfahrassistent\nSpracheingabesystem\nMüdigkeitserkennung\nSpurverlassenswarnung: Driving Assistant\nDynamische Bremsen Control DBC\nFahrerassistenzpaket: Driving Assistant, Parking Assistant Plus\nActive Guard Auffahrwarnung\nVerkehrszeichenerkennung\nElektronisches Bremssystem EBS\n\nLicht und Sicht\nAdaptiver LED-Scheinwerfer\nAdaptives Kurvenlicht\nLED-Tagfahrlicht\nRegensensor\nAutomatisch abblendender Innenspiegel\nSonnenschutzverglasung\nAdaptives Wisch-Waschsystem\n\nAudio & Kommunikation\nBMW Live Cockpit Professional\nRadio\nMulti-Funktions-Display\nDigitaler Radioempfang DAB\niDrive\nHarman/Kardon Soundsystem: Harman Kardon Surround Sound System\nUSB Anschluss, Bluetooth Audiostreaming\nBMW ConnectedDrive Services\nSmartphone-App Integration\nKabelloses Laden für Handys\n\nKomfort\nKlimaautomatik\nFahrersitz elektrisch\nLordosenstütze\nArmauflage Fahrer/Beifahrer\nLenksäule verstellbar\nKomfortzugang\nAuto Start Stop Funktion\nZentralver. mit Fernbedienung\nFensterheber elektrisch\nKopfstützen vorn und hinten\nAutomatische Heckklappenbetätigung\nSitzklimatisierung vorn\nM Drive\n\nInterieur\nSitze Leder Leder Merino Schwarz/Schwarz\nLederlenkrad\nLenkradheizung\nBordcomputer\nRücksitze klappbar\nDekoreinlagen Aluminium: M Interieurleisten Aluminium Rhombicle Anthrazit\nBodenbelag Teppich\nLenkrad-Schaltwippen\n\nExterieur\nAntrieb: Allrad\nTouchscreen Bedienung\nCompound-Bremse: M Compound-Bremse, schwarz hochglänzend\nAußenspiegel elekt.\nInnovationspaket\nNotrufsystem\n\nSicherheit\nFußgängerschutzsystem\nFahrer- /Beifahrerairbag\nSeitenairbag vorn\nDynamische Traktions Control DTC\nDynamische Stabilitäts Control DSC\nReifendruckkontrolle\nDiebstahlwarnanlage\nWegfahrsperre\nAußentemperatur Anzeige\nAntiblockiersystem ABS\nProgrammierbarer Schlüssel\nNotbremsassistent\nQuerverkehrswarnung hinten\n\nWeitere Ausstattung\nehemalige unverbindliche Preisempfehlung des Herstellers: 113080 EUR\n\nDie im Inserat aufgeführten Ausstattungsmerkmale sind unverbindlich. Maßgeblich für den Kauf ist allein der schriftliche Kaufvertrag. Angaben im Inserat begründen keine Beschaffenheitsvereinbarung. Verbindliche Ausstattungsangaben werden ausschließlich im Kaufvertrag festgelegt.",
  "dealerDetails": {
    "id": 454412,
    "name": "WELLER Premium GmbH - BMW & MINI Vertragshändler",
    "sellerType": "Dealer",
    "phones": [
      "+49 (0)6172 1794606"
    ],
    "languages": [
      "Deutsch",
      "English"
    ],
    "country": "DE",
    "address": "Ober-Eschbacher Straße 153, DE-61352 Bad Homburg",
    "location": {
      "latitude": 50.2104903,
      "longitude": 8.6552182
    },
    "activeSince": "2005-06-21T00:00:00.000Z",
    "homepageUrl": "https://home.mobile.de/home/redirect.html?customerId=454412",
    "iconUrl": "https://img.classistatic.de/api/v1/mo-prod/images/e9/e9886907-a10c-47d5-8cb2-3ff5aaf2255c?rule=mo-640.jpg",
    "reviewPageUrl": "https://www.mobile.de/bewertungen/B-K-BAD-HOMBURG?lang=en",
    "score": {
      "total": 4.1,
      "responseTime": 4.1,
      "friendliness": 4.4,
      "advice": 3.9
    },
    "activeRatingCount": 75,
    "vehicleAsDescribedPercentage": 92,
    "recommendPercentage": 74,
    "soldVehicleCount": null,
    "reviews": []
  },
  "attributes": {
    "Vehicle condition": "New vehicle, Accident-free",
    "Category": "Saloon",
    "Model range": "G80",
    "Trim line": "M3",
    "Vehicle Number": "2322235",
    "Availability": "Now",
    "Origin": "German edition",
    "Mileage": "5 km",
    "Cubic Capacity": "2,993 ccm",
    "Power": "390 kW (530 hp)",
    "Drive type": "Internal combustion engine",
    "Fuel": "Petrol, E10-enabled",
    "CO₂ class": "Based on CO₂ emissions (combined)",
    "Fuel consumption": [
      "10.1 l/100km (combined)",
      "15.3 l/100km (city)",
      "10.1 l/100km (suburban)",
      "8.7 l/100km (country road)",
      "9.5 l/100km (motorway)"
    ],
    "Energy costs for 15,000 km annual mileage": "€2,721/Year",
    "Fuel price": "€1.80/l (annual average 2024)",
    "Possible CO₂ costs over the next 10 years (15,000 km/year)": [
      "€3,950 (assuming an average CO₂ price of €115/t)",
      "€1,718 (assuming a low average CO₂ price of €50/t)",
      "€6,526 (assuming a high average CO₂ price of €190/t)"
    ],
    "Vehicle tax": "€456/Year",
    "Number of Seats": "5",
    "Door Count": "4/5",
    "Transmission": "Automatic",
    "Emission Class": "Euro 6e",
    "Emissions Sticker": "4 (Green)",
    "Construction Year": "2025",
    "Climatisation": "Automatic air conditioning",
    "Parking sensors": "Rear, Front, Self-steering systems",
    "Airbags": "Front and Side Airbags",
    "Colour (Manufacturer)": "Skyscraper Grau metallic",
    "Colour": "Grey Metallic",
    "Interior Design": "Full leather, Black",
    "Cylinders": "6",
    "Energy consumption (comb.)": "10.1 l/100km",
    "CO₂ emissions (comb.)": "229 g/km"
  },
  "features": [
    "ABS",
    "Adaptive cornering lights",
    "Alarm system",
    "Arm rest",
    "Autom. dimming interior mirror",
    "Central locking",
    "Cruise control",
    "DAB radio",
    "Distance warning system",
    "Electric seat adjustment",
    "Electric side mirror",
    "Electric tailgate",
    "Electric windows",
    "Emergency brake assist",
    "Emergency call system",
    "ESP",
    "Four-wheel drive",
    "Full Service History",
    "Head-up display",
    "Heated steering wheel",
    "High beam assist",
    "Hill-start assist",
    "Immobilizer",
    "Induction charging for smartphones",
    "Integrated music streaming",
    "Keyless central locking",
    "Lane change assist",
    "Leather steering wheel",
    "LED headlights",
    "LED running lights",
    "Light sensor",
    "Lumbar support",
    "Navigation system",
    "Non-smoker vehicle",
    "On-board computer",
    "Paddle shifters",
    "Rain sensor",
    "Rear traffic alert",
    "Seat ventilation",
    "Sound system",
    "Start-stop system",
    "Steel wheels",
    "Touchscreen",
    "Traction control",
    "Traffic sign recognition",
    "Tuner/radio",
    "Tyre pressure monitoring",
    "USB port",
    "Voice control"
  ]
},
{
  "title": "BMW M3 Competition GRIGIO TELESTO Vollleder HeadUp A",
  "previewImage": "https://img.classistatic.de/api/v1/mo-prod/images/2d/2dedb142-1655-49c4-925f-657b34425447?rule=mo-1600.jpg",
  "category": "EstateCar",
  "brand": "BMW",
  "model": "M3",
  "url": "https://suchen.mobile.de/fahrzeuge/details.html?id=417585957",
  "price.total.amount": 96900,
  "priceRating": {
    "rating": "Good price",
    "priceRanges": {
      "Very good price": {
        "start": 73201,
        "end": 95100
      },
      "Good price": {
        "start": 95101,
        "end": 102400
      },
      "Fair price": {
        "start": 102401,
        "end": 113900
      },
      "Increased price": {
        "start": 113901,
        "end": 122300
      },
      "High price": {
        "start": 122301,
        "end": 135900
      }
    }
  },
  "description": "Antrieb, Fahrwerk\nAdaptives M Fahrwerk\nAllrad\nBremsanlage: Compound - M Bremssystem (Bremssättel Rot)\nM Drive Professional\nM Sportdifferenzial\nSportfahrwerk\n\nAußenausstattung\nDachreling Hochglanz Shadow-Line\nLM-Felgen\nSonnenschutzverglasung (hinten abgedunkelt)\n\nEditionen und Pakete\nAblagenpaket\nConnected Package Professional (laufzeitgebundener Dienst)\nConnectedDrive Services (laufzeitgebundener Dienst)\nInnovations-Paket (2)\n\nExterieur\nDach und Spiegelkappen schwarz\nDachreling\n\nFahrerassistenz\nFahrassistenz-System: Driving Assistant Professional\nGesetzlicher Notruf\nHead-Up Display\nParkassistent-Paket Plus\nRückfahrkamera\nSpurverlassenswarnung\nSpurwechselwarnung\nTeleservices\n\nIndividualumfänge\nIndividual\nM Dachreling Hochglanz Shadow Line\nM Hochglanz Shadow Line\nM Hochglanz Shadow Line mit erweiterten Umfängen\nScheinwerfer BMW Individual Shadow-Line\n\nKomfort, Innenausstattung\nAbstandsregeltempomat\nAktive Sitzbelüftung vorn\nAmbiente-Beleuchtung\nAußenspiegel elektr. anklappbar\nBMW Live Cockpit Professional\nDurchladeeinrichtung (Mittelarmlehne hinten)\nDurchladesystem\nEinparkhilfe selbstlenkendes System\nFensterheber elektrisch vorn + hinten\nFensterheber, elektrisch\nFondkopfstützen klappbar\nFreisprecheinrichtung Bluetooth mit USB-/Audio-Schnittstelle\nGalvanikapplikation für Bedienelemente\nGepäckraum-Abtrennung (Netz)\nGeschwindigkeits-Regelanlage mit Bremsfunktion\nHead-up-Display Full Color\nInduktionsladeschale für Smartphone (Wireless Charging)\nInnen- und Außenspiegelpaket\nInnenausstattung: Interieurleisten Carbon\nInnenspiegel mit Abblendautomatik\nIsofix-Aufnahmen für Kindersitz\nKeyless Entry\nKlimaautomatik\nKlimaautomatik 3-Zonen mit autom. Umluft-Control\nKomfortzugang (Öffnungs- und Schließsystem)\nLeder\nLederlenkrad\nLendenwirbelstütze Sitz vorn links und rechts, elektr. verstellbar\nLenkrad heizbar\nLordose\nLordosenstütze für Fahrer und Beifahrer\nM Sicherheitsgurte\nM Sportsitze\nMultifunktionslenkrad\nSitzheizung für Fahrer und Beifahrer\nSitzverstellung elektrisch mit Memory für Fahrersitz\nSonnenschutzverglasung\nSportsitze\nSpurhalteassistent\nTempomat\nZentralverriegelung\n\nMultimedia\nBluetooth\nBMW Live Cockpit Professional (laufzeitgebundener Dienst)\nDAB Tuner\nFreisprecheinrichtung\nHarman Kardon Surround Sound System\nNavigationssystem\nRadio\nTelefon\nUSB Schnittstelle\n\nRäder\n19\"/20\" M Schmiederäder Doppelspeiche 826 M Schwarz / MB\nRadschraubensicherung\nReifenreparatur Set\n\nSitzbezug\nBMW Individual Volllederausstattung 'Merino' Fionarot/Schwarz (SW)\n\nSonstiges\nAblage für Wireless Charging\nActive Guard\nBlow by-Heizer\nBMW Apps\nBMW Digital Key\nDekodierung Zusatzfunktionen\nDeutsch / Bordliteratur\nDeutschland-Ausfuehrung\nElektrisch verstellbare Spiegel\nEU-spezifische Zusatzumfaenge\nFahrassistenz-System: aktiver Spurhalteassistent\nFahrassistenz-System: Ampel-Erkennung\nFahrassistenz-System: Ausweich-Assistent\nFahrassistenz-System: Einparkhilfe Seite\nFahrassistenz-System: Falschfahrwarnung\nFahrassistenz-System: Frontkollisionswarnung\nFahrassistenz-System: Heckaufprall-Vermeidung (Prävention Heckkollision)\nFahrassistenz-System: Kreuzungs-Assistent\nFahrassistenz-System: Park-Assistent\nFahrassistenz-System: Querverkehrs-Assistent\nFahrassistenz-System: Rückfahr-Assistent\nFahrassistenz-System: Rückfahrhilfe Notbremsfunktion (Active PDC)\nFahrassistenz-System: Spurwechselassistent\nFahrassistenz-System: Spurwechsel-Warnsystem\nGeschwindigkeits-Regelanlage, Aktiv mit Stop&Go-Funktion\nInduktionsladen für Smartphones\nInnenausstattung: BMW Individual Voll-Leder Merino (Fiona-Rot / Schwarz)\nKaeltemittel\nKilometertacho\nMWSt ausweisbar\nÖlwartungsintervall 24 Monate/30.000 km\nPersonal eSIM\nReifendruckkontrollsystem\nRückfahrkamera\nRückfahrkamera (Top View)\nService-System: Remote 3D View\nSteuerung EfficientDynamics\nSteuerung Infotainment\nSteuerung Karosserie\nSurround-Kamerasystem (Surround View)\nUnfallfrei\n\nUmwelt, Sicherheit\nAbgasnorm EU6 RDE II\nABS\nAktiver Fußgängerschutz\nAlarmanlage mit Fernbedienung\nAuto Start/Stop Funktion \nBeifahrerairbag\nBeifahrerairbag-Deaktivierung\nESP\nFahrassistenz-System: Fernlichtassistent\nFahrerairbag\nInnenspiegel automatisch abblendend\nKindersitzbefestigung ISOFIX\nKopfairbag\nLED-Scheinwerfer\nLichtsensor\nNotbremsassistent\nPASM\nRegensensor\nReifendruck-Kontrolle\nScheinwerfer LED mit adaptiver Lichtverteilung\nSeitenairbag\nTraction Control\nWarndreieck\n\nEnergieeffizienzklasse: A+++, CO2-Emissionen kombiniert: 0 g/km. Weitere Informationen zum offiziellen Kraftstoffverbrauch und den offiziellen spezifischen CO2-Emissionen und den Stromverbrauch neuer PKW können dem \"Leitfaden über den Kraftstoffverbrauch und die CO2-Emissionen neuer PKW\" entnommen werden, der an allen Verkaufsstellen und bei der \"Deutschen Automobil Treuhand GmbH\" unter www.dat.de unentgeltlich erhältlich ist.\nStoßstange vorne lackiert und Kotflügel\nVL erneuert wegen Parkschaden klein.\nKratzer Stoßstange / kleine Delle im\nKotflügel vorne links\nIrrtümer und Zwischenverkauf vorbehalten.",
  "dealerDetails": {
    "id": 456454,
    "name": "Autohaus Praller GmbH",
    "sellerType": "Dealer",
    "phones": [
      "+49 (0)9498 588983151"
    ],
    "languages": [
      "Deutsch",
      "English"
    ],
    "country": "DE",
    "address": "Regensburger Str. 35, DE-93180 Deuerling",
    "location": {
      "latitude": 49.0371467,
      "longitude": 11.9042841
    },
    "activeSince": "2002-07-17T00:00:00.000Z",
    "homepageUrl": "https://home.mobile.de/home/redirect.html?customerId=456454",
    "iconUrl": "https://img.classistatic.de/api/v1/mo-prod/images/5a/5adfb1fb-bb7e-449a-a133-0d97ad9ae5a4?rule=mo-640.jpg",
    "reviewPageUrl": "https://www.mobile.de/bewertungen/AH-PRALLER?lang=en",
    "score": {
      "total": 4.7,
      "responseTime": 4.6,
      "friendliness": 5,
      "advice": 4.5
    },
    "activeRatingCount": 8,
    "vehicleAsDescribedPercentage": 85,
    "recommendPercentage": 100,
    "soldVehicleCount": null,
    "reviews": []
  },
  "attributes": {
    "Vehicle condition": "Used vehicle",
    "Category": "Estate car, Demonstration Vehicle",
    "Model range": "G81",
    "Trim line": "GRIGIO TELESTO Vollleder HeadUp ACC Sitzbelüftung 360K…",
    "Vehicle Number": "B00448000310",
    "Availability": "Now",
    "Mileage": "7,500 km",
    "Cubic Capacity": "2,993 ccm",
    "Power": "390 kW (530 hp)",
    "Drive type": "Internal combustion engine",
    "Fuel": "Petrol, E10-enabled",
    "CO₂ class": "Based on CO₂ emissions (combined)",
    "Fuel consumption": [
      "10.4 l/100km (combined)",
      "15.8 l/100km (city)",
      "10.3 l/100km (suburban)",
      "8.8 l/100km (country road)",
      "9.8 l/100km (motorway)"
    ],
    "Energy costs for 15,000 km annual mileage": "€2,802/Year",
    "Fuel price": "€1.80/l (annual average 2024)",
    "Possible CO₂ costs over the next 10 years (15,000 km/year)": [
      "€4,458 (assuming an average CO₂ price of €127/t)",
      "€2,106 (assuming a low average CO₂ price of €60/t)",
      "€7,020 (assuming a high average CO₂ price of €200/t)"
    ],
    "Vehicle tax": "€476/Year",
    "Number of Seats": "5",
    "Door Count": "4/5",
    "Transmission": "Automatic",
    "Emission Class": "Euro6",
    "Emissions Sticker": "4 (Green)",
    "First Registration": "04/2025",
    "Number of Vehicle Owners": "1",
    "HU": "04/2028",
    "Climatisation": "Automatic climatisation, 3 zones",
    "Parking sensors": "Front, Rear, Self-steering systems, 360° camera",
    "Airbags": "Front and Side and More Airbags",
    "Colour (Manufacturer)": "Grigio telesto pearl Sonderlacki",
    "Colour": "Grey Metallic",
    "Interior Design": "Full leather, Red",
    "Weight": "1,940 kg",
    "Cylinders": "6",
    "Tank capacity": "59 l",
    "Energy consumption (comb.)": "10.4 l/100km",
    "CO₂ emissions (comb.)": "234 g/km"
  },
  "features": [
    "ABS",
    "Adaptive cornering lights",
    "Adaptive Cruise Control",
    "Alarm system",
    "Alloy wheels",
    "Ambient lighting",
    "Android Auto",
    "Apple CarPlay",
    "Arm rest",
    "Autom. dimming interior mirror",
    "Blind spot assist",
    "Bluetooth",
    "Cargo barrier",
    "Central locking",
    "DAB radio",
    "Digital cockpit",
    "Distance warning system",
    "Dynamic chassis control",
    "Electric seat adjustment",
    "Electric side mirror",
    "Electric tailgate",
    "Electric windows",
    "Eletric seat adjustment with memory function",
    "Emergency brake assist",
    "Emergency call system",
    "ESP",
    "Fatigue warning system",
    "Folding exterior mirrors",
    "Four-wheel drive",
    "Full Service History",
    "Glare-free high beam headlights",
    "Hands-free kit",
    "Head-up display",
    "Heated seats",
    "Heated steering wheel",
    "High beam assist",
    "Hill-start assist",
    "Immobilizer",
    "Induction charging for smartphones",
    "Integrated music streaming",
    "Isofix",
    "Keyless central locking",
    "Lane change assist",
    "Leather steering wheel",
    "LED headlights",
    "LED running lights",
    "Light sensor",
    "Lumbar support",
    "Multifunction steering wheel",
    "Navigation system",
    "Non-smoker vehicle",
    "On-board computer",
    "Paddle shifters",
    "Particulate filter",
    "Power Steering",
    "Rain sensor",
    "Roof rack",
    "Seat ventilation",
    "Sound system",
    "Speed limit control system",
    "Sport seats",
    "Sports package",
    "Sports suspension",
    "Start-stop system",
    "Summer tyres",
    "Tinted windows",
    "Touchscreen",
    "Traction control",
    "Traffic sign recognition",
    "Trailer coupling preparation",
    "Tuner/radio",
    "Tyre pressure monitoring",
    "USB port",
    "Voice control",
    "Warranty",
    "WLAN / Wi-Fi hotspot"
  ]
},
{
  "title": "BMW M3 xDrive M EU6e Competition Touring ehem UPE 11",
  "previewImage": "https://img.classistatic.de/api/v1/mo-prod/images/eb/eb1bbe84-eb61-4d8b-aae3-2a98748ce781?rule=mo-1600.jpg",
  "category": "EstateCar",
  "brand": "BMW",
  "model": "M3",
  "url": "https://suchen.mobile.de/fahrzeuge/details.html?id=432185999",
  "price.total.amount": 99500,
  "priceRating": {
    "rating": "Very good price",
    "priceRanges": {
      "Very good price": {
        "start": 78201,
        "end": 101600
      },
      "Good price": {
        "start": 101601,
        "end": 109500
      },
      "Fair price": {
        "start": 109501,
        "end": 121800
      },
      "Increased price": {
        "start": 121801,
        "end": 130700
      },
      "High price": {
        "start": 130701,
        "end": 145200
      }
    }
  },
  "description": "Getriebe\nAutomatik\nTechnik\nAllrad\nBordcomputer\nSperrdifferential\nAdaptives Daempfungssystem\nStart-Stop-Automatik\nVolldigitales Kombiinstrument\nAssistenten\nMüdigkeitserkennung\nPark-Lenk-Assistent\nRegensensor\nFernlichtassistent\nLichtsensor\nNotbremsassistent\nBerganfahrassistent\nSpurwechselassistent\nAbstandsregeltempomat\nAusparkassistent\nAbstands-/Kollisionswarner\nKomfort\nKlimaautomatik\nServolenkung\nZentralverriegelung\nElektrischer Fensterheber\nLederausstattung\nSitzheizung\nElektrische Aussenspiegel\nTeilbare Ruecksitzlehne\nTempomat\nMultifunktionslenkrad\nKeyless Go Startfunktion\nElektrische Sitze\nInnenspiegel autom. abblendbar\nMittelarmlehne\nInnenraumfilter\nLenksaeule einstellbar\nSportsitze\nParkDistanceControl vorne und hinten\nElektrische Heckklappe\nKeyless Entry\nMemory Sitze\nAmbientebeleuchtung\nLordosenstütze\nLederlenkrad\nGeschwindigkeitsbegrenzungsanlage\nKlimaautomatik-2-Zonen\nKlimaautomatik-3-Zonen\nFunkfernbedienung\nSicht\nLED-Hauptscheinwerfer\nadaptives Kurvenlicht\nLED-Tagfahrlicht\n360 Grad Kamera\nHEAD-UP-Display\nLED-Rueckleuchten\nScheinwerferregulierung\nColorverglasung\nPrivacyverglasung\nSicherheit\nABS\nAirbag\nBeifahrer-Airbag\nWegfahrsperre\nSeitenairbags\nAlarmanlage\nESP\nAntriebsschlupfregelung\nReifendruckkontrolle\nTraktionskontrolle\nKopfairbag\nKnieairbag\nKindersitzbefestigung\nAnhängerstabilisierung\nNotrufsystem\nPannenkit\nEntertainment\nNavigationssystem\nSoundsystem\nRadio\nTelefonvorbereitung\nUSB-Anschluss\nMP3\nHarman-Kardon\nBluetooth\nFreisprecheinrichtung\nSprachsteuerung\nDAB\nWLAN\nTouchscreen\nInduktionsladen für Smartphones\nMusikstreaming\nNavigationsvorbereitung\nUmwelt\nAbgasnorm Euro 6D\nGrüne Umweltplakette\nQualität\nGarantie\nScheckheftgepflegt\nHUAU neu\nNichtraucherfahrzeug\nSonstiges\nKatalysator\nMetallic\nAlufelgen\nDachreling\nGepaeckraumabdeckung\nStossfaenger in Wagenfarbe\nSportpaket\nSportfahrwerk\nLenkradheizung\nFahrerprofilauswahl\nGepäckraumabtrennung\n\nInt.KnNr: 2362140\nÄnderungen, Zwischenverkauf und Irrtümer vorbehalten.\nquality by dotzilla",
  "dealerDetails": {
    "id": 453713,
    "name": "Kohl automobile GmbH",
    "sellerType": "Dealer",
    "phones": [
      "+49 (0)241 5570007394"
    ],
    "languages": [
      "Deutsch",
      "English",
      "Français"
    ],
    "country": "DE",
    "address": "Neuenhofstr. 160, DE-52078 Aachen",
    "location": {
      "latitude": 50.7653702,
      "longitude": 6.1470706
    },
    "activeSince": "2001-06-07T00:00:00.000Z",
    "homepageUrl": "https://home.mobile.de/home/redirect.html?customerId=453713",
    "iconUrl": null,
    "reviewPageUrl": "https://www.mobile.de/bewertungen/KOHL-AACHEN?lang=en",
    "score": {
      "total": 4.2,
      "responseTime": 4.3,
      "friendliness": 4.3,
      "advice": 4
    },
    "activeRatingCount": 61,
    "vehicleAsDescribedPercentage": 90,
    "recommendPercentage": 77,
    "soldVehicleCount": null,
    "reviews": []
  },
  "attributes": {
    "Vehicle condition": "New vehicle, Accident-free",
    "Category": "Estate car",
    "Vehicle Number": "2362140",
    "Availability": "Now",
    "Origin": "German edition",
    "Mileage": "0 km",
    "Cubic Capacity": "2,993 ccm",
    "Power": "390 kW (530 hp)",
    "Drive type": "Internal combustion engine",
    "Fuel": "Petrol",
    "CO₂ class": "Based on CO₂ emissions (combined)",
    "Fuel consumption": [
      "10.3 l/100km (combined)",
      "15.4 l/100km (city)",
      "10.2 l/100km (suburban)",
      "8.9 l/100km (country road)",
      "9.7 l/100km (motorway)"
    ],
    "Energy costs for 15,000 km annual mileage": "€2,775/Year",
    "Fuel price": "€1.80/l (annual average 2024)",
    "Possible CO₂ costs over the next 10 years (15,000 km/year)": [
      "€4,439 (assuming an average CO₂ price of €127/t)",
      "€2,097 (assuming a low average CO₂ price of €60/t)",
      "€6,990 (assuming a high average CO₂ price of €200/t)"
    ],
    "Vehicle tax": "€472/Year",
    "Number of Seats": "5",
    "Door Count": "4/5",
    "Transmission": "Automatic",
    "Emission Class": "Euro6d",
    "Emissions Sticker": "4 (Green)",
    "Construction Year": "2025",
    "Number of Vehicle Owners": "0",
    "HU": "New",
    "Climatisation": "Automatic climatisation, 3 zones",
    "Parking sensors": "Self-steering systems, Rear, 360° camera, Front",
    "Airbags": "Front and Side and More Airbags",
    "Colour (Manufacturer)": "Skyscraper Grau metallic",
    "Colour": "Grey Metallic",
    "Interior Design": "Full leather, Other",
    "Cylinders": "6",
    "Energy consumption (comb.)": "10.3 l/100km",
    "CO₂ emissions (comb.)": "233 g/km"
  },
  "features": [
    "ABS",
    "Adaptive cornering lights",
    "Adaptive Cruise Control",
    "Alarm system",
    "Alloy wheels",
    "Ambient lighting",
    "Arm rest",
    "Autom. dimming interior mirror",
    "Bluetooth",
    "Cargo barrier",
    "Central locking",
    "DAB radio",
    "Digital cockpit",
    "Distance warning system",
    "Dynamic chassis control",
    "Electric seat adjustment",
    "Electric side mirror",
    "Electric tailgate",
    "Electric windows",
    "Eletric seat adjustment with memory function",
    "Emergency brake assist",
    "Emergency call system",
    "Emergency tyre repair kit",
    "ESP",
    "Fatigue warning system",
    "Folding exterior mirrors",
    "Four-wheel drive",
    "Full Service History",
    "Hands-free kit",
    "Head-up display",
    "Heated seats",
    "Heated steering wheel",
    "High beam assist",
    "Hill-start assist",
    "Immobilizer",
    "Induction charging for smartphones",
    "Integrated music streaming",
    "Isofix",
    "Keyless central locking",
    "Leather steering wheel",
    "LED headlights",
    "LED running lights",
    "Light sensor",
    "Lumbar support",
    "Multifunction steering wheel",
    "Navigation preparation",
    "Navigation system",
    "Non-smoker vehicle",
    "On-board computer",
    "Power Steering",
    "Rain sensor",
    "Rear traffic alert",
    "Roof rack",
    "Sound system",
    "Speed limit control system",
    "Sport seats",
    "Sports package",
    "Sports suspension",
    "Start-stop system",
    "Tinted windows",
    "Touchscreen",
    "Traction control",
    "Tuner/radio",
    "Tyre pressure monitoring",
    "USB port",
    "Voice control",
    "Warranty",
    "WLAN / Wi-Fi hotspot"
  ]
},
{
  "title": "BMW M3 xDrive EU6e Competition Touring ehem UPE 115.",
  "previewImage": "https://img.classistatic.de/api/v1/mo-prod/images/eb/eb1bbe84-eb61-4d8b-aae3-2a98748ce781?rule=mo-1600.jpg",
  "category": "EstateCar",
  "brand": "BMW",
  "model": "M3",
  "url": "https://suchen.mobile.de/fahrzeuge/details.html?id=432172853",
  "price.total.amount": 99500,
  "priceRating": {
    "rating": "Good price",
    "priceRanges": {
      "Very good price": {
        "start": 76001,
        "end": 98800
      },
      "Good price": {
        "start": 98801,
        "end": 106400
      },
      "Fair price": {
        "start": 106401,
        "end": 118400
      },
      "Increased price": {
        "start": 118401,
        "end": 127100
      },
      "High price": {
        "start": 127101,
        "end": 141200
      }
    }
  },
  "description": "Getriebe\nAutomatik\nTechnik\nAllrad\nBordcomputer\nSperrdifferential\nAdaptives Daempfungssystem\nStart-Stop-Automatik\nVolldigitales Kombiinstrument\nAssistenten\nMüdigkeitserkennung\nPark-Lenk-Assistent\nRegensensor\nFernlichtassistent\nLichtsensor\nNotbremsassistent\nBerganfahrassistent\nSpurwechselassistent\nAbstandsregeltempomat\nAusparkassistent\nAbstands-/Kollisionswarner\nKomfort\nKlimaautomatik\nServolenkung\nZentralverriegelung\nElektrischer Fensterheber\nLederausstattung\nSitzheizung\nElektrische Aussenspiegel\nTeilbare Ruecksitzlehne\nTempomat\nMultifunktionslenkrad\nKeyless Go Startfunktion\nElektrische Sitze\nInnenspiegel autom. abblendbar\nMittelarmlehne\nInnenraumfilter\nLenksaeule einstellbar\nSportsitze\nParkDistanceControl vorne und hinten\nElektrische Heckklappe\nKeyless Entry\nMemory Sitze\nAmbientebeleuchtung\nLordosenstütze\nLederlenkrad\nGeschwindigkeitsbegrenzungsanlage\nKlimaautomatik-2-Zonen\nKlimaautomatik-3-Zonen\nFunkfernbedienung\nSicht\nLED-Hauptscheinwerfer\nadaptives Kurvenlicht\nLED-Tagfahrlicht\n360 Grad Kamera\nHEAD-UP-Display\nLED-Rueckleuchten\nScheinwerferregulierung\nColorverglasung\nPrivacyverglasung\nSicherheit\nABS\nAirbag\nBeifahrer-Airbag\nWegfahrsperre\nSeitenairbags\nAlarmanlage\nESP\nAntriebsschlupfregelung\nReifendruckkontrolle\nTraktionskontrolle\nKopfairbag\nKnieairbag\nKindersitzbefestigung\nAnhängerstabilisierung\nNotrufsystem\nPannenkit\nEntertainment\nNavigationssystem\nSoundsystem\nRadio\nTelefonvorbereitung\nUSB-Anschluss\nMP3\nHarman-Kardon\nBluetooth\nFreisprecheinrichtung\nSprachsteuerung\nDAB\nWLAN\nTouchscreen\nInduktionsladen für Smartphones\nMusikstreaming\nNavigationsvorbereitung\nUmwelt\nAbgasnorm Euro 6D\nGrüne Umweltplakette\nQualität\nGarantie\nScheckheftgepflegt\nHUAU neu\nNichtraucherfahrzeug\nSonstiges\nKatalysator\nMetallic\nAlufelgen\nDachreling\nGepaeckraumabdeckung\nStossfaenger in Wagenfarbe\nSportpaket\nSportfahrwerk\nLenkradheizung\nFahrerprofilauswahl\nGepäckraumabtrennung\n\nInt.KnNr: 2362136\nÄnderungen, Zwischenverkauf und Irrtümer vorbehalten.\nquality by dotzilla",
  "dealerDetails": {
    "id": 453713,
    "name": "Kohl automobile GmbH",
    "sellerType": "Dealer",
    "phones": [
      "+49 (0)241 9809149082"
    ],
    "languages": [
      "Deutsch",
      "English",
      "Français"
    ],
    "country": "DE",
    "address": "Neuenhofstr. 160, DE-52078 Aachen",
    "location": {
      "latitude": 50.7653702,
      "longitude": 6.1470706
    },
    "activeSince": "2001-06-07T00:00:00.000Z",
    "homepageUrl": "https://home.mobile.de/home/redirect.html?customerId=453713",
    "iconUrl": null,
    "reviewPageUrl": "https://www.mobile.de/bewertungen/KOHL-AACHEN?lang=en",
    "score": {
      "total": 4.2,
      "responseTime": 4.3,
      "friendliness": 4.3,
      "advice": 4
    },
    "activeRatingCount": 61,
    "vehicleAsDescribedPercentage": 90,
    "recommendPercentage": 77,
    "soldVehicleCount": null,
    "reviews": []
  },
  "attributes": {
    "Vehicle condition": "New vehicle, Accident-free",
    "Category": "Estate car",
    "Vehicle Number": "2362136",
    "Availability": "Now",
    "Origin": "German edition",
    "Mileage": "1 km",
    "Cubic Capacity": "2,993 ccm",
    "Power": "330 kW (449 hp)",
    "Drive type": "Internal combustion engine",
    "Fuel": "Petrol",
    "CO₂ class": "Based on CO₂ emissions (combined)",
    "Fuel consumption": [
      "10.4 l/100km (combined)",
      "15.8 l/100km (city)",
      "10.3 l/100km (suburban)",
      "8.8 l/100km (country road)",
      "9.8 l/100km (motorway)"
    ],
    "Energy costs for 15,000 km annual mileage": "€2,802/Year",
    "Fuel price": "€1.80/l (annual average 2024)",
    "Possible CO₂ costs over the next 10 years (15,000 km/year)": [
      "€4,439 (assuming an average CO₂ price of €127/t)",
      "€2,097 (assuming a low average CO₂ price of €60/t)",
      "€6,990 (assuming a high average CO₂ price of €200/t)"
    ],
    "Vehicle tax": "€472/Year",
    "Number of Seats": "5",
    "Door Count": "4/5",
    "Transmission": "Automatic",
    "Emission Class": "Euro6d",
    "Emissions Sticker": "4 (Green)",
    "Construction Year": "2025",
    "Number of Vehicle Owners": "0",
    "HU": "New",
    "Climatisation": "Automatic climatisation, 3 zones",
    "Parking sensors": "Front, 360° camera, Rear, Self-steering systems",
    "Airbags": "Front and Side and More Airbags",
    "Colour (Manufacturer)": "Skyscraper Grau metallic",
    "Colour": "Grey Metallic",
    "Interior Design": "Full leather, Black",
    "Cylinders": "6",
    "Energy consumption (comb.)": "10.4 l/100km",
    "CO₂ emissions (comb.)": "233 g/km"
  },
  "features": [
    "ABS",
    "Adaptive cornering lights",
    "Adaptive Cruise Control",
    "Alarm system",
    "Alloy wheels",
    "Ambient lighting",
    "Arm rest",
    "Autom. dimming interior mirror",
    "Bluetooth",
    "Cargo barrier",
    "Central locking",
    "DAB radio",
    "Digital cockpit",
    "Distance warning system",
    "Dynamic chassis control",
    "Electric seat adjustment",
    "Electric side mirror",
    "Electric tailgate",
    "Electric windows",
    "Eletric seat adjustment with memory function",
    "Emergency brake assist",
    "Emergency call system",
    "Emergency tyre repair kit",
    "ESP",
    "Fatigue warning system",
    "Folding exterior mirrors",
    "Four-wheel drive",
    "Full Service History",
    "Hands-free kit",
    "Head-up display",
    "Heated seats",
    "Heated steering wheel",
    "High beam assist",
    "Hill-start assist",
    "Immobilizer",
    "Induction charging for smartphones",
    "Integrated music streaming",
    "Isofix",
    "Keyless central locking",
    "Leather steering wheel",
    "LED headlights",
    "LED running lights",
    "Light sensor",
    "Lumbar support",
    "Multifunction steering wheel",
    "Navigation preparation",
    "Navigation system",
    "Non-smoker vehicle",
    "On-board computer",
    "Power Steering",
    "Rain sensor",
    "Rear traffic alert",
    "Roof rack",
    "Sound system",
    "Speed limit control system",
    "Sport seats",
    "Sports package",
    "Sports suspension",
    "Start-stop system",
    "Tinted windows",
    "Touchscreen",
    "Traction control",
    "Tuner/radio",
    "Tyre pressure monitoring",
    "USB port",
    "Voice control",
    "Warranty",
    "WLAN / Wi-Fi hotspot"
  ]
},
{
  "title": "BMW M3 Touring xDrive Competition LEDER H/K NAVI HUD",
  "previewImage": "https://img.classistatic.de/api/v1/mo-prod/images/b9/b9d163c9-f547-4cdb-a402-4e97b637ac6c?rule=mo-1600.jpg",
  "category": "EstateCar",
  "brand": "BMW",
  "model": "M3",
  "url": "https://suchen.mobile.de/fahrzeuge/details.html?id=419653435",
  "price.total.amount": 98990,
  "priceRating": {
    "rating": "Very good price",
    "priceRanges": {
      "Very good price": {
        "start": 80401,
        "end": 103400
      },
      "Good price": {
        "start": 103401,
        "end": 111500
      },
      "Fair price": {
        "start": 111501,
        "end": 122900
      },
      "Increased price": {
        "start": 122901,
        "end": 134400
      },
      "High price": {
        "start": 134401,
        "end": 149400
      }
    }
  },
  "description": "Fahrzeug-Nr.: 182559.\nAusstattungspakete:\nInnovationspaket II.\nGarantie & Qualitätssiegel:\nWerksgarantie.\nAssistenzsysteme:\nPDC (Einparkhilfe), Speed Limit Info, Spurassistent, Spurwechselassistent, Tempomat, Auffahrwarner, Fernlichtassistent, Parkassistent, Überholverbotsanzeige, Parking Assistant, Querverkehrswarnung, Rückfahrkamera, City-/Notbremsassistent / Funktion, Müdigkeitserkennung / Aufmerksamkeitsassistent, Rückfahrassistent, AutoHold Funktion/Halteassistent, Lichtsensor, Regensensor, Fußgängererkennung, Active Guard, Driving Assistant, Einparkhilfe Seite, Einparkhilfe vorne, intelligenter Notruf, Multifunktionskamera, Speed Limit Device, TeleServices.\nLicht:\nLED Scheinwerfer, Adaptives Kurvenlicht, Adaptives - variables Lichtsystem/-Verteilung, LED (Teil)-Rückleuchten, LED Tagfahrlicht, Heimleuchtautomatik, Blinkleuchten seitlich in die Außenspiegel integriert, LED Kennzeichenleuchte.\nMedia & Infotainment:\nNavigation / Online Navigation, Harman Kardon Surround Sound System, Bluetooth Schnittstelle, DAB Tuner, Freisprecheinrichtung, USB-Schnittstelle/Anschluss, 3D-Kartendarstellung, BMW Live Cockpit Professional, Splitscreen-Funktion, APPS, Touchscreen-Display, Connected Package Professional, Radio, Audiosystem MP3-fähig, iPod®/iPhone®/Android Schnittstelle, Controller auf Mittelkonsole, Sprachsteuerung-/Bedienung, Telefonvorbereitung mit Bluetooth, Telefonie mit Wireless Charging, BMW Connected, BMW Online / Vorbereitung, ConnectedDrive Services.\nSicherheit & Technik:\nM Drive, adaptives M-Fahrwerk, Dynamic Stability Control (DSC), Dynamische Traktions Control (DTC), Sportdifferenzial, Cornering Brake Control, Beifahrerairbag, Beifahrerairbag-Deaktivierung, Fahrerairbag, Knieairbag, Kopfairbags hinten, Kopfairbagsystem, Seitenairbags vorn, Alarmanlage, Antiblockiersystem (ABS), Bremsassistent (BAS), Fahrzeugfront mit Fußgängerschutz, Gespannstabilisierung, Gurtanlegekontrolle, Gurtkraftbegrenzer, M Drive Professional, M Traction Control, Seitenaufprallschutz, Sicherheitsgurte mit Gurtstraffern, Wegfahrsperre.\nKomfort & Klima:\nHead-Up Display, Sitzheizung, Klimaautomatik, Innen-/Aussenspiegel automatisch abblendend, Komfortzugang / Keyless Entry, elektrische Sitzverstellung Fahrer/Beifahrer mit Fahrermemory, Spiegel elektrisch klappbar, Telematik/Notrufsystem (Vorbereitung), Außenspiegel mit Beifahrerspiegelabsenkung, Bordcomputer, elektrische Parkbremse, Komfortblinker (1xAntippen = 3xBlinken), Service-Intervall-Anzeige, Lordose / Lendenwirbelstütze, elektr. Spiegel beheizt, elektrische Fensterheber, ISOFIX Kindersitzbefestigung, Zentralverriegelung mit Fernbedienung, (3-Zonen Klimaautomatik), 12V Steckdose, abgedunkelte Scheibe(n), ATA / Aussentemperaturanzeige, BMW Digital Key, Center Lock Schalter, Colorglas, Heckfenster separat zu öffnen, Heckscheibenwischer, Luftgütesensor, Mittelarmlehne, schlüsselloser Motorstart, Servolenkung, Sportsitz(e), teilbare Rücksitzbank/-Lehne, Top Tether, verstellbare Oberschenkelauflage.\nReifen & Felgen:\n19/20 Zoll Alufelgen, Pannenset, Reifendruck-Kontrolle.\nExterieur & Design:\nDachreling, Außenspiegelpaket, Shadow Line, Bremssättel rot, Compoundbremsscheiben innenbelüftet, Laptimer, M Drift Analyser, M Drivers Package.\nInterieur & Design:\nLenkradheizung, Multifunktionslenkrad, Dachhimmel anthrazit, Alcantara Lenkrad, virtuelle Instrumente, M Fahrerfußstütze, Schaltwippen am Lenkrad, Widescreen Display, Ambientebeleuchtung, Applikationen Innenraum in Carbon, Bedienelemente am Lenkrad, Einstiegsleisten mit M-Schriftzug, Getränkehalter, Lenkradverstellung, M Sicherheitsgurte.\nGepäck- / Ladehilfen:\nautomatische Heckklappe-/Deckel, Fernentriegelung für Gepäckraumklappe, Ablagenpaket, Durchladesystem/-funktion, Gepäcknetz(e), Ladekantenschutz, Laderaumabdeckung.\nUmwelt & Laden:\nBremsenergie-Rückgewinnung, E10 geeignet, EURO 6e, Katalysator, Ottopartikelfilter, Start/Stopp Automatic, Umweltplakette 4.\nGetriebe:\nDKG Drivelogic.\nWeitere Informationen:\nFacelift, M xDrive, Scheckheft.\nRadschraubensicherung, Dach und Spiegelkappen schwarz, Personal es im, Blow by-Heizer, Galvanikapplikation fuer bedien eleme, COC Zusatzumfaenge, Steuerung F AS 18, Steuerung D\nWir nehmen Ihr Fahrzeug in Zahlung. Jedes Modell, jedes Alter.\n\nDie genauen Verbrauchswerte erfragen Sie bitte bei unserem Verkaufspersonal\nIhren Ansprechpartner für dieses Fahrzeug erreichen Sie unter Tel.: 030-7900950\nZwischenverkauf und Irrtümer vorbehalten. Die Fahrzeugbeschreibung dient ausschließlich der allgemeinen Identifikation des Fahrzeugs und stellt keine rechtsverbindliche Gewährleistung dar. Verbindlich sind nur die Vereinbarungen im Kaufvertrag und der Auftragsbestätigung. Bitte beachten Sie, dass bestimmte Sonderausstattungen zusätzliche Kosten verursachen können. Detaillierte Informationen zum Ausstattungsumfang erhalten Sie von unserem Verkaufspersonal.",
  "dealerDetails": {
    "id": 453658,
    "name": "Riller & Schnauck GmbH, BMW und MINI Vertragshändler",
    "sellerType": "Dealer",
    "phones": [
      "+49 (0)30 9210612070"
    ],
    "languages": [
      "Deutsch",
      "English",
      "Français",
      "Polski",
      "Türkçe"
    ],
    "country": "DE",
    "address": "Hindenburgdamm 68, DE-12203 Berlin",
    "location": {
      "latitude": 52.45081,
      "longitude": 13.3128977
    },
    "activeSince": "2004-09-15T00:00:00.000Z",
    "homepageUrl": "https://home.mobile.de/home/redirect.html?customerId=453658",
    "iconUrl": null,
    "reviewPageUrl": "https://www.mobile.de/bewertungen/RILLER-SCHNAUCK-GROUP?lang=en",
    "score": {
      "total": 4.5,
      "responseTime": 4.6,
      "friendliness": 4.7,
      "advice": 4.3
    },
    "activeRatingCount": 21,
    "vehicleAsDescribedPercentage": 88,
    "recommendPercentage": 93,
    "soldVehicleCount": null,
    "reviews": []
  },
  "attributes": {
    "Vehicle condition": "New vehicle",
    "Category": "Estate car",
    "Trim line": "Innovation",
    "Vehicle Number": "2388464",
    "Availability": "Now",
    "Origin": "German edition",
    "Mileage": "5 km",
    "Cubic Capacity": "2,993 ccm",
    "Power": "390 kW (530 hp)",
    "Drive type": "Internal combustion engine",
    "Fuel": "Petrol, E10-enabled",
    "CO₂ class": "Based on CO₂ emissions (combined)",
    "Fuel consumption": [
      "10.4 l/100km (combined)",
      "15.8 l/100km (city)",
      "10.3 l/100km (suburban)",
      "8.8 l/100km (country road)",
      "9.8 l/100km (motorway)"
    ],
    "Energy costs for 15,000 km annual mileage": "€2,886/Year",
    "Fuel price": "€1.85/l (annual average 2023)",
    "Possible CO₂ costs over the next 10 years (15,000 km/year)": [
      "€4,054 (assuming an average CO₂ price of €115/t)",
      "€1,763 (assuming a low average CO₂ price of €50/t)",
      "€6,698 (assuming a high average CO₂ price of €190/t)"
    ],
    "Vehicle tax": "€480/Year",
    "Number of Seats": "5",
    "Door Count": "4/5",
    "Transmission": "Automatic",
    "Emission Class": "Euro 6e",
    "Emissions Sticker": "4 (Green)",
    "Climatisation": "Automatic climatisation, 3 zones",
    "Parking sensors": "Front, Camera, Rear, Self-steering systems",
    "Airbags": "Front and Side and More Airbags",
    "Colour (Manufacturer)": "isle of man grün",
    "Colour": "Green Metallic",
    "Interior Design": "Full leather, Black",
    "Weight": "1,940 kg",
    "Cylinders": "6",
    "Tank capacity": "59 l",
    "Energy consumption (comb.)": "10.4 l/100km",
    "CO₂ emissions (comb.)": "235 g/km"
  },
  "features": [
    "ABS",
    "Adaptive cornering lights",
    "Alarm system",
    "Alloy wheels",
    "Ambient lighting",
    "Arm rest",
    "Autom. dimming interior mirror",
    "Blind spot assist",
    "Bluetooth",
    "Central locking",
    "Cruise control",
    "DAB radio",
    "Digital cockpit",
    "Distance warning system",
    "Dynamic chassis control",
    "Electric seat adjustment",
    "Electric side mirror",
    "Electric tailgate",
    "Electric windows",
    "Eletric seat adjustment with memory function",
    "Emergency brake assist",
    "Emergency call system",
    "Emergency tyre repair kit",
    "ESP",
    "Fatigue warning system",
    "Folding exterior mirrors",
    "Four-wheel drive",
    "Full Service History",
    "Glare-free high beam headlights",
    "Hands-free kit",
    "Head-up display",
    "Heated seats",
    "Heated steering wheel",
    "High beam assist",
    "Hill-start assist",
    "Immobilizer",
    "Induction charging for smartphones",
    "Integrated music streaming",
    "Isofix",
    "Keyless central locking",
    "Lane change assist",
    "LED headlights",
    "LED running lights",
    "Light sensor",
    "Lumbar support",
    "Multifunction steering wheel",
    "Navigation system",
    "On-board computer",
    "Paddle shifters",
    "Particulate filter",
    "Power Steering",
    "Rain sensor",
    "Roof rack",
    "Sound system",
    "Speed limit control system",
    "Sport seats",
    "Sports suspension",
    "Start-stop system",
    "Tinted windows",
    "Touchscreen",
    "Traction control",
    "Traffic sign recognition",
    "Tuner/radio",
    "Tyre pressure monitoring",
    "USB port",
    "Voice control",
    "Warranty"
  ]
},
{
  "title": "BMW M3 Competition M xDrive Head-Up DAB LED RFK",
  "previewImage": "https://img.classistatic.de/api/v1/mo-prod/images/ae/aef0e29f-2eb7-4988-87d1-f12f45a45e8e?rule=mo-1600.jpg",
  "category": "EstateCar",
  "brand": "BMW",
  "model": "M3",
  "url": "https://suchen.mobile.de/fahrzeuge/details.html?id=431779055",
  "price.total.amount": 98940,
  "priceRating": {
    "rating": "Very good price",
    "priceRanges": {
      "Very good price": {
        "start": 76901,
        "end": 100000
      },
      "Good price": {
        "start": 100001,
        "end": 107700
      },
      "Fair price": {
        "start": 107701,
        "end": 119800
      },
      "Increased price": {
        "start": 119801,
        "end": 128600
      },
      "High price": {
        "start": 128601,
        "end": 142900
      }
    }
  },
  "description": "Finanzierung oder Leasing? Wir beraten Sie gern!\nProfitieren Sie von unseren attraktiven Finanzierungs- und Leasingkonditionen – individuell auf Ihre Wünsche abgestimmt und kompetent umgesetzt in Zusammenarbeit mit der BMW Bank GmbH.\nBesuchen Sie auch unsere Website www.ehrl-gruppe.de und entdecken Sie viele weitere topaktuelle Angebote, exklusive Aktionen und detaillierte Informationen rund um unsere Fahrzeuge. Es lohnt sich!\nWichtiger Hinweis\nWir legen größten Wert auf die sorgfältige und präzise Eingabe unserer Fahrzeugdaten. Dennoch können Fehler in der Datenübermittlung oder Eingabe nie vollständig ausgeschlossen werden. Daher sind alle Angaben in unseren Inseraten als unverbindliche Beschreibungen zu verstehen und stellen keine zugesicherten Eigenschaften im rechtlichen Sinne dar. Irrtümer, Übertragungsfehler sowie ein möglicher Zwischenverkauf bleiben vorbehalten. Um sicherzustellen, dass Ihr Wunschfahrzeug verfügbar ist, bitten wir Sie, vor einer Besichtigung einen Termin mit uns zu vereinbaren.\n\nBei der Erstellung des Neu- oder Vorführwagen-Inserates achten Sie bitte immer darauf, dass Sie im Feld „Sonstige Ausstattungsmerkmale“ folgenden Text einfügen:\nUnverbindliche Preisempfehlung (UPE) d. Herstellers: 116.370,00 €\nAktionspreis zzgl. 1.020,00 € Bereitstellungspaket Zusätzliche Sonderkonditionen sind möglich für:\nfür Gewerbekunden zusätzliche Konditionen möglich\nFlottenkonditionen möglich ab min. 5 Fahrzeugen im Fuhrpark\nEinkaufsverbände (Maschinenringe, EDE, DMB, BAMAKA, BVMW)\nInhaber von Schwerbehindertenausweisen (ab 50%) bzw. deren Familienmitgliedern 1. Grades (bei Neuwagen)\nInhaber von einem gültigen Journalistenausweis (bei Neuwagen)\nWichtiger Hinweis:\nBitte erfragen Sie vor Besichtigung den Standort des Fahrzeuges.\nIrrtümer, Änderungen und Zwischenverkauf vorbehalten.\n\nGern unterbreiten wir Ihnen auch ein interessantes Finanzierungsangebot. Besuchen Sie unsere Internetseite www.ehrl-gruppe.de und lassen Sie sich von weiteren unschlagbaren Angeboten überraschen.\nSonstiges\nDifferenzialsperre\nElektrisch verstellbare Spiegel\nInduktionsladen für Smartphones\nKlimaautomatik 3 Zonen\nNotrufsystem\nReifendruckkontrollsystem\n\nAntrieb, Fahrwerk\nAllrad\nSportfahrwerk\n\nAußenausstattung\nDachreling Hochglanz Shadow-Line\nHeckklappenbetätigung automatisch\nLM-Felgen\nSonnenschutzverglasung (hinten abgedunkelt)\n\nExterieur\nDachreling\nElektrische Gepäckraumklappe\n\nFahrerassistenz\nHead-Up Display\nRückfahrkamera\n\nKomfort, Innenausstattung\nAmbiente-Beleuchtung\nAußenspiegel elektr. anklappbar\nBMW Live Cockpit Professional\nDurchladeeinrichtung (Mittelarmlehne hinten)\nDurchladesystem\nEinparkhilfe selbstlenkendes System\nFahrassistenz-System: Einparkhilfe Seite\nFahrassistenz-System: Park-Assistent\nFensterheber elektrisch vorn + hinten\nFensterheber, elektrisch\nFreisprecheinrichtung Bluetooth mit USB-/Audio-Schnittstelle\nGepäckraum-Abtrennung (Netz)\nGeschwindigkeits-Regelanlage mit Bremsfunktion\nHead-up-Display Full Color\nInduktionsladeschale für Smartphone (Wireless Charging)\nInnenspiegel mit Abblendautomatik\nIsofix-Aufnahmen für Kindersitz\nKlimaanlage\nKlimaautomatic\nKlimaautomatik 3-Zonen mit autom. Umluft-Control\nLeder\nLederlenkrad\nLordose\nMultifunktionslenkrad\nSitzheizung\nSitzverstellung, elektrisch fuer Fahrer und Beifahrer\nSportsitze\nTempomat\nZentralverriegelung\n\nMultimedia\nBluetooth\nDAB Tuner\nFreisprecheinrichtung\nNavigationssystem\nRadio\nSurround-Sound-System\nTelefon\nUSB Schnittstelle\n\nRäder\nAlufelgen\n\nSitzbezug\nLeder\n\nUmwelt, Sicherheit\nABS\nAirbag Fahrer/Beifahrer\nAlarmanlage\nAuto Start/Stop Funktion \nBeifahrerairbag\nBeifahrerairbag-Deaktivierung\nDiebstahlwarnanlage\nESP\nFahrerairbag\nInnenspiegel, automatisch abblendend\nKindersitzbefestigung ISOFIX\nKopfairbag\nLED-Scheinwerfer\nLichtsensor\nNotbremsassistent\nPASM\nRegensensor\nReifen Druck Control (RDC)\nSeitenairbag\nTraction Control\n\nLeasingbeispiel\n\nMtl. Leasingrate: 1.193,61 EUR inkl. MwSt.\nAnschaffungspreis 89.046,00 EUR\nSonderzahlung: 9.894,00 EUR\nLaufleistung p.a. 10.000km\nLaufzeit 36 Monate\nSollzinssatz p.a.: 5,99% (gebunden für die gesamte Vertragslaufzeit)\nEffektiver Jahreszins 6,16%\nGesamtbetrag 52.863,81 EUR\nEin unverbindliches Leasingbeispiel der BMW Bank GmbH - Lilienthalallee 26 - 80939 München.\n\n\n\nWichtiger Hinweis\n\nWir legen größten Wert auf die sorgfältige und präzise Eingabe unserer Fahrzeugdaten. Dennoch können Fehler in der Datenübermittlung oder Eingabe nie vollständig ausgeschlossen werden. Daher sind alle Angaben in unseren Inseraten als unverbindliche Beschreibungen zu verstehen und stellen keine zugesicherten Eigenschaften im rechtlichen Sinne dar. Irrtümer, Übertragungsfehler sowie ein möglicher Zwischenverkauf bleiben vorbehalten. Um sicherzustellen, dass Ihr Wunschfahrzeug verfügbar ist, bitten wir Sie, vor einer Besichtigung einen Termin mit uns zu vereinbaren.\n\n\n\nFinanzierung oder Leasing? Wir beraten Sie gern!\n\n\n\nBesuchen Sie auch unsere Website www.ehrl-gruppe.de und entdecken Sie viele weitere topaktuelle Angebote, exklusive Aktionen und detaillierte Informationen rund um unsere Fahr",
  "dealerDetails": {
    "id": 6454026,
    "name": "Autohaus Ehrl GmbH Dessau BMW Vertragshändler",
    "sellerType": "Dealer",
    "phones": [
      "+49 (0)340 5309528283"
    ],
    "languages": [
      "Deutsch",
      "English"
    ],
    "country": "DE",
    "address": "Zunftstraße 12, DE-06847 Dessau",
    "location": {
      "latitude": 51.81697029999999,
      "longitude": 12.2186556
    },
    "activeSince": "2011-09-07T00:00:00.000Z",
    "homepageUrl": "https://home.mobile.de/home/redirect.html?customerId=6454026",
    "iconUrl": null,
    "reviewPageUrl": "https://www.mobile.de/bewertungen/AUTOHAUSEHRLGMBHDESSAU?lang=en",
    "score": {
      "total": 4.4,
      "responseTime": 4.4,
      "friendliness": 4.5,
      "advice": 4.2
    },
    "activeRatingCount": 20,
    "vehicleAsDescribedPercentage": 94,
    "recommendPercentage": 88,
    "soldVehicleCount": null,
    "reviews": []
  },
  "attributes": {
    "Vehicle condition": "New vehicle, Accident-free",
    "Category": "Estate car",
    "Model range": "G81",
    "Trim line": "M xDrive Head-Up DAB LED RFK",
    "Vehicle Number": "B32047089373",
    "Availability": "Now",
    "Origin": "German edition",
    "Mileage": "0 km",
    "Cubic Capacity": "2,993 ccm",
    "Power": "390 kW (530 hp)",
    "Drive type": "Internal combustion engine",
    "Fuel": "Petrol, E10-enabled",
    "CO₂ class": "Based on CO₂ emissions (combined)",
    "Fuel consumption": [
      "10.4 l/100km (combined)",
      "15.8 l/100km (city)",
      "10.3 l/100km (suburban)",
      "8.8 l/100km (country road)",
      "9.8 l/100km (motorway)"
    ],
    "Energy costs for 15,000 km annual mileage": "€2,802/Year",
    "Fuel price": "€1.80/l (annual average 2024)",
    "Possible CO₂ costs over the next 10 years (15,000 km/year)": [
      "€4,477 (assuming an average CO₂ price of €127/t)",
      "€2,115 (assuming a low average CO₂ price of €60/t)",
      "€7,050 (assuming a high average CO₂ price of €200/t)"
    ],
    "Vehicle tax": "€480/Year",
    "Number of Seats": "5",
    "Door Count": "4/5",
    "Transmission": "Automatic",
    "Emission Class": "Euro6",
    "Emissions Sticker": "4 (Green)",
    "Construction Year": "2025",
    "Number of Vehicle Owners": "0",
    "HU": "New",
    "Climatisation": "Automatic climatisation, 3 zones",
    "Parking sensors": "Rear, Front, Camera, Self-steering systems",
    "Airbags": "Front and Side and More Airbags",
    "Colour (Manufacturer)": "Skyscraper Grau metallic",
    "Colour": "Grey",
    "Interior Design": "Full leather, Black",
    "Weight": "1,940 kg",
    "Cylinders": "6",
    "Tank capacity": "59 l",
    "Energy consumption (comb.)": "10.4 l/100km",
    "CO₂ emissions (comb.)": "235 g/km"
  },
  "features": [
    "ABS",
    "Alarm system",
    "Alloy wheels",
    "Ambient lighting",
    "Arm rest",
    "Autom. dimming interior mirror",
    "Bluetooth",
    "Cargo barrier",
    "Central locking",
    "Cruise control",
    "DAB radio",
    "Digital cockpit",
    "Distance warning system",
    "Dynamic chassis control",
    "Electric seat adjustment",
    "Electric side mirror",
    "Electric tailgate",
    "Electric windows",
    "Emergency brake assist",
    "Emergency call system",
    "ESP",
    "Four-wheel drive",
    "Hands-free kit",
    "Head-up display",
    "Heated seats",
    "Hill-start assist",
    "Immobilizer",
    "Induction charging for smartphones",
    "Isofix",
    "Keyless central locking",
    "Lane change assist",
    "Leather steering wheel",
    "LED headlights",
    "LED running lights",
    "Light sensor",
    "Lumbar support",
    "Multifunction steering wheel",
    "Navigation system",
    "On-board computer",
    "Particulate filter",
    "Power Steering",
    "Rain sensor",
    "Roof rack",
    "Sound system",
    "Speed limit control system",
    "Sport seats",
    "Sports suspension",
    "Start-stop system",
    "Tinted windows",
    "Touchscreen",
    "Traction control",
    "Traffic sign recognition",
    "Tuner/radio",
    "Tyre pressure monitoring",
    "USB port",
    "Voice control",
    "Warranty"
  ]
},
{
  "title": "BMW M3 Competition Touring G81",
  "previewImage": "https://img.classistatic.de/api/v1/mo-prod/images/73/73b9b409-8091-472c-aa25-01db56c6f054?rule=mo-1600.jpg",
  "category": "EstateCar",
  "brand": "BMW",
  "model": "M3",
  "url": "https://suchen.mobile.de/fahrzeuge/details.html?id=434209433",
  "price.total.amount": 98950,
  "priceRating": {
    "rating": "Increased price",
    "priceRanges": {
      "Very good price": {
        "start": 59601,
        "end": 77500
      },
      "Good price": {
        "start": 77501,
        "end": 83500
      },
      "Fair price": {
        "start": 83501,
        "end": 92900
      },
      "Increased price": {
        "start": 92901,
        "end": 99700
      },
      "High price": {
        "start": 99701,
        "end": 110800
      }
    }
  },
  "description": "Zum Verkauf: BMW M3 G81 Touring\n\nLeider muss ich aus zeitlichen Gründen Abstand von diesem tollen Wagen nehmen. Der M3 G81 Touring kombiniert Leistung und Funktionalität auf beeindruckende Weise und bietet ein unvergleichliches Fahrerlebnis.\n\nFahrzeugdetails:\n- Lackierung: BMW Individual Portimao Frozen Blau\n(komplett mit Lackschutzfolie foliert)\n- Zustand: Gebrauchtfahrzeug, unfallfrei\n- Hubraum: 2993 cm\n- Anzahl der Türen: 4/5\n- Sitzplätze: 5\n- Umweltplakette: Grün\n- Fahrzeughalter: 1\n- HU: 10/2026\n- Innenausstattung: Rot/Schwarz\n- KM-Stand: 21.000 km\n\nAusstattung:\n- Airbags: Front-, Seiten- und weitere\n- Tagfahrlicht\n- Adaptives Kurvenlicht\n- Pannenkit\n- ABS, Abstandswarner, Alarmanlage\n- Allradantrieb, Ambiente-Beleuchtung\n- Android Auto, Apple CarPlay\n- Berganfahrassistent, Bluetooth\n- Bordcomputer, Dachreling\n- Elektr. Fensterheber, Heckklappe, Sitzeinstellung\n- Fernlichtassistent, Freisprecheinrichtung\n- Navigationssystem, Nichtraucher-Fahrzeug\n- Sportsitze, Sitzheizung, Sitzbelüftung\n- Volldigitales Kombiinstrument, Touchscreen\n- Weitere Ausstattungsmerkmale: Isofix, Lichtsensor, Lordosenstütze, und viele mehr.\n\nZustand:\nDer Wagen wurde ausschließlich bei gutem Wetter bewegt, überwiegend in der Garage abgestellt und regelmäßig warmgefahren. Er hat keine Rennstrecke gesehen und wurde auch nie zum Driften genutzt.\n\nUmbauten:\nAlle Umbauten wurden gemäß den geltenden Richtlinien durchgeführt und sind lückenlos dokumentiert, um Transparenz und Nachverfolgbarkeit zu gewährleisten.\n\nVerkauf:\nDas Fahrzeug wird mit einer frischen Inspektion von BMW übergeben.\n\n\nWenn Sie Interesse haben oder Fragen zu dem Fahrzeug stellen möchten, stehe ich Ihnen gerne zur Verfügung.\n\nViele Grüße!\n\nPrivatanbieter\n\nM. Maron\nDortmund",
  "dealerDetails": {
    "sellerType": "Private Seller",
    "country": "DE",
    "address": "DE-44329 Grevel",
    "location": {
      "latitude": 51.56261,
      "longitude": 7.53786
    },
    "iconUrl": null,
    "reviewPageUrl": null,
    "score": null,
    "activeRatingCount": null,
    "vehicleAsDescribedPercentage": null,
    "recommendPercentage": null,
    "soldVehicleCount": null,
    "reviews": []
  },
  "attributes": {
    "Vehicle condition": "Used vehicle",
    "Category": "Estate car",
    "Mileage": "21,000 km",
    "Power": "375 kW (510 hp)",
    "Drive type": "Internal combustion engine",
    "Fuel": "Petrol",
    "Transmission": "Automatic",
    "First Registration": "10/2023",
    "HU": "10/2026",
    "Climatisation": "A/C (man.)",
    "Parking sensors": "Rear",
    "Colour (Manufacturer)": "BLUE"
  },
  "features": [
    "ABS",
    "Alloy wheels",
    "Bluetooth",
    "Cruise control",
    "Full Service History",
    "Hands-free kit",
    "Heated seats",
    "Navigation system",
    "Tuner/radio"
  ]
},
{
  "title": "BMW M3 Touring xDrive Competition **NEUZUSTAND**",
  "previewImage": "https://img.classistatic.de/api/v1/mo-prod/images/98/982b0eb1-f869-4251-9f43-adb14a4cc279?rule=mo-1600.jpg",
  "category": "EstateCar",
  "brand": "BMW",
  "model": "M3",
  "url": "https://suchen.mobile.de/fahrzeuge/details.html?id=409506458",
  "price.total.amount": 99480,
  "priceRating": {
    "rating": "Fair price",
    "priceRanges": {
      "Very good price": {
        "start": 69601,
        "end": 90500
      },
      "Good price": {
        "start": 90501,
        "end": 97400
      },
      "Fair price": {
        "start": 97401,
        "end": 108300
      },
      "Increased price": {
        "start": 108301,
        "end": 116300
      },
      "High price": {
        "start": 116301,
        "end": 129200
      }
    }
  },
  "description": "IHR NEUER BMW:\n• SEHR SCHÖNER M3 Competition Touring in NEUZUSTAND\n• DEUTSCHES FAHRZEUG / DEUTSCHE ERSTZULASSUNG\n• UNFALLFREI\n• BMW WERKSGARANTIE bis 10.2027\n• NICHTRAUCHER-FAHRZEUG\n• TOP AUSSTATTUNG:\n\nPAKETE:\n• M Driver`s Package\n• SERVICE INKLUSIVE PAKET bis 03.10.2029 / 60.000 KM\n• CONNECTED PACKAGE PROFESSIONAL\n• Gepäckraumpaket\n• Ablagenpaket \n• Innovationspaket\n\nDESIGN Exterieur & Interieur:\n• Farbe: saphirschwarz metallic \n• VOLLLEDER MERINO Feinnarbe schwarz/schwarz \n• M LMR Doppelspeiche 826 - 19/20 Zoll \n• BMW Individual Hochglanz Shadow Line mit erw. Umfängen\n• Dachreling Hochglanz Shadowline Individual \n• Dach u. Spiegelkappen in schwarz\n• Sonnenschutzverglasung - dunkle Heckfenster \n• M Leuchten Shadow Line\n• Interieuroberfläche Piano Black \n• Galvanikapplikation für Bedienelemente\n• M-Sicherheitsgurte \n• Dachhimmel anthrazit - Individual\n\nHIGHLIGHTS:\n• M Drive Professional\n• BMW Laserlicht \n• Driving Assistant Professional\n• Aktive Geschwindigkeitsregelung Stop&Go \n• Spurwechselwarnung (Totwinkel)\n• Spurverlassenswarnung \n• Parking Assistant Plus mit Surround View 360°\n• Rückfahrkamera \n• Sitzverstellung elektrisch mit Memoryfunktion\n• M-Sportsitze \n• Aktive Sitzbelüftung vorne\n• Sitzheizung \n• Lenkradheizung\n• Komfortzugang \n• Diebstahlwarnanlage\n• Außenspiegel elektrisch anklappbar \n• Akustikverglasung\n\nMULTIMEDIA:\n• BMW Live Cockpit Professional \n• HEAD UP DISPLAY\n• DAB-Tuner \n• Smartphone Integration Apple CarPlay & Android Auto / Vorbereitung\n• Harman Kardon Surround Sound System \n• BMW Drive Recorder\n• Telefonie mit Wireless Charging \n• WLAN Hotspot\n• BMW ConnectedDrive Services \n• Real Time Traffic Information\n\nWeitere Ausstattung:\n• Adaptives M-Fahrwerk \n• M Sportdifferenzial\n• Klimaautomatik mit 3-Zonenregelung \n• Automatische Heckklappenbetätigung\n• Lordosenstütze \n• Fernlichtassistent\n• Speed Limit Info \n• Regensensor und autom. Fahrlichtsteuerung\n• Innenspiegel automatisch abblendend \n• Deaktivierung Beifahrerairbag\n• Fondkopfstützen klappbar \n\nUnsere Leistungen:\n☑️ Wir unterbreiten Ihnen gerne ein individuelles Finanzierungsangebot. Bestimmen Sie dabei selbst Ihre Laufzeit oder Ihre Wunschrate.\n☑️ Zulassungsservice bundesweit.\n☑️ Gerne nehmen wir auch Ihr gebrauchtes Fahrzeug in Zahlung.\n☑️ Kompetente Betreuung auch nach dem Kauf.\n☑️ Bundesweite Anlieferung auf Anfrage möglich.\n☑️ Winter-Komplettradsätze und Zubehör-Nachrüstungen zu attraktiven Preisen.\n\n☑️ Für eine Besichtigung oder Probefahrt kontaktieren Sie bitte unser Verkaufsteam unter 0651-20 90 280.\n☑️ Per WhatsApp erreichen Sie uns unter 0173-3570384.\n☑️ Weitere interessante Angebote und Informationen finden Sie unter www.orth.de - Wir freuen uns auf Ihren Besuch!\n☑️ AUTO ORTH – Est. 1928 – seit 1952 Ihr kompetenter und zuverlässiger Partner für BMWs in Trier am Verteilerring\n☑️ BMW + MINI Service - Autorisierte Vertragswerkstatt\n\nDiese Verkaufsanzeige stellt kein Angebot im Sinne des §145 BGB dar. Vielmehr handelt es sich um Informationen zur Vertragsanbahnung. Die hier gemachten Angaben sind ohne Gewähr, stellen somit keine zugesicherten Eigenschaften und keinen Rechtsanspruch dar. Demzufolge weisen wir darauf hin, dass die gemachten Angaben in den Inseraten unverbindlich und vor Ort zu überprüfen sowie anzuzeigen sind. Keine Haftung für Druck und Schreibfehler, Irrtümer und Zwischenverkauf vorbehalten. Bilder können Beispielbilder sein.",
  "dealerDetails": {
    "id": 478571,
    "name": "Henning Orth Automobile GmbH & Co. KG",
    "sellerType": "Dealer",
    "phones": [
      "+49 (0)651 6034453192"
    ],
    "languages": [
      "Deutsch",
      "Pусский",
      "English",
      "Français",
      "Polski"
    ],
    "country": "DE",
    "address": "Herzogenbuscher Str. 91, DE-54292 Trier",
    "location": {
      "latitude": 49.7709189,
      "longitude": 6.6646036
    },
    "activeSince": "2006-06-01T00:00:00.000Z",
    "homepageUrl": "https://home.mobile.de/home/redirect.html?customerId=478571",
    "iconUrl": "https://img.classistatic.de/api/v1/mo-prod/images/fe/fe10d33f-c2d1-4939-b60b-3ed67e9f2ef1?rule=mo-640.jpg",
    "reviewPageUrl": "https://www.mobile.de/bewertungen/ORTH-AUTO?lang=en",
    "score": {
      "total": 4.7,
      "responseTime": 4.8,
      "friendliness": 4.8,
      "advice": 4.6
    },
    "activeRatingCount": 28,
    "vehicleAsDescribedPercentage": 92,
    "recommendPercentage": 95,
    "soldVehicleCount": null,
    "reviews": []
  },
  "attributes": {
    "Vehicle condition": "Used vehicle, Accident-free",
    "Category": "Estate car, Demonstration Vehicle",
    "Model range": "G81",
    "Origin": "German edition",
    "Mileage": "20 km",
    "Cubic Capacity": "2,993 ccm",
    "Power": "375 kW (510 hp)",
    "Drive type": "Internal combustion engine",
    "Fuel": "Petrol",
    "CO₂ class": "Based on CO₂ emissions (combined)",
    "Fuel consumption": [
      "10.4 l/100km (combined)",
      "15.8 l/100km (city)",
      "10.3 l/100km (suburban)",
      "8.8 l/100km (country road)",
      "9.8 l/100km (motorway)"
    ],
    "Energy costs for 15,000 km annual mileage": "€2,886/Year",
    "Fuel price": "€1.85/l (annual average 2023)",
    "Possible CO₂ costs over the next 10 years (15,000 km/year)": [
      "€4,036 (assuming an average CO₂ price of €115/t)",
      "€1,930 (assuming a low average CO₂ price of €55/t)",
      "€6,669 (assuming a high average CO₂ price of €190/t)"
    ],
    "Vehicle tax": "€476/Year",
    "Number of Seats": "5",
    "Door Count": "4/5",
    "Transmission": "Automatic",
    "Emission Class": "Euro6d",
    "Emissions Sticker": "4 (Green)",
    "First Registration": "10/2024",
    "Number of Vehicle Owners": "1",
    "HU": "10/2027",
    "Climatisation": "Automatic climatisation, 3 zones",
    "Parking sensors": "Rear, Front, Self-steering systems, 360° camera",
    "Airbags": "Front and Side and More Airbags",
    "Colour (Manufacturer)": "SAPHIRSCHWARZ",
    "Colour": "Black Metallic",
    "Interior Design": "Full leather, Black",
    "Cylinders": "6",
    "Energy consumption (comb.)": "10.4 l/100km",
    "CO₂ emissions (comb.)": "234 g/km"
  },
  "features": [
    "ABS",
    "Adaptive cornering lights",
    "Adaptive Cruise Control",
    "Alarm system",
    "Alloy wheels",
    "Ambient lighting",
    "Android Auto",
    "Apple CarPlay",
    "Arm rest",
    "Autom. dimming interior mirror",
    "Blind spot assist",
    "Bluetooth",
    "Cargo barrier",
    "Central locking",
    "DAB radio",
    "Digital cockpit",
    "Distance warning system",
    "Dynamic chassis control",
    "Electric seat adjustment",
    "Electric side mirror",
    "Electric tailgate",
    "Electric windows",
    "Eletric seat adjustment with memory function",
    "Emergency brake assist",
    "Emergency call system",
    "ESP",
    "Fatigue warning system",
    "Folding exterior mirrors",
    "Four-wheel drive",
    "Full Service History",
    "Glare-free high beam headlights",
    "Hands-free kit",
    "Head-up display",
    "Heated seats",
    "Heated steering wheel",
    "High beam assist",
    "Hill-start assist",
    "Immobilizer",
    "Induction charging for smartphones",
    "Integrated music streaming",
    "Isofix",
    "Keyless central locking",
    "Lane change assist",
    "Laser headlights",
    "Leather steering wheel",
    "LED running lights",
    "Light sensor",
    "Lumbar support",
    "Multifunction steering wheel",
    "Navigation system",
    "Non-smoker vehicle",
    "On-board computer",
    "Paddle shifters",
    "Particulate filter",
    "Power Steering",
    "Rain sensor",
    "Roof rack",
    "Seat ventilation",
    "Sound system",
    "Speed limit control system",
    "Sport seats",
    "Sports package",
    "Sports suspension",
    "Start-stop system",
    "Summer tyres",
    "Tinted windows",
    "Touchscreen",
    "Traction control",
    "Traffic sign recognition",
    "Tuner/radio",
    "Tyre pressure monitoring",
    "USB port",
    "Voice control",
    "Warranty",
    "Winter package",
    "WLAN / Wi-Fi hotspot"
  ]
},
{
  "title": "BMW M3 xDrive M EU6e Competition Touring ehem UPE 11",
  "previewImage": "https://img.classistatic.de/api/v1/mo-prod/images/eb/eb1bbe84-eb61-4d8b-aae3-2a98748ce781?rule=mo-1600.jpg",
  "category": "EstateCar",
  "brand": "BMW",
  "model": "M3",
  "url": "https://suchen.mobile.de/fahrzeuge/details.html?id=432186014",
  "price.total.amount": 99500,
  "priceRating": {
    "rating": "Very good price",
    "priceRanges": {
      "Very good price": {
        "start": 77701,
        "end": 101000
      },
      "Good price": {
        "start": 101001,
        "end": 108800
      },
      "Fair price": {
        "start": 108801,
        "end": 121000
      },
      "Increased price": {
        "start": 121001,
        "end": 129900
      },
      "High price": {
        "start": 129901,
        "end": 144300
      }
    }
  },
  "description": "Getriebe\nAutomatik\nTechnik\nAllrad\nBordcomputer\nSperrdifferential\nAdaptives Daempfungssystem\nStart-Stop-Automatik\nVolldigitales Kombiinstrument\nAssistenten\nMüdigkeitserkennung\nPark-Lenk-Assistent\nRegensensor\nFernlichtassistent\nLichtsensor\nNotbremsassistent\nBerganfahrassistent\nSpurwechselassistent\nAbstandsregeltempomat\nAusparkassistent\nAbstands-/Kollisionswarner\nKomfort\nKlimaautomatik\nServolenkung\nZentralverriegelung\nElektrischer Fensterheber\nLederausstattung\nSitzheizung\nElektrische Aussenspiegel\nTeilbare Ruecksitzlehne\nTempomat\nMultifunktionslenkrad\nKeyless Go Startfunktion\nElektrische Sitze\nInnenspiegel autom. abblendbar\nMittelarmlehne\nInnenraumfilter\nLenksaeule einstellbar\nSportsitze\nParkDistanceControl vorne und hinten\nElektrische Heckklappe\nKeyless Entry\nMemory Sitze\nAmbientebeleuchtung\nLordosenstütze\nLederlenkrad\nGeschwindigkeitsbegrenzungsanlage\nKlimaautomatik-2-Zonen\nKlimaautomatik-3-Zonen\nFunkfernbedienung\nSicht\nLED-Hauptscheinwerfer\nadaptives Kurvenlicht\nLED-Tagfahrlicht\n360 Grad Kamera\nHEAD-UP-Display\nLED-Rueckleuchten\nScheinwerferregulierung\nColorverglasung\nPrivacyverglasung\nSicherheit\nABS\nAirbag\nBeifahrer-Airbag\nWegfahrsperre\nSeitenairbags\nAlarmanlage\nESP\nAntriebsschlupfregelung\nReifendruckkontrolle\nTraktionskontrolle\nKopfairbag\nKnieairbag\nKindersitzbefestigung\nAnhängerstabilisierung\nNotrufsystem\nPannenkit\nEntertainment\nNavigationssystem\nSoundsystem\nRadio\nTelefonvorbereitung\nUSB-Anschluss\nMP3\nHarman-Kardon\nBluetooth\nFreisprecheinrichtung\nSprachsteuerung\nDAB\nWLAN\nTouchscreen\nInduktionsladen für Smartphones\nMusikstreaming\nNavigationsvorbereitung\nUmwelt\nAbgasnorm Euro 6D\nGrüne Umweltplakette\nQualität\nGarantie\nScheckheftgepflegt\nHUAU neu\nNichtraucherfahrzeug\nSonstiges\nKatalysator\nMetallic\nAlufelgen\nDachreling\nGepaeckraumabdeckung\nStossfaenger in Wagenfarbe\nSportpaket\nSportfahrwerk\nLenkradheizung\nFahrerprofilauswahl\nGepäckraumabtrennung\n\nInt.KnNr: 2362134\nÄnderungen, Zwischenverkauf und Irrtümer vorbehalten.\nquality by dotzilla",
  "dealerDetails": {
    "id": 453713,
    "name": "Kohl automobile GmbH",
    "sellerType": "Dealer",
    "phones": [
      "+49 (0)241 9809699721"
    ],
    "languages": [
      "Deutsch",
      "English",
      "Français"
    ],
    "country": "DE",
    "address": "Neuenhofstr. 160, DE-52078 Aachen",
    "location": {
      "latitude": 50.7653702,
      "longitude": 6.1470706
    },
    "activeSince": "2001-06-07T00:00:00.000Z",
    "homepageUrl": "https://home.mobile.de/home/redirect.html?customerId=453713",
    "iconUrl": null,
    "reviewPageUrl": "https://www.mobile.de/bewertungen/KOHL-AACHEN?lang=en",
    "score": {
      "total": 4.2,
      "responseTime": 4.3,
      "friendliness": 4.3,
      "advice": 4
    },
    "activeRatingCount": 61,
    "vehicleAsDescribedPercentage": 90,
    "recommendPercentage": 77,
    "soldVehicleCount": null,
    "reviews": []
  },
  "attributes": {
    "Vehicle condition": "New vehicle, Accident-free",
    "Category": "Estate car",
    "Vehicle Number": "2362134",
    "Availability": "Now",
    "Origin": "German edition",
    "Mileage": "0 km",
    "Cubic Capacity": "2,993 ccm",
    "Power": "390 kW (530 hp)",
    "Drive type": "Internal combustion engine",
    "Fuel": "Petrol",
    "CO₂ class": "Based on CO₂ emissions (combined)",
    "Fuel consumption": [
      "10.4 l/100km (combined)",
      "15.8 l/100km (city)",
      "10.3 l/100km (suburban)",
      "8.8 l/100km (country road)",
      "9.8 l/100km (motorway)"
    ],
    "Energy costs for 15,000 km annual mileage": "€2,802/Year",
    "Fuel price": "€1.80/l (annual average 2024)",
    "Possible CO₂ costs over the next 10 years (15,000 km/year)": [
      "€4,439 (assuming an average CO₂ price of €127/t)",
      "€2,097 (assuming a low average CO₂ price of €60/t)",
      "€6,990 (assuming a high average CO₂ price of €200/t)"
    ],
    "Vehicle tax": "€472/Year",
    "Number of Seats": "5",
    "Door Count": "4/5",
    "Transmission": "Automatic",
    "Emission Class": "Euro6d",
    "Emissions Sticker": "4 (Green)",
    "Construction Year": "2025",
    "Number of Vehicle Owners": "0",
    "HU": "New",
    "Climatisation": "Automatic climatisation, 3 zones",
    "Parking sensors": "Front, 360° camera, Rear, Self-steering systems",
    "Airbags": "Front and Side and More Airbags",
    "Colour (Manufacturer)": "Skyscraper Grau metallic",
    "Colour": "Grey Metallic",
    "Interior Design": "Full leather, Black",
    "Cylinders": "6",
    "Energy consumption (comb.)": "10.4 l/100km",
    "CO₂ emissions (comb.)": "233 g/km"
  },
  "features": [
    "ABS",
    "Adaptive cornering lights",
    "Adaptive Cruise Control",
    "Alarm system",
    "Alloy wheels",
    "Ambient lighting",
    "Arm rest",
    "Autom. dimming interior mirror",
    "Bluetooth",
    "Cargo barrier",
    "Central locking",
    "DAB radio",
    "Digital cockpit",
    "Distance warning system",
    "Dynamic chassis control",
    "Electric seat adjustment",
    "Electric side mirror",
    "Electric tailgate",
    "Electric windows",
    "Eletric seat adjustment with memory function",
    "Emergency brake assist",
    "Emergency call system",
    "Emergency tyre repair kit",
    "ESP",
    "Fatigue warning system",
    "Folding exterior mirrors",
    "Four-wheel drive",
    "Full Service History",
    "Hands-free kit",
    "Head-up display",
    "Heated seats",
    "Heated steering wheel",
    "High beam assist",
    "Hill-start assist",
    "Immobilizer",
    "Induction charging for smartphones",
    "Integrated music streaming",
    "Isofix",
    "Keyless central locking",
    "Leather steering wheel",
    "LED headlights",
    "LED running lights",
    "Light sensor",
    "Lumbar support",
    "Multifunction steering wheel",
    "Navigation preparation",
    "Navigation system",
    "Non-smoker vehicle",
    "On-board computer",
    "Power Steering",
    "Rain sensor",
    "Rear traffic alert",
    "Roof rack",
    "Sound system",
    "Speed limit control system",
    "Sport seats",
    "Sports package",
    "Sports suspension",
    "Start-stop system",
    "Tinted windows",
    "Touchscreen",
    "Traction control",
    "Tuner/radio",
    "Tyre pressure monitoring",
    "USB port",
    "Voice control",
    "Warranty",
    "WLAN / Wi-Fi hotspot"
  ]
},
{
  "title": "BMW M3 A Competition M xDrive Tou el.Sitz+Mem,DAProf",
  "previewImage": "https://img.classistatic.de/api/v1/mo-prod/images/5d/5d5be398-15bb-43d9-b7e6-c841bb1a1fb7?rule=mo-1600.jpg",
  "category": "EstateCar",
  "brand": "BMW",
  "model": "M3",
  "url": "https://suchen.mobile.de/fahrzeuge/details.html?id=434468162",
  "price.total.amount": 99490,
  "priceRating": {
    "rating": "Good price",
    "priceRanges": {
      "Very good price": {
        "start": 75701,
        "end": 98500
      },
      "Good price": {
        "start": 98501,
        "end": 106000
      },
      "Fair price": {
        "start": 106001,
        "end": 117900
      },
      "Increased price": {
        "start": 117901,
        "end": 126600
      },
      "High price": {
        "start": 126601,
        "end": 140700
      }
    }
  },
  "description": "Innovationspaket\nAdaptives Licht\nBi-Xenon-Licht\nBordmonitor\nHead up Display\nKurvenlicht Dynamisch\nAblagenpaket\nM DRIVE PROFESSIONAL\nTraktionskontrolle\nInnen- und Außenspiegelpaket\nConnected Package Professional\nSitzheizung für Fahrer und Beifahrer\nSitzheizung Beifahrer\nSitzheizung Fahrer\nKlimaautomatik\nAutomatische Umluft-Kontrolle\nKlimaautomatik\nKomfortzugang\nAktive Sitzbelüftung vorn\nBelüftete Vordersitz/-sitze\nHarman Kardon Surround Sound System\nSoundsystem\nSitzverstellung, elektrisch mit Memory für Fahrersitz\nPARKING ASSISTANT\nParklenkassistent (aktiv)\nRückfahrkamera\nBMW Live Cockpit Professional\nDriving Assistant Professional\nBremsassistent, aktiv\nNotbremsassistent, City\nTempomat mit Abstandsregelung\nADAPTIVES M FAHRWERK\nLED-Scheinwerfer\nLED Abblendlicht\nLED Tagfahrlicht\nConnectedDrive Services\nInternet Zugang\nDAB-Tuner\nLenkradheizung\nLenkrad beheizt\nSonnenschutzverglasung\nHeckklappenbetätigung automatisch\nHeckklappe elektrisch\nInnenspiegel automatisch abblendend\nAblage für Wireless Charging\nTeleservices\nFernlichtassistent\nAutomatisches Fernlicht\nLordosenstütze für Fahrer und Beifahrer\nAlarmanlage\nAlarmanlage\nGESETZLICHER NOTRUF\nM Sicherheitsgurte\nPERSONAL ESIM\nReifendruck-Kontrolle\nM Interieurleisten 'Carbon Fibre'\nM Dachreling Hochglanz Shadow Line\nM Dachhimmel anthrazit\nReifenreparatur Set\nM Sportsitze\nEntfall spezifischer Designumfänge Exterieur\n19\"/20\" M Schmiederäder Doppelspeiche 826 M Bicolor Schwarz / MB\nHeckscheibenwischer\nWegfahrsperre\nWegfahrsperre\nAirbag: 2 Seitenairbags vorne\nAirbag Fahrer- und Bei.seite\"Full-Size\"\nBeifahrerairbag\nFahrerairbag\nBremsleuchte, dritte\nServotronic: M Servotronic\nLenksäule: elektrisch einstellbar\nAllradantrieb xDrive\nAllradantrieb permanent\nHeckscheibenheizung\nSteckdose (12 V)\nAnti-Blockier-System (ABS) inkl. Bremsas\nAnti-Blockier-System (ABS)\nSpeed Limiter\nGeschwindigkeitsbegrenzung\nOttopartikelfilter\nLackierung: BMW Individual-Lackierung Dr\nAirbag: Kopfairbags für 4 äuß.Sitzplät.\nKindersitzbefestigung ISOFIX\nKindersitzbefestigung/Isofix\nLenkrad: M Lederlenkrad mit Multifunkt.\nLenkrad in Leder\nMultifunktionslenkrad\nSportlenkrad\nM Compound Bremsen\nGetränkehalter in Mittelkonsole vorn\nBMW ID\nRegensensor\nRegensensor\nPolster: Vollleder Merino Schwarz\nEinstiegs. mit Alu.einleger u Modellschr\nFahrwerk: Adaptives M Fahrwerk\nFahrwerksregelung elektronisch\nHeckleuchten in LED-Technik\nAmbientes Licht\nAmbiente Innenbeleuchtung\nM Interieurleisten \"Carbon Fibre\"\nCrash Sensor\nAirbag sonstiges\nDSC mit erweiterten Umfängen\nESP (Elektronisches Stabilitätsprogramm)\nGetriebe: 8-Gang Steptronic Sport Getr.\nAutomatik 8 Stufen\nRäderzubehör: Radschraubensicherung\nFahrzeugschlüssel, Zentralverriegelung\nZentralverriegelung fernbedienbar\nM Hochglanz Shadow Line mit erw. Umfäng.\nHeimleuchten\nSitze: Fondsitze\nFensterheber, elektrisch\nFensterheber elektrisch hinten\nFensterheber elektrisch vorn\nGeschwindigkeitsregelung mit Bremsfunktion\nNotbremsassistent\nTempomat\n\nÄnderungen Zwischenverkauf und Irrtümer vorbehalten!\nGerne teilen wir Ihnen den detaillierten Fahrzeugzustand im Rahmen eines persönlichen Gespräches mit unserem Verkaufspersonal mit. Trotz größter Sorgfalt sind Inseratsfehler nicht ausgeschlossen, Irrtümer und Zwischenverkauf vorbehalten.",
  "dealerDetails": {
    "id": 774932,
    "name": "Autohaus Reisacher GmbH",
    "sellerType": "Dealer",
    "phones": [
      "+49 (0)8191 331883338"
    ],
    "languages": [
      "Deutsch",
      "English",
      "Türkçe"
    ],
    "country": "DE",
    "address": "Am Penzinger Feld 1, DE-86899 Landsberg am Lech",
    "location": {
      "latitude": 48.0529981,
      "longitude": 10.8964921
    },
    "activeSince": "2007-10-10T00:00:00.000Z",
    "homepageUrl": "https://home.mobile.de/home/redirect.html?customerId=774932",
    "iconUrl": null,
    "reviewPageUrl": "https://www.mobile.de/bewertungen/REISACHER-LANDSBERG?lang=en",
    "score": {
      "total": 4.2,
      "responseTime": 4.4,
      "friendliness": 4.4,
      "advice": 3.9
    },
    "activeRatingCount": 33,
    "vehicleAsDescribedPercentage": 86,
    "recommendPercentage": 82,
    "soldVehicleCount": null,
    "reviews": []
  },
  "attributes": {
    "Vehicle condition": "New vehicle",
    "Category": "Estate car",
    "Vehicle Number": "152341",
    "Availability": "Now",
    "Origin": "German edition",
    "Mileage": "12 km",
    "Cubic Capacity": "2,993 ccm",
    "Power": "390 kW (530 hp)",
    "Drive type": "Internal combustion engine",
    "Fuel": "Petrol",
    "CO₂ class": "Based on CO₂ emissions (combined)",
    "Fuel consumption": [
      "10.4 l/100km (combined)",
      "15.8 l/100km (city)",
      "10.3 l/100km (suburban)",
      "8.8 l/100km (country road)",
      "9.8 l/100km (motorway)"
    ],
    "Number of Seats": "5",
    "Door Count": "4/5",
    "Transmission": "Automatic",
    "Emission Class": "Euro6",
    "Emissions Sticker": "4 (Green)",
    "Number of Vehicle Owners": "0",
    "Climatisation": "Automatic air conditioning",
    "Parking sensors": "Camera, Self-steering systems",
    "Airbags": "Front and Side and More Airbags",
    "Colour (Manufacturer)": "BMW Individual Dravitgrau metal",
    "Colour": "Grey Metallic",
    "Interior Design": "Full leather, Black",
    "Energy consumption (comb.)": "10.4 l/100km",
    "CO₂ emissions (comb.)": "234 g/km"
  },
  "features": [
    "ABS",
    "Adaptive cornering lights",
    "Adaptive Cruise Control",
    "Alarm system",
    "Alloy wheels",
    "Ambient lighting",
    "Autom. dimming interior mirror",
    "Bluetooth",
    "Central locking",
    "DAB radio",
    "Distance warning system",
    "Electric seat adjustment",
    "Electric side mirror",
    "Electric tailgate",
    "Electric windows",
    "Emergency brake assist",
    "Emergency call system",
    "ESP",
    "Fog lamp",
    "Four-wheel drive",
    "Full Service History",
    "Hands-free kit",
    "Head-up display",
    "Heated seats",
    "Heated steering wheel",
    "High beam assist",
    "Immobilizer",
    "Induction charging for smartphones",
    "Isofix",
    "Keyless central locking",
    "Leather steering wheel",
    "LED headlights",
    "LED running lights",
    "Light sensor",
    "Lumbar support",
    "Multifunction steering wheel",
    "Navigation system",
    "On-board computer",
    "Power Steering",
    "Rain sensor",
    "Roof rack",
    "Seat ventilation",
    "Sound system",
    "Speed limit control system",
    "Sport seats",
    "Sports package",
    "Sports suspension",
    "Start-stop system",
    "Traction control",
    "Tuner/radio",
    "Tyre pressure monitoring",
    "Warranty"
  ]
},
{
  "title": "BMW M3 xDr.Tour M-Driv-Pak.Sitzbel.DrivProf.Park+H/K",
  "previewImage": "https://img.classistatic.de/api/v1/mo-prod/images/51/5115b985-c700-4677-ac60-06d33654ea29?rule=mo-1600.jpg",
  "category": "EstateCar",
  "brand": "BMW",
  "model": "M3",
  "url": "https://suchen.mobile.de/fahrzeuge/details.html?id=432930226",
  "price.total.amount": 98900,
  "priceRating": {
    "rating": "Fair price",
    "priceRanges": {
      "Very good price": {
        "start": 70001,
        "end": 91000
      },
      "Good price": {
        "start": 91001,
        "end": 98000
      },
      "Fair price": {
        "start": 98001,
        "end": 109000
      },
      "Increased price": {
        "start": 109001,
        "end": 117000
      },
      "High price": {
        "start": 117001,
        "end": 130000
      }
    }
  },
  "description": "0VBTQ BMW INDI. VO. LED.TARTUFO (VBTQ)\nP7A2A Innovationspaket II\nS1DFA Abgasnorm EU6 rde II\nS1MBA M DRIVE PROFESSIONAL\nS1T8A BMW LM Rad 826M JB/GG\nS248A Lenkradheizung\nS2NKA M Carbon Keramik Bremse\nS2PAA Radschraubensicherung\nS2T4A M Sportdifferenzial\nS2VBA Reifendruckanzeige\nS2VCA Reifenreparatur-Set\nS2VFA Adaptives M Fahrwerk\nS302A Alarmanlage\nS322A Komfortzugang\nS383A Dach und Spiegelkappen schwarz\nS3KAA Akustik Komfort Verglasung\nS3MCA Individual Dachreling Hochgl Shadow Line\nS3MFA BMW INDIVIDUAL LEUCHTEN SHADOW LINE\nS418A Gepäckraumpaket\nS420A Abgedunkelte Verglasung\nS428A Warndreieck und Verbandstasche\nS430A Innen-/Aussensp. mit Abblendautomatik\nS431A Innenspiegel automatisch abblendend\nS453A Klimatisierte Sitze vorne\nS459A Sitzverstellung elektrisch mit Memory\nS488A Lordosenstütze Fahrer u. Beifahrer\nS493A Ablagenpaket\nS494A Sitzheizung Fahrer/Beifahrer\nS4GQA M Sicherheitsgurte\nS4MCA Interieurleisten Carbon Fibre\nS4NEA Blow-by-Heizer\nS4U0A Galvanikapplikation Bedienelemente\nS4UYA Ski- und Snowboardtasche (auf Anfrage)\nS534A Klimaautomatik\nS548A Kilometertacho\nS552A Adaptiver LED-Scheinwerfer\nS5ACA Fernlichtassistent\nS5AUA Driving Assistant Professional (Driving Assistant, Aktive Geschwindigkeitsregelung mit Stop- und Go Funktion, Speed Limit Info, Speed Limit Assist, Lenk- und Spurführungsassisten, Ampelerkennung, Spurhalteassistent, Spurwechselwarnung, Spurverlassenswarnung)\nS5AVA Active Guard\nS5DAA Deaktivierung Airbag Beifahrer\nS5DCA Kopfstützen im Fond klappbar\nS5DNA Parkassistenzsystem Plus (Surround View System, 360 Grad Kamera, Rückfahrkamera, Active Park Distance Control, Einparkhilfe Seite, Rückfahrassistent)\nS654A DAB-Tuner\nS688A Harman/Kardon Surround Sound System\nS6AEA Teleservices\nS6AFA Gesetzlicher Notruf\nS6AKA Connected Drive Services\nS6C4A Connected Package Professional\nS6NXA Storage tray wireless charging\nS6PAA Personal eSIM\nS6U3A BMW Live Cockpit Professional\nS6VBA Steuerung Infotainment\nS712A M Sportsitz\nS760A Hochglanz Shadow-Line\nS775A Dachhimmel anthrazit\nS7CGA BMW Repair Inclusive\nS7M9A Individual Hochglanz Shadow-Line\nS7MEA M Driver's Package\nS8S3A Automatische Verriegelung beim Anfahren\nS8TFA Aktiver Fussgängerschutz\nEin Angebot der BMW Bank GmbH:\neffektiver Jahreszins 5.99%\nmonatliche Rate 999.-Euro\nLaufzeit: 60 Mon.\nAnzahlung: 15.900.- EUR\nSchlussrate: 42.619.- EUR\nLeasingangebot auf Anfrage.\nSie finden uns auch auf Facebook: www.facebook.com/zecha.automobile\nOder auf Instagram: https://www.instagram.com/zechaautomobile/\nIhr Vorteil! Unsere Erfahrung! Seit 1986 BMW und MINI- Jahres- Gebrauchtwagen.\nTrotz größter Sorgfalt können sich Eingabefehler eingeschlichen haben. Alle Angaben erfolgen ohne Gewähr. Zwischenverkauf vorbehalten.\nAusstattungserweiterungen und Umbauarbeiten (Sonneschutzverglasung, Anhängerkupplung, Performanceteile, Akrapovic Auspuffanlage) in unserer Meisterwerkstatt möglich!",
  "dealerDetails": {
    "id": 460419,
    "name": "Zecha Automobile GmbH",
    "sellerType": "Dealer",
    "phones": [
      "+49 (0)8221 274055601"
    ],
    "languages": [
      "Deutsch",
      "English"
    ],
    "country": "DE",
    "address": "Bahnhofstrasse 1, DE-89359 Kötz (Kleinkötz)",
    "location": {
      "latitude": 48.4123457,
      "longitude": 10.2993462
    },
    "activeSince": "1999-04-21T00:00:00.000Z",
    "homepageUrl": "https://home.mobile.de/home/redirect.html?customerId=460419",
    "iconUrl": null,
    "reviewPageUrl": "https://www.mobile.de/bewertungen/ZECHA-AUTOMOBILE?lang=en",
    "score": {
      "total": 4.2,
      "responseTime": 4.3,
      "friendliness": 4.3,
      "advice": 4
    },
    "activeRatingCount": 18,
    "vehicleAsDescribedPercentage": 86,
    "recommendPercentage": 80,
    "soldVehicleCount": null,
    "reviews": []
  },
  "attributes": {
    "Vehicle condition": "Used vehicle, Accident-free",
    "Category": "Estate car",
    "Model range": "G81",
    "Mileage": "4,700 km",
    "Cubic Capacity": "2,993 ccm",
    "Power": "390 kW (530 hp)",
    "Drive type": "Internal combustion engine",
    "Fuel": "Petrol, E10-enabled",
    "CO₂ class": "Based on CO₂ emissions (combined)",
    "Fuel consumption": [
      "10.4 l/100km (combined)",
      "15.7 l/100km (city)",
      "10.3 l/100km (suburban)",
      "8.8 l/100km (country road)",
      "9.8 l/100km (motorway)"
    ],
    "Energy costs for 15,000 km annual mileage": "€2,886/Year",
    "Fuel price": "€1.85/l (annual average 2024)",
    "Possible CO₂ costs over the next 10 years (15,000 km/year)": [
      "€4,036 (assuming an average CO₂ price of €115/t)",
      "€1,755 (assuming a low average CO₂ price of €50/t)",
      "€6,669 (assuming a high average CO₂ price of €190/t)"
    ],
    "Number of Seats": "5",
    "Door Count": "4/5",
    "Transmission": "Automatic",
    "Emission Class": "Euro 6e",
    "Emissions Sticker": "4 (Green)",
    "First Registration": "02/2025",
    "Construction Year": "2024",
    "Number of Vehicle Owners": "1",
    "HU": "02/2028",
    "Climatisation": "Automatic climatisation, 3 zones",
    "Parking sensors": "Front, Self-steering systems, Rear, 360° camera",
    "Airbags": "Front and Side and More Airbags",
    "Colour (Manufacturer)": "TANSANITBLAU II (C3Z)",
    "Colour": "Blue Metallic",
    "Interior Design": "Full leather, Brown",
    "Weight": "1,940 kg",
    "Cylinders": "6",
    "Energy consumption (comb.)": "10.4 l/100km",
    "CO₂ emissions (comb.)": "234 g/km"
  },
  "features": [
    "ABS",
    "Adaptive cornering lights",
    "Adaptive Cruise Control",
    "Alarm system",
    "Alloy wheels",
    "Ambient lighting",
    "Android Auto",
    "Apple CarPlay",
    "Arm rest",
    "Autom. dimming interior mirror",
    "Blind spot assist",
    "Bluetooth",
    "Cargo barrier",
    "Central locking",
    "DAB radio",
    "Digital cockpit",
    "Distance warning system",
    "Dynamic chassis control",
    "Electric seat adjustment",
    "Electric side mirror",
    "Electric tailgate",
    "Electric windows",
    "Eletric seat adjustment with memory function",
    "Emergency brake assist",
    "Emergency call system",
    "Emergency tyre repair kit",
    "ESP",
    "Fatigue warning system",
    "Folding exterior mirrors",
    "Four-wheel drive",
    "Full Service History",
    "Glare-free high beam headlights",
    "Hands-free kit",
    "Head-up display",
    "Heated seats",
    "Heated steering wheel",
    "High beam assist",
    "Hill-start assist",
    "Immobilizer",
    "Induction charging for smartphones",
    "Integrated music streaming",
    "Isofix",
    "Keyless central locking",
    "Lane change assist",
    "Leather steering wheel",
    "LED headlights",
    "LED running lights",
    "Light sensor",
    "Lumbar support",
    "Multifunction steering wheel",
    "Navigation system",
    "Non-smoker vehicle",
    "On-board computer",
    "Paddle shifters",
    "Particulate filter",
    "Power Steering",
    "Rain sensor",
    "Rear traffic alert",
    "Roof rack",
    "Seat ventilation",
    "Ski bag",
    "Sound system",
    "Speed limit control system",
    "Sport seats",
    "Sports package",
    "Sports suspension",
    "Start-stop system",
    "Summer tyres",
    "Tinted windows",
    "Touchscreen",
    "Traction control",
    "Traffic sign recognition",
    "Tuner/radio",
    "Tyre pressure monitoring",
    "USB port",
    "Voice control",
    "WLAN / Wi-Fi hotspot"
  ]
},
{
  "title": "BMW M3 A Competition M xDrive Tou el.Sitz+Mem,DAProf",
  "previewImage": "https://img.classistatic.de/api/v1/mo-prod/images/5d/5d5be398-15bb-43d9-b7e6-c841bb1a1fb7?rule=mo-1600.jpg",
  "category": "EstateCar",
  "brand": "BMW",
  "model": "M3",
  "url": "https://suchen.mobile.de/fahrzeuge/details.html?id=434468162",
  "price.total.amount": 99490,
  "priceRating": {
    "rating": "Good price",
    "priceRanges": {
      "Very good price": {
        "start": 75701,
        "end": 98500
      },
      "Good price": {
        "start": 98501,
        "end": 106000
      },
      "Fair price": {
        "start": 106001,
        "end": 117900
      },
      "Increased price": {
        "start": 117901,
        "end": 126600
      },
      "High price": {
        "start": 126601,
        "end": 140700
      }
    }
  },
  "description": "Innovationspaket\nAdaptives Licht\nBi-Xenon-Licht\nBordmonitor\nHead up Display\nKurvenlicht Dynamisch\nAblagenpaket\nM DRIVE PROFESSIONAL\nTraktionskontrolle\nInnen- und Außenspiegelpaket\nConnected Package Professional\nSitzheizung für Fahrer und Beifahrer\nSitzheizung Beifahrer\nSitzheizung Fahrer\nKlimaautomatik\nAutomatische Umluft-Kontrolle\nKlimaautomatik\nKomfortzugang\nAktive Sitzbelüftung vorn\nBelüftete Vordersitz/-sitze\nHarman Kardon Surround Sound System\nSoundsystem\nSitzverstellung, elektrisch mit Memory für Fahrersitz\nPARKING ASSISTANT\nParklenkassistent (aktiv)\nRückfahrkamera\nBMW Live Cockpit Professional\nDriving Assistant Professional\nBremsassistent, aktiv\nNotbremsassistent, City\nTempomat mit Abstandsregelung\nADAPTIVES M FAHRWERK\nLED-Scheinwerfer\nLED Abblendlicht\nLED Tagfahrlicht\nConnectedDrive Services\nInternet Zugang\nDAB-Tuner\nLenkradheizung\nLenkrad beheizt\nSonnenschutzverglasung\nHeckklappenbetätigung automatisch\nHeckklappe elektrisch\nInnenspiegel automatisch abblendend\nAblage für Wireless Charging\nTeleservices\nFernlichtassistent\nAutomatisches Fernlicht\nLordosenstütze für Fahrer und Beifahrer\nAlarmanlage\nAlarmanlage\nGESETZLICHER NOTRUF\nM Sicherheitsgurte\nPERSONAL ESIM\nReifendruck-Kontrolle\nM Interieurleisten 'Carbon Fibre'\nM Dachreling Hochglanz Shadow Line\nM Dachhimmel anthrazit\nReifenreparatur Set\nM Sportsitze\nEntfall spezifischer Designumfänge Exterieur\n19\"/20\" M Schmiederäder Doppelspeiche 826 M Bicolor Schwarz / MB\nHeckscheibenwischer\nWegfahrsperre\nWegfahrsperre\nAirbag: 2 Seitenairbags vorne\nAirbag Fahrer- und Bei.seite\"Full-Size\"\nBeifahrerairbag\nFahrerairbag\nBremsleuchte, dritte\nServotronic: M Servotronic\nLenksäule: elektrisch einstellbar\nAllradantrieb xDrive\nAllradantrieb permanent\nHeckscheibenheizung\nSteckdose (12 V)\nAnti-Blockier-System (ABS) inkl. Bremsas\nAnti-Blockier-System (ABS)\nSpeed Limiter\nGeschwindigkeitsbegrenzung\nOttopartikelfilter\nLackierung: BMW Individual-Lackierung Dr\nAirbag: Kopfairbags für 4 äuß.Sitzplät.\nKindersitzbefestigung ISOFIX\nKindersitzbefestigung/Isofix\nLenkrad: M Lederlenkrad mit Multifunkt.\nLenkrad in Leder\nMultifunktionslenkrad\nSportlenkrad\nM Compound Bremsen\nGetränkehalter in Mittelkonsole vorn\nBMW ID\nRegensensor\nRegensensor\nPolster: Vollleder Merino Schwarz\nEinstiegs. mit Alu.einleger u Modellschr\nFahrwerk: Adaptives M Fahrwerk\nFahrwerksregelung elektronisch\nHeckleuchten in LED-Technik\nAmbientes Licht\nAmbiente Innenbeleuchtung\nM Interieurleisten \"Carbon Fibre\"\nCrash Sensor\nAirbag sonstiges\nDSC mit erweiterten Umfängen\nESP (Elektronisches Stabilitätsprogramm)\nGetriebe: 8-Gang Steptronic Sport Getr.\nAutomatik 8 Stufen\nRäderzubehör: Radschraubensicherung\nFahrzeugschlüssel, Zentralverriegelung\nZentralverriegelung fernbedienbar\nM Hochglanz Shadow Line mit erw. Umfäng.\nHeimleuchten\nSitze: Fondsitze\nFensterheber, elektrisch\nFensterheber elektrisch hinten\nFensterheber elektrisch vorn\nGeschwindigkeitsregelung mit Bremsfunktion\nNotbremsassistent\nTempomat\n\nÄnderungen Zwischenverkauf und Irrtümer vorbehalten!\nGerne teilen wir Ihnen den detaillierten Fahrzeugzustand im Rahmen eines persönlichen Gespräches mit unserem Verkaufspersonal mit. Trotz größter Sorgfalt sind Inseratsfehler nicht ausgeschlossen, Irrtümer und Zwischenverkauf vorbehalten.",
  "dealerDetails": {
    "id": 774932,
    "name": "Autohaus Reisacher GmbH",
    "sellerType": "Dealer",
    "phones": [
      "+49 (0)8191 331883338"
    ],
    "languages": [
      "Deutsch",
      "English",
      "Türkçe"
    ],
    "country": "DE",
    "address": "Am Penzinger Feld 1, DE-86899 Landsberg am Lech",
    "location": {
      "latitude": 48.0529981,
      "longitude": 10.8964921
    },
    "activeSince": "2007-10-10T00:00:00.000Z",
    "homepageUrl": "https://home.mobile.de/home/redirect.html?customerId=774932",
    "iconUrl": null,
    "reviewPageUrl": "https://www.mobile.de/bewertungen/REISACHER-LANDSBERG?lang=en",
    "score": {
      "total": 4.2,
      "responseTime": 4.4,
      "friendliness": 4.4,
      "advice": 3.9
    },
    "activeRatingCount": 33,
    "vehicleAsDescribedPercentage": 86,
    "recommendPercentage": 82,
    "soldVehicleCount": null,
    "reviews": []
  },
  "attributes": {
    "Vehicle condition": "New vehicle",
    "Category": "Estate car",
    "Vehicle Number": "152341",
    "Availability": "Now",
    "Origin": "German edition",
    "Mileage": "12 km",
    "Cubic Capacity": "2,993 ccm",
    "Power": "390 kW (530 hp)",
    "Drive type": "Internal combustion engine",
    "Fuel": "Petrol",
    "CO₂ class": "Based on CO₂ emissions (combined)",
    "Fuel consumption": [
      "10.4 l/100km (combined)",
      "15.8 l/100km (city)",
      "10.3 l/100km (suburban)",
      "8.8 l/100km (country road)",
      "9.8 l/100km (motorway)"
    ],
    "Number of Seats": "5",
    "Door Count": "4/5",
    "Transmission": "Automatic",
    "Emission Class": "Euro6",
    "Emissions Sticker": "4 (Green)",
    "Number of Vehicle Owners": "0",
    "Climatisation": "Automatic air conditioning",
    "Parking sensors": "Camera, Self-steering systems",
    "Airbags": "Front and Side and More Airbags",
    "Colour (Manufacturer)": "BMW Individual Dravitgrau metal",
    "Colour": "Grey Metallic",
    "Interior Design": "Full leather, Black",
    "Energy consumption (comb.)": "10.4 l/100km",
    "CO₂ emissions (comb.)": "234 g/km"
  },
  "features": [
    "ABS",
    "Adaptive cornering lights",
    "Adaptive Cruise Control",
    "Alarm system",
    "Alloy wheels",
    "Ambient lighting",
    "Autom. dimming interior mirror",
    "Bluetooth",
    "Central locking",
    "DAB radio",
    "Distance warning system",
    "Electric seat adjustment",
    "Electric side mirror",
    "Electric tailgate",
    "Electric windows",
    "Emergency brake assist",
    "Emergency call system",
    "ESP",
    "Fog lamp",
    "Four-wheel drive",
    "Full Service History",
    "Hands-free kit",
    "Head-up display",
    "Heated seats",
    "Heated steering wheel",
    "High beam assist",
    "Immobilizer",
    "Induction charging for smartphones",
    "Isofix",
    "Keyless central locking",
    "Leather steering wheel",
    "LED headlights",
    "LED running lights",
    "Light sensor",
    "Lumbar support",
    "Multifunction steering wheel",
    "Navigation system",
    "On-board computer",
    "Power Steering",
    "Rain sensor",
    "Roof rack",
    "Seat ventilation",
    "Sound system",
    "Speed limit control system",
    "Sport seats",
    "Sports package",
    "Sports suspension",
    "Start-stop system",
    "Traction control",
    "Tuner/radio",
    "Tyre pressure monitoring",
    "Warranty"
  ]
},
{
  "title": "BMW M3 Touring xDrive Competition 1000M+Sonderlack",
  "previewImage": "https://img.classistatic.de/api/v1/mo-prod/images/70/7074b02b-9f12-4fab-afb1-0f9a7ca7782a?rule=mo-1600.jpg",
  "category": "EstateCar",
  "brand": "BMW",
  "model": "M3",
  "url": "https://suchen.mobile.de/fahrzeuge/details.html?id=432280175",
  "price.total.amount": 99000,
  "priceRating": {
    "rating": "Increased price",
    "priceRanges": {
      "Very good price": {
        "start": 60601,
        "end": 78700
      },
      "Good price": {
        "start": 78701,
        "end": 84800
      },
      "Fair price": {
        "start": 84801,
        "end": 94300
      },
      "Increased price": {
        "start": 94301,
        "end": 101200
      },
      "High price": {
        "start": 101201,
        "end": 112500
      }
    }
  },
  "description": "Sonderausstattung:\nAktive Sitzbelüftung vorn, BMW Individual-Sonderlackierung Frozen Brilliant White Metallic, BMW Individual-Sonderlackierung Frozen Pure Grey Metallic, BMW Live Cockpit Professional, Bremsanlage: Compound - M Bremssystem (Bremssättel Schwarz), Exterieur-Paket M Carbon, Fahrassistenz-System: Driving Assistant Professional, Gepäckraum-Paket, Innenausstattung: Interieurleisten Carbon, Innovations-Paket, Lenkrad heizbar, LM-Felgen, Parkassistent-Paket Plus, Scheinwerfer BMW Individual Shadow-Line, Sicherheitsgurte M, Sicherheitssystem Active Protection, Sitzbezug / Polsterung: Voll-Leder Merino, Sonnenschutzverglasung (hinten abgedunkelt), Sound-System Harman-Kardon, Verglasung Akustikglas\n\nWeitere Ausstattung:\nAblage-Paket, Adaptives Fahrwerk M-Technic, Airbag Beifahrerseite abschaltbar, Aktives M Differential, Ambiente-Beleuchtung, Ausstattungs-Paket: Connected Professional, Außenausstattung: Shadow-Line Hochglanz, Außenausstattung: Shadow-Line Hochglanz (erweiterter Umfang), Außenspiegel elektr. verstell- und heizbar, Bedienelemente galvanisiert, Bordcomputer, Competition, DAB-Tuner (Radioempfang digital), Dachhimmel Anthrazit (BMW Individual), Dachreling Hochglanz Shadow-Line, Diebstahlsicherung für Räder (Felgenschlösser), Durchladeeinrichtung (Mittelarmlehne hinten), Dynamische Stabilitäts-Control (DSC) mit erweiterter Umfang, Einstiegsleisten mit Einleger in Aluminium mit Schriftzug M, Erste Hilfe-Kasten / Verbandkasten, Fahrassistenz-System: Active Guard (Bremsassistent), Fahrassistenz-System: Aufmerksamkeits-Assistent, Freisprecheinrichtung Bluetooth mit USB-/Audio-Schnittstelle, Fußmatten Velours, Gepäckraumbeleuchtung, Getriebe Automatik - mit Steptronic und Drivelogic (8-Stufen), Getränkehalter, Heckklappenbetätigung automatisch, Heckleuchten LED, Induktionsladeschale für Smartphone (Wireless Charging), Innenspiegel mit Abblendautomatik, Instrumentenkombination (erweiterter Umfang), Isofix-Aufnahmen für Kindersitz an Rücksitz, Karosserie: 5-türig, Kennzeichenbeleuchtung LED, Klimaautomatik 3-Zonen mit autom. Umluft-Control, Knieairbag Fahrerseite, Kopf-Airbag-System hinten, Kopf-Airbag-System vorn, Kopfstützen hinten klappbar, Lenksäule (Lenkrad) elektr. verstellbar, Leuchtweitenregelung, M Drive (Fahrprofilauswahl), M Drive Professional (Fahrprofilauswahl), Motor 3,0 Ltr. - 375 kW 24V TwinTurbo KAT (S58), Nebelschlussleuchte(n), Otto-Partikelfilter (OPF), Park-Distance-Control (PDC) vorn und hinten, Parkbremse elektrisch, Reifendruck-Kontrollsystem, Reifenpannen-Anzeige, Schadstoffarm nach Abgasnorm Euro 6d, Schaltpunktanzeige, Seitenairbag vorn, Service-System: ConnectedDrive Services, Service-System: Gesetzlicher Notruf, Service-System: Intelligenter Notruf inkl. TeleServices, Sitze vorn elektr. verstellbar (mit Memory), Spiegel-Paket, Sportdifferential, Sportsitze vorn (M-Technic), Start-Stop-Knopf, Start/Stop-Anlage (Funktion), Steckdose (12V-Anschluß) in Mittelkonsole vorn, Warndreieck, Widescreen Display, Wärme-/Sonnenschutzverglasung, Wärme-/Sonnenschutzverglasung kombiniert (hinten abgedunkelt)",
  "dealerDetails": {
    "id": 461471,
    "name": "Car Tech Automobile seit 2003",
    "sellerType": "Dealer",
    "phones": [
      "+49 (0)711 2528211746"
    ],
    "messengers": {
      "WHATS_APP": "+49 (0)170 4423366"
    },
    "languages": [
      "Deutsch",
      "English",
      "Français"
    ],
    "country": "DE",
    "address": "Dieselstraße 1, DE-70736 Fellbach bei Stuttgart",
    "location": {
      "latitude": 48.8414498,
      "longitude": 9.257096599999999
    },
    "activeSince": "2006-10-20T00:00:00.000Z",
    "homepageUrl": "https://home.mobile.de/home/redirect.html?customerId=461471",
    "iconUrl": null,
    "reviewPageUrl": "https://www.mobile.de/bewertungen/CARTECHFELLBACH?lang=en",
    "score": {
      "total": 5,
      "responseTime": 5,
      "friendliness": 5,
      "advice": 5
    },
    "activeRatingCount": 5,
    "vehicleAsDescribedPercentage": 100,
    "recommendPercentage": 100,
    "soldVehicleCount": null,
    "reviews": []
  },
  "attributes": {
    "Vehicle condition": "Used vehicle, Accident-free",
    "Category": "Estate car",
    "Model range": "Baureihe M3 Touring (G81)(2022->)",
    "Trim line": "xDrive Competition",
    "Origin": "German edition",
    "Mileage": "12,000 km",
    "Cubic Capacity": "2,993 ccm",
    "Power": "375 kW (510 hp)",
    "Drive type": "Internal combustion engine",
    "Fuel": "Petrol",
    "Number of Seats": "5",
    "Door Count": "4/5",
    "Transmission": "Automatic",
    "First Registration": "05/2024",
    "Number of Vehicle Owners": "2",
    "HU": "New",
    "Climatisation": "Automatic climatisation, 2 zones",
    "Parking sensors": "Camera, Front, Rear",
    "Airbags": "Front and Side and More Airbags",
    "Colour": "Green Metallic Matte",
    "Interior Design": "Full leather, Black",
    "Weight": "1,940 kg",
    "Cylinders": "6",
    "Tank capacity": "59 l"
  },
  "features": [
    "ABS",
    "Adaptive lighting",
    "Alarm system",
    "Alloy wheels",
    "Ambient lighting",
    "Android Auto",
    "Apple CarPlay",
    "Arm rest",
    "Autom. dimming interior mirror",
    "Bluetooth",
    "Central locking",
    "Cruise control",
    "DAB radio",
    "Digital cockpit",
    "Distance warning system",
    "Electric seat adjustment",
    "Electric side mirror",
    "Electric windows",
    "Eletric seat adjustment with memory function",
    "Emergency call system",
    "Emergency tyre repair kit",
    "Folding exterior mirrors",
    "Four-wheel drive",
    "Full Service History",
    "Hands-free kit",
    "Heated rear seats",
    "Heated seats",
    "High beam assist",
    "Hill-start assist",
    "Immobilizer",
    "Isofix",
    "Leather steering wheel",
    "LED headlights",
    "LED running lights",
    "Light sensor",
    "Lumbar support",
    "Multifunction steering wheel",
    "Navigation system",
    "New service",
    "Non-smoker vehicle",
    "On-board computer",
    "Paddle shifters",
    "Power Steering",
    "Rain sensor",
    "Roof rack",
    "Speed limit control system",
    "Sport seats",
    "Sports suspension",
    "Start-stop system",
    "Summer tyres",
    "Tinted windows",
    "Touchscreen",
    "Traction control",
    "Tuner/radio",
    "Tyre pressure monitoring",
    "USB port",
    "Warranty",
    "Winter tyres"
  ]
},
{
  "title": "BMW M3 Competition M xDrive Touring",
  "previewImage": "https://img.classistatic.de/api/v1/mo-prod/images/55/55bb7414-44ab-4d0c-9af3-901372c6376f?rule=mo-1600.jpg",
  "category": "EstateCar",
  "brand": "BMW",
  "model": "M3",
  "url": "https://suchen.mobile.de/fahrzeuge/details.html?id=410551271",
  "price.total.amount": 99590,
  "priceRating": {
    "rating": "Good price",
    "priceRanges": {
      "Very good price": {
        "start": 74001,
        "end": 96200
      },
      "Good price": {
        "start": 96201,
        "end": 103600
      },
      "Fair price": {
        "start": 103601,
        "end": 115200
      },
      "Increased price": {
        "start": 115201,
        "end": 123700
      },
      "High price": {
        "start": 123701,
        "end": 137400
      }
    }
  },
  "description": "Außenausstattung\nDachreling Hochglanz Shadow-Line\nLM-Felgen\nSonnenschutzverglasung (hinten abgedunkelt)\n\nKomfort, Innenausstattung\nAmbiente-Beleuchtung\nAußenspiegel elektr. anklappbar\nBMW Live Cockpit Professional\nDurchladeeinrichtung (Mittelarmlehne hinten)\nFensterheber elektrisch vorn + hinten\nFreisprecheinrichtung Bluetooth mit USB-/Audio-Schnittstelle\nGepäckraum-Abtrennung (Netz)\nGeschwindigkeits-Regelanlage mit Bremsfunktion\nHead-up-Display Full Color\nInduktionsladeschale für Smartphone (Wireless Charging)\nInnenspiegel mit Abblendautomatik\nIsofix-Aufnahmen für Kindersitz\nKlimaautomatik 3-Zonen mit autom. Umluft-Control\nLendenwirbelstütze Sitz vorn links und rechts, elektr. verstellbar\nLenkrad (Leder) mit Multifunktion M-Technic\nLicht- und Regensensor\nMultifunktion für Lenkrad\nRadioempfang digital (DAB+)\nScheibenwischer mit Regensensor\nService-System: Augmented Reality für Navigation\nSitze vorn elektr. verstellbar (mit Memory)\nSitzheizung vorn\nSound-System Harman-Kardon\nStart/Stop-Anlage (Funktion)\nZentralverriegelung mit Diebstahlsicherung und Crashsensor\n\nSicherheit/Umwelt\nAdaptives Fahrwerk M-Technic\nAirbag Beifahrerseite abschaltbar\nAirbag Fahrer-/Beifahrerseite\nAlarmanlage\nAnti-Blockier-System (ABS)\nAntriebsart: Allradantrieb\nAntriebsart: xDrive (Allrad)\nDiebstahl-Warnanlage\nDynamische Stabilitäts-Control (DSC)\nDynamische Stabilitäts-Control (DSC) mit erweiterter Umfang\nFahrassistenz-System: Active Guard (Bremsassistent)\nGeschwindigkeits-Begrenzeranlage (Speed Limit Device)\nKnieairbag Fahrerseite\nKopf-Airbag-System hinten\nKopf-Airbag-System vorn\nLichtassistent (Follow me home)\nOtto-Partikelfilter (OPF)\nReifendruck-Kontrollsystem\nReifenpannen-Anzeige\nScheinwerfer LED\nSeitenairbag vorn\nService-System: Gesetzlicher Notruf\nService-System: Intelligenter Notruf inkl. TeleServices\n\nSitzbezug\nLeder Merino Silverstone/Schwarz\n\nSonstiges\n19\"/20\" M Schmiederäder Doppelspeic he 826 M Schwarz / MB\nAbgasnorm EU6 RDE II\nAblage für Wireless Charging\nAblagenpaket\nAblage-Paket\nActive Guard\nAdaptiver LED-Scheinwerfer\nAdaptives M Fahrwerk\nAktive Sitzbelüftung vorn\nAktiver Fußgängerschutz\nAktives M Differential\nAkustikverglasung\nAlarmanlage\nAnhänger-Stabilisierungs-Programm (ASL)\nAußenausstattung: Shadow-Line Hochglanz\nAußenausstattung: Shadow-Line Hochglanz (erweiterter Umfang)\nAußenspiegel mit Abblendautomatik, links\nAußenspiegel mit Bordsteinautomatik, rechts\nAusstattungs-Paket: Connected Professional\nAutomatische Stabilitäts-Control (ASC)\nBedienelemente galvanisiert\nBlinkleuchte in Außenspiegel integriert\nBlow by-Heizer\nBMW Curved Display\nBMW Live Cockpit Professional\nCOC Zusatzumfänge\nCompetition\nConnected Package Professional\nConnectedDrive Services\nControl-Display mit Farbmonitor (14,9 Zoll)\nDAB-Tuner\nDach schwarz lackiert\nDach und Spiegelkappen schwarz\nDachhimmel Anthrazit (BMW Individual)\nDeaktivierung Beifahrerairbag\nDekodierung Zusatzfunktionen\nDeutsch/Betriebsanleitung/Servicehe ft\nDeutschland-Ausführung\nDiebstahlsicherung für Räder (Felgenschlösser)\nDriving Assistant Professional\nDynamische Tractions Control (DTC)\nEinstiegsleisten mit Einleger in Aluminium mit Schriftzug M\nErste Hilfe-Kasten / Verbandkasten\nEU spezifische Umfänge\nFernlichtassistent\nFondkopfstützen klappbar\nGalvanikapplikation für Bedieneleme nte\nGepäckraumpaket\nGesetzlicher Notruf\nGetränkehalter\nGetriebe Automatik - mit Steptronic und Drivelogic (8-Stufen)\nHarman Kardon Surround Sound System\nHeckleuchten LED\nInnen- und Außenspiegelpaket\nInnenausstattung: Interieurleisten Alu Rhombicle mit Akzentleiste\nInnenspiegel automatisch abblendend\nInterne Steuerung\nKaeltemittel\nKarosserie: 5-türig\nKilometertacho\nKlimaautomatik\nKomfortzugang\nLenkradheizung\nLordosenstütze für Fahrer und Beifa hrer\nM Carbon Exterieurpaket\nM Compound-Bremse, rot hochglänzend\nM Dachhimmel anthrazit\nM Dachreling Hochglanz Shadow Line\nM Drive Professional\nM Driver's Package\nM Hochglanz Shadow Line\nM Hochglanz Shadow Line mit erweite rten Umfängen\nM Interieurleisten 'Carbon Fibre'\nM Leuchten Shadow Line\nM Sicherheitsgurte\nM Sportdifferenzial\nM Sportsitze\nÖlwartungsintervall 30000 km / 24 M onate\nParking Assistant Plus\nPersonal eSIM\nRadschraubensicherung\nReifendruck-Kontrolle\nReifenreparatur Set\nSitzheizung für Fahrer und Beifahre r\nSitzverstellung, elektrisch mit Mem ory für Fahrersitz\nSonnenschutzrollo für hintere Türse itenscheiben\nSonnenschutzverglasung\nSprachversion Deutsch\nSteuerung D\nSteuerung EfficientDynamics\nSteuerung FAS 18\nSteuerung Karosserie\nTeleservices\nTransportkosten\nUltimate Package\nWarndreieck und Verbandkasten\n\nFinanzierungsbeispiel\n\nMtl. Finanzierungsrate: 789,00 EUR\nAnzahlung: 24.568,85 EUR\nLaufzeit: 36 Monate\nZielrate: 57.372,12 EUR\nNettodarlehensbetrag: 73.522,15 EUR\nSollzinssatz p.a.: 5,83% (gebunden für die gesamte Vertragslaufzeit)\nEffektiver Jahreszins: 5,99%\nGesamtbetrag: 84.987,12 EUR\nEin unverbindliches Finanzierungsbeispiel der BMW Bank GmbH, Lilienthalallee 26, 80939 München.\n\nIrrtümer und Zwischenverkauf vorbehalten.",
  "dealerDetails": {
    "id": 32041309,
    "name": "H. Freese GmbH",
    "sellerType": "Dealer",
    "phones": [
      "+49 (0)441 2492893846"
    ],
    "languages": [
      "Deutsch",
      "English"
    ],
    "country": "DE",
    "address": "Wilhelmshavener Heerstraße 9-17, DE-26125 Oldenburg",
    "location": {
      "latitude": 53.170942,
      "longitude": 8.2284505
    },
    "activeSince": "2000-06-08T00:00:00.000Z",
    "homepageUrl": "https://home.mobile.de/home/redirect.html?customerId=32041309",
    "iconUrl": "https://img.classistatic.de/api/v1/mo-prod/images/06/06ee8eba-ac1b-4404-893e-1b08515c1044?rule=mo-640.jpg",
    "reviewPageUrl": "https://www.mobile.de/bewertungen/HFREESEGMBH?lang=en",
    "score": {
      "total": 4.7,
      "responseTime": 4.9,
      "friendliness": 4.8,
      "advice": 4.4
    },
    "activeRatingCount": 15,
    "vehicleAsDescribedPercentage": 92,
    "recommendPercentage": 92,
    "soldVehicleCount": null,
    "reviews": []
  },
  "attributes": {
    "Vehicle condition": "Used vehicle, Accident-free",
    "Category": "Estate car, Demonstration Vehicle",
    "Model range": "G81",
    "Trim line": "M xDrive Touring",
    "Vehicle Number": "087812",
    "Availability": "Now",
    "Mileage": "2,100 km",
    "Cubic Capacity": "2,993 ccm",
    "Power": "390 kW (530 hp)",
    "Drive type": "Internal combustion engine",
    "Fuel": "Petrol",
    "CO₂ class": "Based on CO₂ emissions (combined)",
    "Fuel consumption": [
      "10.4 l/100km (combined)",
      "15.8 l/100km (city)",
      "10.3 l/100km (suburban)",
      "8.8 l/100km (country road)",
      "9.8 l/100km (motorway)"
    ],
    "Energy costs for 15,000 km annual mileage": "€2,802/Year",
    "Fuel price": "€1.80/l (annual average 2024)",
    "Possible CO₂ costs over the next 10 years (15,000 km/year)": [
      "€4,477 (assuming an average CO₂ price of €127/t)",
      "€2,115 (assuming a low average CO₂ price of €60/t)",
      "€7,050 (assuming a high average CO₂ price of €200/t)"
    ],
    "Number of Seats": "5",
    "Door Count": "4/5",
    "Transmission": "Automatic",
    "Emission Class": "Euro6",
    "Emissions Sticker": "4 (Green)",
    "First Registration": "01/2025",
    "Construction Year": "2024",
    "Number of Vehicle Owners": "1",
    "HU": "New",
    "Climatisation": "Automatic climatisation, 3 zones",
    "Parking sensors": "Camera, Self-steering systems, Rear, Front",
    "Airbags": "Front and Side and More Airbags",
    "Colour (Manufacturer)": "BLACK SAPPHIRE",
    "Colour": "Black Metallic",
    "Interior Design": "Full leather, Other",
    "Weight": "1,940 kg",
    "Tank capacity": "59 l",
    "Energy consumption (comb.)": "10.4 l/100km",
    "CO₂ emissions (comb.)": "235 g/km"
  },
  "features": [
    "ABS",
    "Adaptive Cruise Control",
    "Adaptive lighting",
    "Alarm system",
    "Alloy wheels",
    "Ambient lighting",
    "Arm rest",
    "Autom. dimming interior mirror",
    "Blind spot assist",
    "Bluetooth",
    "Cargo barrier",
    "Central locking",
    "DAB radio",
    "Digital cockpit",
    "Distance warning system",
    "Dynamic chassis control",
    "Electric seat adjustment",
    "Electric side mirror",
    "Electric windows",
    "Emergency brake assist",
    "Emergency call system",
    "ESP",
    "Four-wheel drive",
    "Full Service History",
    "Glare-free high beam headlights",
    "Hands-free kit",
    "Head-up display",
    "Heated seats",
    "Heated steering wheel",
    "High beam assist",
    "Hill-start assist",
    "Immobilizer",
    "Induction charging for smartphones",
    "Isofix",
    "Keyless central locking",
    "Lane change assist",
    "Leather steering wheel",
    "LED headlights",
    "LED running lights",
    "Light sensor",
    "Lumbar support",
    "Multifunction steering wheel",
    "Navigation system",
    "Non-smoker vehicle",
    "On-board computer",
    "Particulate filter",
    "Power Steering",
    "Rain sensor",
    "Roof rack",
    "Seat ventilation",
    "Sound system",
    "Speed limit control system",
    "Sport seats",
    "Sports package",
    "Sports suspension",
    "Start-stop system",
    "Tinted windows",
    "Touchscreen",
    "Traction control",
    "Tuner/radio",
    "Tyre pressure monitoring",
    "USB port",
    "Voice control",
    "Warranty"
  ]
},
{
  "title": "BMW M3 xDrive Competition Touring ehem UPE 115.230€ ",
  "previewImage": "https://img.classistatic.de/api/v1/mo-prod/images/eb/eb1bbe84-eb61-4d8b-aae3-2a98748ce781?rule=mo-1600.jpg",
  "category": "EstateCar",
  "brand": "BMW",
  "model": "M3",
  "url": "https://suchen.mobile.de/fahrzeuge/details.html?id=432172852",
  "price.total.amount": 99500,
  "priceRating": {
    "rating": "Very good price",
    "priceRanges": {
      "Very good price": {
        "start": 77701,
        "end": 101000
      },
      "Good price": {
        "start": 101001,
        "end": 108800
      },
      "Fair price": {
        "start": 108801,
        "end": 121000
      },
      "Increased price": {
        "start": 121001,
        "end": 129900
      },
      "High price": {
        "start": 129901,
        "end": 144300
      }
    }
  },
  "description": "Getriebe\nAutomatik\nTechnik\nAllrad\nBordcomputer\nSperrdifferential\nAdaptives Daempfungssystem\nStart-Stop-Automatik\nVolldigitales Kombiinstrument\nAssistenten\nMüdigkeitserkennung\nPark-Lenk-Assistent\nRegensensor\nFernlichtassistent\nLichtsensor\nNotbremsassistent\nBerganfahrassistent\nSpurwechselassistent\nAbstandsregeltempomat\nAusparkassistent\nAbstands-/Kollisionswarner\nKomfort\nKlimaautomatik\nServolenkung\nZentralverriegelung\nElektrischer Fensterheber\nLederausstattung\nSitzheizung\nElektrische Aussenspiegel\nTeilbare Ruecksitzlehne\nTempomat\nMultifunktionslenkrad\nKeyless Go Startfunktion\nElektrische Sitze\nInnenspiegel autom. abblendbar\nMittelarmlehne\nInnenraumfilter\nLenksaeule einstellbar\nSportsitze\nParkDistanceControl vorne und hinten\nElektrische Heckklappe\nKeyless Entry\nMemory Sitze\nAmbientebeleuchtung\nLordosenstütze\nLederlenkrad\nGeschwindigkeitsbegrenzungsanlage\nKlimaautomatik-2-Zonen\nKlimaautomatik-3-Zonen\nFunkfernbedienung\nSicht\nLED-Hauptscheinwerfer\nadaptives Kurvenlicht\nLED-Tagfahrlicht\n360 Grad Kamera\nHEAD-UP-Display\nLED-Rueckleuchten\nScheinwerferregulierung\nColorverglasung\nPrivacyverglasung\nSicherheit\nABS\nAirbag\nBeifahrer-Airbag\nWegfahrsperre\nSeitenairbags\nAlarmanlage\nESP\nAntriebsschlupfregelung\nReifendruckkontrolle\nTraktionskontrolle\nKopfairbag\nKnieairbag\nKindersitzbefestigung\nAnhängerstabilisierung\nNotrufsystem\nPannenkit\nEntertainment\nNavigationssystem\nSoundsystem\nRadio\nTelefonvorbereitung\nUSB-Anschluss\nMP3\nHarman-Kardon\nBluetooth\nFreisprecheinrichtung\nSprachsteuerung\nDAB\nWLAN\nTouchscreen\nInduktionsladen für Smartphones\nMusikstreaming\nNavigationsvorbereitung\nUmwelt\nAbgasnorm Euro 6D\nGrüne Umweltplakette\nQualität\nGarantie\nScheckheftgepflegt\nHUAU neu\nNichtraucherfahrzeug\nSonstiges\nKatalysator\nMetallic\nAlufelgen\nDachreling\nGepaeckraumabdeckung\nStossfaenger in Wagenfarbe\nSportpaket\nSportfahrwerk\nLenkradheizung\nFahrerprofilauswahl\nGepäckraumabtrennung\n\nInt.KnNr: 2362138\nÄnderungen, Zwischenverkauf und Irrtümer vorbehalten.\nquality by dotzilla",
  "dealerDetails": {
    "id": 453713,
    "name": "Kohl automobile GmbH",
    "sellerType": "Dealer",
    "phones": [
      "+49 (0)241 9809709858"
    ],
    "languages": [
      "Deutsch",
      "English",
      "Français"
    ],
    "country": "DE",
    "address": "Neuenhofstr. 160, DE-52078 Aachen",
    "location": {
      "latitude": 50.7653702,
      "longitude": 6.1470706
    },
    "activeSince": "2001-06-07T00:00:00.000Z",
    "homepageUrl": "https://home.mobile.de/home/redirect.html?customerId=453713",
    "iconUrl": null,
    "reviewPageUrl": "https://www.mobile.de/bewertungen/KOHL-AACHEN?lang=en",
    "score": {
      "total": 4.2,
      "responseTime": 4.3,
      "friendliness": 4.3,
      "advice": 4
    },
    "activeRatingCount": 61,
    "vehicleAsDescribedPercentage": 90,
    "recommendPercentage": 77,
    "soldVehicleCount": null,
    "reviews": []
  },
  "attributes": {
    "Vehicle condition": "New vehicle, Accident-free",
    "Category": "Estate car",
    "Vehicle Number": "2362138",
    "Availability": "Now",
    "Origin": "German edition",
    "Mileage": "1 km",
    "Cubic Capacity": "2,993 ccm",
    "Power": "390 kW (530 hp)",
    "Drive type": "Internal combustion engine",
    "Fuel": "Petrol",
    "CO₂ class": "Based on CO₂ emissions (combined)",
    "Fuel consumption": [
      "10.4 l/100km (combined)",
      "15.8 l/100km (city)",
      "10.3 l/100km (suburban)",
      "8.8 l/100km (country road)",
      "9.8 l/100km (motorway)"
    ],
    "Energy costs for 15,000 km annual mileage": "€2,802/Year",
    "Fuel price": "€1.80/l (annual average 2024)",
    "Possible CO₂ costs over the next 10 years (15,000 km/year)": [
      "€4,439 (assuming an average CO₂ price of €127/t)",
      "€2,097 (assuming a low average CO₂ price of €60/t)",
      "€6,990 (assuming a high average CO₂ price of €200/t)"
    ],
    "Vehicle tax": "€472/Year",
    "Number of Seats": "5",
    "Door Count": "4/5",
    "Transmission": "Automatic",
    "Emission Class": "Euro6d",
    "Emissions Sticker": "4 (Green)",
    "Construction Year": "2025",
    "Number of Vehicle Owners": "0",
    "HU": "New",
    "Climatisation": "Automatic climatisation, 3 zones",
    "Parking sensors": "Rear, 360° camera, Front, Self-steering systems",
    "Airbags": "Front and Side and More Airbags",
    "Colour (Manufacturer)": "Skyscraper Grau metallic",
    "Colour": "Grey Metallic",
    "Interior Design": "Full leather, Black",
    "Cylinders": "6",
    "Energy consumption (comb.)": "10.4 l/100km",
    "CO₂ emissions (comb.)": "233 g/km"
  },
  "features": [
    "ABS",
    "Adaptive cornering lights",
    "Adaptive Cruise Control",
    "Alarm system",
    "Alloy wheels",
    "Ambient lighting",
    "Arm rest",
    "Autom. dimming interior mirror",
    "Bluetooth",
    "Cargo barrier",
    "Central locking",
    "DAB radio",
    "Digital cockpit",
    "Distance warning system",
    "Dynamic chassis control",
    "Electric seat adjustment",
    "Electric side mirror",
    "Electric tailgate",
    "Electric windows",
    "Eletric seat adjustment with memory function",
    "Emergency brake assist",
    "Emergency call system",
    "Emergency tyre repair kit",
    "ESP",
    "Fatigue warning system",
    "Folding exterior mirrors",
    "Four-wheel drive",
    "Full Service History",
    "Hands-free kit",
    "Head-up display",
    "Heated seats",
    "Heated steering wheel",
    "High beam assist",
    "Hill-start assist",
    "Immobilizer",
    "Induction charging for smartphones",
    "Integrated music streaming",
    "Isofix",
    "Keyless central locking",
    "Leather steering wheel",
    "LED headlights",
    "LED running lights",
    "Light sensor",
    "Lumbar support",
    "Multifunction steering wheel",
    "Navigation preparation",
    "Navigation system",
    "Non-smoker vehicle",
    "On-board computer",
    "Power Steering",
    "Rain sensor",
    "Rear traffic alert",
    "Roof rack",
    "Sound system",
    "Speed limit control system",
    "Sport seats",
    "Sports package",
    "Sports suspension",
    "Start-stop system",
    "Tinted windows",
    "Touchscreen",
    "Traction control",
    "Tuner/radio",
    "Tyre pressure monitoring",
    "USB port",
    "Voice control",
    "Warranty",
    "WLAN / Wi-Fi hotspot"
  ]
},
{
  "title": "BMW M3 Competition M xDrive",
  "previewImage": "https://img.classistatic.de/api/v1/mo-prod/images/ff/ffb59046-d3e0-46b1-ac41-0b32b84876c9?rule=mo-1600.jpg",
  "category": "Limousine",
  "brand": "BMW",
  "model": "M3",
  "url": "https://suchen.mobile.de/fahrzeuge/details.html?id=427190914",
  "price.total.amount": 99659,
  "priceRating": {
    "rating": "Good price",
    "priceRanges": {
      "Very good price": {
        "start": 76401,
        "end": 99400
      },
      "Good price": {
        "start": 99401,
        "end": 107000
      },
      "Fair price": {
        "start": 107001,
        "end": 119000
      },
      "Increased price": {
        "start": 119001,
        "end": 127800
      },
      "High price": {
        "start": 127801,
        "end": 142000
      }
    }
  },
  "description": "Fahrzeugnummer: NA78585\nUnsere Datenschutzhinweise finden Sie unter http://www.rhein-bmw.de/datenschutz.html\n\n\nSie erreichen uns direkt unter der Telefonnummer +4997215393914 \n\nHIGHLIGHTS & PAKETE\n1MB M DRIVE PROFESSIONAL\n493 Ablagenpaket\n6U3 BMW Live Cockpit Professional\n760 Hochglanz Shadow-Line\n7A2 Innovationspaket II\n7M9 M Shadow Line mit erweitertem Umfang\n\nASSISTENZSYSTEME\n5AU Driving Assistant Professional\n5DN Parkassistenzsystem Plus\n8WD Steuerung Fahrerassistenzsysteme\n\nMOTOR GETRIEBE & FAHRWERK\n1DF Abgasnorm EU6 rde II\n2T4 M Sportdifferenzial\n2VF Adaptives M Fahrwerk\n322 Komfortzugang\n\nAUDIO & KOMMUNIKATION\n654 DAB-Tuner (DAB+ fähig)\n688 Harman/Kardon Surround Sound System\n6C4 Connected Package Professional\n6PA Personal eSIM\n6VB Steuerung Infotainment\n851 Sprachversion deutsch\n\nINTERIEUR\n248 Lenkradheizung\n431 Innenspiegel automatisch abblendend\n459 Sitzverstellung elektrisch mit Memory\n488 Lordosenstütze Fahrer u. Beifahrer\n494 Sitzheizung Fahrer/Beifahrer\n4GQ M Sicherheitsgurte\n4LN INT. LEIST. ALU. RHOMBICLE ANTHR.\n4NW INSTRUMENTENTAFEL LUXURY\n4U0 Galvanikapplikation Bedienelemente\n534 Klimaautomatik\n5DA Deaktivierung Airbag Beifahrer\n5DC Kopfstützen im Fond klappbar\n6NX Storage tray wireless charging\n712 M Sportsitz\n775 Dachhimmel anthrazit\n879 Bordliteratur deutsch\n\nLICHT & SICHT\n3MF M Leuchten Shadow Line\n552 Adaptiver LED-Scheinwerfer\n5AC Fernlichtassistent\n\nRÄDER\n1U0 BMW LM Rad 826M JB\n2PA Radschraubensicherung\n2VB Reifendruckanzeige\n2VC Reifenreparatur-Set\n\nTECHNIK & SICHERHEIT\n302 Alarmanlage\n316 Automatische Heckklappenbetätigung\n430 Innen-/Aussensp. mit Abblendautomatik\n548 Kilometertacho\n5AV Active Guard\n8TF Aktiver Fussgängerschutz\n\nEXTERIEUR\n3M5 M COMPOUND-BREMSE ROT HOCHGLAENZ.\n420 Abgedunkelte Verglasung\n\nSONSTIGE AUSSTATTUNGEN\n230 Zusatzumfang EU-spezifisch\n428 Warndreieck und Verbandstasche\n801 Länderausführung Deutschland\n8EK Dummy-SALAPA\n8R3 COC ZUSATZUMFAENGE\n8R9 Kältemittel R1234yf\nL070 L070 Batteriegröße 70AH \nSie erreichen uns direkt unter der Telefonnummer +4997215393914. \n\n\nIhr Wunschfahrzeug konfigurieren wir Ihnen gerne im persönlichen Gespräch zu TOP-KONDITIONEN ! Bitte sprechen Sie uns an. \n\nIrrtum und Zwischenverkauf vorbehalten",
  "dealerDetails": {
    "id": 8829437,
    "name": "Filialbetrieb Rhein Schweinfurt Zweigniederlassung der Heermann und Rhein GmbH",
    "sellerType": "Dealer",
    "phones": [
      "+49 (0)9721 298304034"
    ],
    "languages": [
      "Deutsch",
      "English"
    ],
    "country": "DE",
    "address": "Amsterdamstrasse 3, DE-97424 Schweinfurt",
    "location": {
      "latitude": 50.0207111,
      "longitude": 10.2193064
    },
    "activeSince": "2012-11-05T00:00:00.000Z",
    "homepageUrl": "https://home.mobile.de/home/redirect.html?customerId=8829437",
    "iconUrl": null,
    "reviewPageUrl": "https://www.mobile.de/bewertungen/AUTOHAUSRHEINSCHWEINFURTZNDLDERAUTOHAUSHEERMANNUNDRHEINGMBH?lang=en",
    "score": {
      "total": 4.8,
      "responseTime": 5,
      "friendliness": 4.5,
      "advice": 5
    },
    "activeRatingCount": 2,
    "vehicleAsDescribedPercentage": 100,
    "recommendPercentage": 100,
    "soldVehicleCount": null,
    "reviews": []
  },
  "attributes": {
    "Vehicle condition": "New vehicle, Accident-free",
    "Category": "Saloon",
    "Availability": "Now",
    "Origin": "German edition",
    "Mileage": "0 km",
    "Cubic Capacity": "2,993 ccm",
    "Power": "390 kW (530 hp)",
    "Drive type": "Internal combustion engine",
    "Fuel": "Petrol, E10-enabled",
    "CO₂ class": "Based on CO₂ emissions (combined)",
    "Fuel consumption": [
      "10.1 l/100km (combined)",
      "15.3 l/100km (city)",
      "10.1 l/100km (suburban)",
      "8.7 l/100km (country road)",
      "9.5 l/100km (motorway)"
    ],
    "Energy costs for 15,000 km annual mileage": "€2,803/Year",
    "Fuel price": "€1.85/l (annual average 2024)",
    "Possible CO₂ costs over the next 10 years (15,000 km/year)": [
      "€3,950 (assuming an average CO₂ price of €115/t)",
      "€1,889 (assuming a low average CO₂ price of €55/t)",
      "€6,526 (assuming a high average CO₂ price of €190/t)"
    ],
    "Vehicle tax": "€456/Year",
    "Number of Seats": "5",
    "Door Count": "4/5",
    "Transmission": "Automatic",
    "Emission Class": "Euro6",
    "Climatisation": "Automatic climatisation, 2 zones",
    "Parking sensors": "360° camera",
    "Airbags": "Front and Side and More Airbags",
    "Colour (Manufacturer)": "M Brooklyn Grau",
    "Colour": "Grey Metallic",
    "Interior Design": "Full leather, Black",
    "Energy consumption (comb.)": "10.1 l/100km",
    "CO₂ emissions (comb.)": "229 g/km"
  },
  "features": [
    "ABS",
    "Alloy wheels",
    "Arm rest",
    "Autom. dimming interior mirror",
    "Central locking",
    "Daytime running lights",
    "Digital cockpit",
    "Electric seat adjustment",
    "Electric side mirror",
    "Electric windows",
    "Emergency brake assist",
    "Emergency call system",
    "ESP",
    "Fatigue warning system",
    "Four-wheel drive",
    "Full Service History",
    "Hands-free kit",
    "Heated seats",
    "Immobilizer",
    "Integrated music streaming",
    "Isofix",
    "Keyless central locking",
    "LED headlights",
    "Light sensor",
    "Multifunction steering wheel",
    "Navigation system",
    "Non-smoker vehicle",
    "On-board computer",
    "Power Steering",
    "Rain sensor",
    "Sound system",
    "Sports suspension",
    "Start-stop system",
    "Tinted windows",
    "Touchscreen",
    "Traction control",
    "Tuner/radio",
    "Tyre pressure monitoring",
    "USB port",
    "Warranty"
  ]
},
{
  "title": "BMW M3 Touring Komfortzugang, Sitzbelüftung, HK Surr",
  "previewImage": "https://img.classistatic.de/api/v1/mo-prod/images/f1/f1966245-bfd4-4842-820e-814e0d73bb4a?rule=mo-1600.jpg",
  "category": "EstateCar",
  "brand": "BMW",
  "model": "M3",
  "url": "https://suchen.mobile.de/fahrzeuge/details.html?id=408104259",
  "price.total.amount": 99500,
  "priceRating": {
    "rating": "Good price",
    "priceRanges": {
      "Very good price": {
        "start": 75501,
        "end": 98100
      },
      "Good price": {
        "start": 98101,
        "end": 105600
      },
      "Fair price": {
        "start": 105601,
        "end": 117500
      },
      "Increased price": {
        "start": 117501,
        "end": 126100
      },
      "High price": {
        "start": 126101,
        "end": 140100
      }
    }
  },
  "description": "Antrieb, Fahrwerk\nAdaptives M Fahrwerk\nAllrad\nBremsanlage: Compound - M Bremssystem (Bremssättel Rot)\nM Drive Professional\nM Sportdifferential\nSportfahrwerk\n\nAußenausstattung\nDachreling Hochglanz Shadow-Line\nLM-Felgen\n\nEditionen und Pakete\nAblagenpaket\nConnectedDrive Services (laufzeitgebundener Dienst)\nConnectedPackage Professional (laufzeitgebundener Dienst)\nExterieur-Paket M Carbon\nGepäckraum-Paket\nM Driver´s Package\n\nExterieur\nDach und Spiegelkappen schwarz\nDachreling\n\nFahrerassistenz\nFahrassistenz-System: Driving Assistant Professional\nGesetzlicher Notruf\nHead-Up Display\nParkassistent-Paket Plus\nRückfahrkamera\nSpurverlassenswarnung\nSpurwechselwarnung\nTeleServices\n\nIndividualumfänge\nBMW Individual Dachreling Hochglanz Shadow Line\nBMW Individual Hochglanz Shadow Line\nBMW Individual Hochglanz Shadow Line mit erweiterten Umfängen\nDachhimmel Individual anthrazit\nScheinwerfer BMW Individual Shadow-Line\n\nKomfort, Innenausstattung\nAbstandsregeltempomat\nAktive Sitzbelüftung vorn\nAmbiente-Beleuchtung\nAußenspiegel elektr. anklappbar\nBMW Live Cockpit Professional\nDurchladeeinrichtung (Mittelarmlehne hinten)\nDurchladesystem\nEinparkhilfe selbstlenkendes System\nFensterheber elektrisch vorn + hinten\nFensterheber, elektrisch\nFondkopfstützen klappbar\nFreisprecheinrichtung Bluetooth mit USB-/Audio-Schnittstelle\nGalvanikapplikation für Bedienelemente\nGeschwindigkeits-Regelanlage mit Bremsfunktion\nHead-up-Display Full Color\nInduktionsladeschale für Smartphone (Wireless Charging)\nInnen- und Aussenspiegel automatisch abblendend\nInnenausstattung: Interieurleisten Carbon\nInnenspiegel mit Abblendautomatik\nIsofix-Aufnahmen für Kindersitz\nKeyless Entry\nKlimaautomatic\nKlimaautomatik 3-Zonen mit autom. Umluft-Control\nKomfortzugang (Öffnungs- und Schließsystem)\nLeder\nLederlenkrad\nLendenwirbelstütze Sitz vorn links und rechts, elektr. verstellbar\nLenkrad (Leder) mit Multifunktion M-Technic\nLenkrad heizbar\nLicht- und Regensensor\nLordose\nLordosenstuetze fuer Fahrer und Beifahrer\nM Sicherheitsgurte\nM Sportsitze\nMultifunktion für Lenkrad\nMultifunktionslenkrad\nRadioempfang digital (DAB+)\nScheibenwischer mit Regensensor\nService-System: Augmented Reality für Navigation\nSitze vorn elektr. verstellbar (mit Memory)\nSitzheizung fuer Fahrer und Beifahrer\nSitzheizung vorn\nSitzverstellung, elektrisch mit Memory\nSonnenschutzrollo an Türscheiben hinten\nSonnenschutzverglasung\nSound-System Harman-Kardon\nSportsitze\nSpurhalteassistent\nTempomat\nVerglasung Akustikglas\nZentralverriegelung\n\nMultimedia\nBluetooth\nBMW Live Cockpit Professional (laufzeitgebundener Dienst)\nDAB Tuner\nFreisprecheinrichtung\nHarman Kardon Surround Sound System\nNavigationssystem\nRadio\nTelefon\nUSB Schnittstelle\n\nRäder\nAlufelgen\nLM-Felgen vorn/hinten: 9,5x19 / 10,5x20 (Doppelspeichen 826 M, Bicolor, Schwarz)\nRadschraubensicherung\nReifenreparatur-Set\n\nSitzbezug\nBMW Individual erw. Lederausstattung 'Merino' Tartufo\n\nSonstiges\nAbdeckkappen Außenspiegel M Carbon\nAblage für Wireless Charging \nActive Guard\nBlow by-Heizer\nCO2-Umfang\nDekodierung Zusatzfunktionen\nDeutsch / Bordliteratur\nDeutschland-Ausfuehrung\nElektrisch verstellbare Spiegel\nEU-spezifische Zusatzumfaenge\nFahrassistenz-System: aktiver Spurhalteassistent\nFahrassistenz-System: Ampel-Erkennung\nFahrassistenz-System: Ausweich-Assistent\nFahrassistenz-System: Einparkhilfe Seite\nFahrassistenz-System: Falschfahrwarnung\nFahrassistenz-System: Frontkollisionswarnung\nFahrassistenz-System: Heckaufprall-Vermeidung (Prävention Heckkollision)\nFahrassistenz-System: Kreuzungs-Assistent\nFahrassistenz-System: Park-Assistent\nFahrassistenz-System: Querverkehrs-Assistent\nFahrassistenz-System: Rückfahr-Assistent\nFahrassistenz-System: Rückfahrhilfe Notbremsfunktion (Active PDC)\nFahrassistenz-System: Spurwechselassistent\nFahrassistenz-System: Spurwechsel-Warnsystem\nGeschwindigkeits-Regelanlage, Aktiv mit Stop&Go-Funktion\nHeckdiffusor Carbon\nInduktionsladen für Smartphones\nInnenausstattung: Erweiterte Lederausstattung BMW Individual Leder Merino (Tartufo)\nInstrumententafel Luxury\nKältemittel\nKilometertacho\nMetallic-Lackierung\nÖlwartungsintervall 24 Monate/30.000 km\nPersonal eSIM \nReifendruckkontrollsystem\nRückfahrkamera\nRückfahrkamera (Top View)\nService-System: Remote 3D View\nSteuerung Infotainment\nSteuerung Karosserie\nSurround-Kamerasystem (Surround View)\nUltimate-Paket\n\nUmwelt, Sicherheit\nAbgasnorm EU6 RDE II\nABS\nAktiver Fussgängerschutz\nAlarmanlage\nAuto Start/Stop Funktion \nBeifahrerairbag\nBeifahrerairbag-Deaktivierung\nESP\nFahrassistenz-System: Fernlichtassistent\nFahrerairbag\nInnenspiegel, automatisch abblendend\nKindersitzbefestigung ISOFIX\nKopfairbag\nLED-Scheinwerfer\nLichtsensor\nNotbremsassistent\nPASM\nRegensensor\nReifen Druck Control\nScheinwerfer LED mit adaptiver Lichtverteilung\nSeitenairbag\nSicherheitssystem Active Protection\nTraction Control\nWarndreieck\nnicht an Wiederverkäufer\n* nur in Verbindung mit Leasing Irrtümer und Zwischenverkauf vorbehalten.",
  "dealerDetails": {
    "id": 461414,
    "name": "Autohaus Joas OHG",
    "sellerType": "Dealer",
    "phones": [
      "+49 (0)9071 582818828"
    ],
    "languages": [
      "Deutsch",
      "English"
    ],
    "country": "DE",
    "address": "Am Reitweg 10, DE-89407 Dillingen",
    "location": {
      "latitude": 48.5774351,
      "longitude": 10.5001204
    },
    "activeSince": "2002-09-11T00:00:00.000Z",
    "homepageUrl": "https://home.mobile.de/home/redirect.html?customerId=461414",
    "iconUrl": "https://img.classistatic.de/api/v1/mo-prod/images/6e/6e416c29-a61c-4674-9898-90607c116227?rule=mo-640.jpg",
    "reviewPageUrl": "https://www.mobile.de/bewertungen/AH-E-JOAS?lang=en",
    "score": {
      "total": 4.5,
      "responseTime": 4.5,
      "friendliness": 4.6,
      "advice": 4.4
    },
    "activeRatingCount": 37,
    "vehicleAsDescribedPercentage": 97,
    "recommendPercentage": 88,
    "soldVehicleCount": null,
    "reviews": []
  },
  "attributes": {
    "Vehicle condition": "New vehicle, Accident-free",
    "Category": "Estate car",
    "Model range": "G81",
    "Trim line": " Komfortzugang, Sitzbelüftung, HK Surround System",
    "Vehicle Number": "13556",
    "Availability": "Now",
    "Origin": "German edition",
    "Mileage": "10 km",
    "Cubic Capacity": "2,993 ccm",
    "Power": "390 kW (530 hp)",
    "Drive type": "Internal combustion engine",
    "Fuel": "Petrol, E10-enabled",
    "CO₂ class": "Based on CO₂ emissions (combined)",
    "Fuel consumption": [
      "10.4 l/100km (combined)",
      "15.8 l/100km (city)",
      "10.3 l/100km (suburban)",
      "8.8 l/100km (country road)",
      "9.8 l/100km (motorway)"
    ],
    "Energy costs for 15,000 km annual mileage": "€2,802/Year",
    "Fuel price": "€1.80/l (annual average 2024)",
    "Possible CO₂ costs over the next 10 years (15,000 km/year)": [
      "€4,458 (assuming an average CO₂ price of €127/t)",
      "€2,106 (assuming a low average CO₂ price of €60/t)",
      "€7,020 (assuming a high average CO₂ price of €200/t)"
    ],
    "Vehicle tax": "€476/Year",
    "Number of Seats": "5",
    "Door Count": "4/5",
    "Transmission": "Automatic",
    "Emission Class": "Euro6",
    "Emissions Sticker": "4 (Green)",
    "Construction Year": "2024",
    "Number of Vehicle Owners": "0",
    "HU": "New",
    "Climatisation": "Automatic climatisation, 3 zones",
    "Parking sensors": "Front, Self-steering systems, Rear, 360° camera",
    "Airbags": "Front and Side and More Airbags",
    "Colour (Manufacturer)": "sapphireschwarz",
    "Colour": "Black Metallic",
    "Interior Design": "Full leather, Brown",
    "Weight": "1,940 kg",
    "Tank capacity": "59 l",
    "Energy consumption (comb.)": "10.4 l/100km",
    "CO₂ emissions (comb.)": "234 g/km"
  },
  "features": [
    "ABS",
    "Adaptive Cruise Control",
    "Adaptive lighting",
    "Alarm system",
    "Alloy wheels",
    "Ambient lighting",
    "Android Auto",
    "Apple CarPlay",
    "Arm rest",
    "Autom. dimming interior mirror",
    "Blind spot assist",
    "Bluetooth",
    "Central locking",
    "DAB radio",
    "Digital cockpit",
    "Distance warning system",
    "Electric seat adjustment",
    "Electric side mirror",
    "Electric windows",
    "Emergency brake assist",
    "Emergency call system",
    "ESP",
    "Four-wheel drive",
    "Glare-free high beam headlights",
    "Hands-free kit",
    "Head-up display",
    "Heated seats",
    "Heated steering wheel",
    "High beam assist",
    "Hill-start assist",
    "Immobilizer",
    "Induction charging for smartphones",
    "Isofix",
    "Keyless central locking",
    "Lane change assist",
    "Leather steering wheel",
    "LED headlights",
    "LED running lights",
    "Light sensor",
    "Lumbar support",
    "Multifunction steering wheel",
    "Navigation system",
    "On-board computer",
    "Particulate filter",
    "Power Steering",
    "Rain sensor",
    "Roof rack",
    "Seat ventilation",
    "Sound system",
    "Speed limit control system",
    "Sport seats",
    "Sports package",
    "Sports suspension",
    "Start-stop system",
    "Summer tyres",
    "Touchscreen",
    "Traction control",
    "Tuner/radio",
    "Tyre pressure monitoring",
    "USB port",
    "Voice control"
  ]
},
{
  "title": "BMW M3 xDrive Competition Touring ehem UPE 115.230€ ",
  "previewImage": "https://img.classistatic.de/api/v1/mo-prod/images/1d/1d01e2e5-e9f7-46c3-a7f3-924589939c19?rule=mo-1600.jpg",
  "category": "EstateCar",
  "brand": "BMW",
  "model": "M3",
  "url": "https://suchen.mobile.de/fahrzeuge/details.html?id=433369247",
  "price.total.amount": 99900,
  "priceRating": {
    "rating": "Very good price",
    "priceRanges": {
      "Very good price": {
        "start": 77501,
        "end": 100700
      },
      "Good price": {
        "start": 100701,
        "end": 108500
      },
      "Fair price": {
        "start": 108501,
        "end": 120700
      },
      "Increased price": {
        "start": 120701,
        "end": 129500
      },
      "High price": {
        "start": 129501,
        "end": 143900
      }
    }
  },
  "description": "Getriebe\nAutomatik\nTechnik\nAllrad\nBordcomputer\nSperrdifferential\nAdaptives Daempfungssystem\nStart-Stop-Automatik\nVolldigitales Kombiinstrument\nAssistenten\nMüdigkeitserkennung\nPark-Lenk-Assistent\nRegensensor\nFernlichtassistent\nLichtsensor\nNotbremsassistent\nBerganfahrassistent\nSpurwechselassistent\nAbstandsregeltempomat\nAusparkassistent\nAbstands-/Kollisionswarner\nKomfort\nKlimaautomatik\nServolenkung\nZentralverriegelung\nElektrischer Fensterheber\nLederausstattung\nSitzheizung\nElektrische Aussenspiegel\nTeilbare Ruecksitzlehne\nTempomat\nMultifunktionslenkrad\nKeyless Go Startfunktion\nElektrische Sitze\nInnenspiegel autom. abblendbar\nMittelarmlehne\nInnenraumfilter\nLenksaeule einstellbar\nSportsitze\nParkDistanceControl vorne und hinten\nElektrische Heckklappe\nKeyless Entry\nMemory Sitze\nAmbientebeleuchtung\nLordosenstütze\nLederlenkrad\nGeschwindigkeitsbegrenzungsanlage\nKlimaautomatik-2-Zonen\nKlimaautomatik-3-Zonen\nFunkfernbedienung\nSicht\nLED-Hauptscheinwerfer\nadaptives Kurvenlicht\nLED-Tagfahrlicht\n360 Grad Kamera\nHEAD-UP-Display\nLED-Rueckleuchten\nScheinwerferregulierung\nColorverglasung\nPrivacyverglasung\nSicherheit\nABS\nAirbag\nBeifahrer-Airbag\nWegfahrsperre\nSeitenairbags\nAlarmanlage\nESP\nAntriebsschlupfregelung\nReifendruckkontrolle\nTraktionskontrolle\nKopfairbag\nKnieairbag\nKindersitzbefestigung\nAnhängerstabilisierung\nNotrufsystem\nPannenkit\nEntertainment\nNavigationssystem\nSoundsystem\nRadio\nTelefonvorbereitung\nUSB-Anschluss\nMP3\nHarman-Kardon\nBluetooth\nFreisprecheinrichtung\nSprachsteuerung\nDAB\nWLAN\nTouchscreen\nInduktionsladen für Smartphones\nMusikstreaming\nNavigationsvorbereitung\nUmwelt\nAbgasnorm Euro 6D\nGrüne Umweltplakette\nQualität\nGarantie\nScheckheftgepflegt\nHUAU neu\nNichtraucherfahrzeug\nSonstiges\nKatalysator\nAlufelgen\nDachreling\nGepaeckraumabdeckung\nStossfaenger in Wagenfarbe\nSportpaket\nSportfahrwerk\nLenkradheizung\nFahrerprofilauswahl\nGepäckraumabtrennung\n\nInt.KnNr: 2362121\nÄnderungen, Zwischenverkauf und Irrtümer vorbehalten.\nquality by dotzilla",
  "dealerDetails": {
    "id": 453713,
    "name": "Kohl automobile GmbH",
    "sellerType": "Dealer",
    "phones": [
      "+49 (0)241 9138014226"
    ],
    "languages": [
      "Deutsch",
      "English",
      "Français"
    ],
    "country": "DE",
    "address": "Neuenhofstr. 160, DE-52078 Aachen",
    "location": {
      "latitude": 50.7653702,
      "longitude": 6.1470706
    },
    "activeSince": "2001-06-07T00:00:00.000Z",
    "homepageUrl": "https://home.mobile.de/home/redirect.html?customerId=453713",
    "iconUrl": null,
    "reviewPageUrl": "https://www.mobile.de/bewertungen/KOHL-AACHEN?lang=en",
    "score": {
      "total": 4.2,
      "responseTime": 4.3,
      "friendliness": 4.3,
      "advice": 4
    },
    "activeRatingCount": 61,
    "vehicleAsDescribedPercentage": 90,
    "recommendPercentage": 77,
    "soldVehicleCount": null,
    "reviews": []
  },
  "attributes": {
    "Vehicle condition": "New vehicle, Accident-free",
    "Category": "Estate car",
    "Vehicle Number": "2362121",
    "Availability": "Now",
    "Origin": "German edition",
    "Mileage": "0 km",
    "Cubic Capacity": "2,993 ccm",
    "Power": "390 kW (530 hp)",
    "Drive type": "Internal combustion engine",
    "Fuel": "Petrol",
    "CO₂ class": "Based on CO₂ emissions (combined)",
    "Fuel consumption": [
      "10.3 l/100km (combined)",
      "15.4 l/100km (city)",
      "10.2 l/100km (suburban)",
      "8.9 l/100km (country road)",
      "9.7 l/100km (motorway)"
    ],
    "Energy costs for 15,000 km annual mileage": "€2,775/Year",
    "Fuel price": "€1.80/l (annual average 2024)",
    "Possible CO₂ costs over the next 10 years (15,000 km/year)": [
      "€4,439 (assuming an average CO₂ price of €127/t)",
      "€2,097 (assuming a low average CO₂ price of €60/t)",
      "€6,990 (assuming a high average CO₂ price of €200/t)"
    ],
    "Vehicle tax": "€472/Year",
    "Number of Seats": "5",
    "Door Count": "4/5",
    "Transmission": "Automatic",
    "Emission Class": "Euro6d",
    "Emissions Sticker": "4 (Green)",
    "Construction Year": "2025",
    "Number of Vehicle Owners": "0",
    "HU": "New",
    "Climatisation": "Automatic climatisation, 3 zones",
    "Parking sensors": "Rear, 360° camera, Front, Self-steering systems",
    "Airbags": "Front and Side and More Airbags",
    "Colour (Manufacturer)": "ISLE OF MAN GRUEN METALLIC",
    "Colour": "Green",
    "Interior Design": "Full leather, Black",
    "Cylinders": "6",
    "Energy consumption (comb.)": "10.3 l/100km",
    "CO₂ emissions (comb.)": "233 g/km"
  },
  "features": [
    "ABS",
    "Adaptive cornering lights",
    "Adaptive Cruise Control",
    "Alarm system",
    "Alloy wheels",
    "Ambient lighting",
    "Arm rest",
    "Autom. dimming interior mirror",
    "Bluetooth",
    "Cargo barrier",
    "Central locking",
    "DAB radio",
    "Digital cockpit",
    "Distance warning system",
    "Dynamic chassis control",
    "Electric seat adjustment",
    "Electric side mirror",
    "Electric tailgate",
    "Electric windows",
    "Eletric seat adjustment with memory function",
    "Emergency brake assist",
    "Emergency call system",
    "Emergency tyre repair kit",
    "ESP",
    "Fatigue warning system",
    "Folding exterior mirrors",
    "Four-wheel drive",
    "Full Service History",
    "Hands-free kit",
    "Head-up display",
    "Heated seats",
    "Heated steering wheel",
    "High beam assist",
    "Hill-start assist",
    "Immobilizer",
    "Induction charging for smartphones",
    "Integrated music streaming",
    "Isofix",
    "Keyless central locking",
    "Leather steering wheel",
    "LED headlights",
    "LED running lights",
    "Light sensor",
    "Lumbar support",
    "Multifunction steering wheel",
    "Navigation preparation",
    "Navigation system",
    "Non-smoker vehicle",
    "On-board computer",
    "Power Steering",
    "Rain sensor",
    "Rear traffic alert",
    "Roof rack",
    "Sound system",
    "Speed limit control system",
    "Sport seats",
    "Sports package",
    "Sports suspension",
    "Start-stop system",
    "Tinted windows",
    "Touchscreen",
    "Traction control",
    "Tuner/radio",
    "Tyre pressure monitoring",
    "USB port",
    "Voice control",
    "Warranty",
    "WLAN / Wi-Fi hotspot"
  ]
},
{
  "title": "BMW M3 Competition M xDrive Innovationsp. Klimaaut.",
  "previewImage": "https://img.classistatic.de/api/v1/mo-prod/images/fc/fc111d03-a001-4c27-80be-f859cd8cc1d2?rule=mo-1600.jpg",
  "category": "Limousine",
  "brand": "BMW",
  "model": "M3",
  "url": "https://suchen.mobile.de/fahrzeuge/details.html?id=433886246",
  "price.total.amount": 99690,
  "priceRating": {
    "rating": "Good price",
    "priceRanges": {
      "Very good price": {
        "start": 74701,
        "end": 97100
      },
      "Good price": {
        "start": 97101,
        "end": 104600
      },
      "Fair price": {
        "start": 104601,
        "end": 116300
      },
      "Increased price": {
        "start": 116301,
        "end": 124800
      },
      "High price": {
        "start": 124801,
        "end": 138700
      }
    }
  },
  "description": "Sonderausstattung\nS03M5 M Combound-Bremse Rot hochglänzend\nS03MF M Leuchten Shadow Line\nS0453 Aktive Sitzbelüftung vorn\nS04MC M Interieurleisten Carbon Fibre\nS04NW Instrumententafel Luxury\nS05AC Fernlichtassistent\nS05AU Driving Assistant Professional\nS05DN Parking Assistant Plus\nS06DR BMW Drive Recorder\nS07A2 Innovationspaket\nS07ME M Driver’s Package\n\nSonderausstattung ab Werk\n19'/20' M Schmiederäder Doppelspeiche 826 M Schwarz mit Mischbereifung\nM Sportdifferenzial\nReifenpannenset\nAdaptives Fahrwerk\nAlarmanlage\nAutomatische Heckklappenbetätigung\nKomfortzugang\nSonnenschutzverglasung\nInnen- und Außenspiegelpaket\nInnenspiegel.automatisch abblendend\nSitzverstellung elektrisch mit Memory\nLordosenstütze für Fahrer und Beifahrer\nAblagenpaket\nM Sicherheitsgurte\nGalvanikapplikation für Bedienelemente\nKlimaautomatik\nAdaptiver LED-Scheinwerfer\nHarman Kardon Surround Sound System\nWireless Charging Ablage\nBMW Live Cockpit Professional\nM Sportsitze\nM Hochglanz Shadow Line\nM Dachhimmel anthrazit\nBMW Individual Hochglanz Shadow Line\n\nSerienaustattung\nElektr. Sitz-Memory für Außenspiegel\nGeschwindigkeitsregelanlage\nEinparkhilfe vorne Sensor, Einparkhilfe hinten Sensor & Kamera, Einparkhilfe seitlich Sensor\nTagfahrlicht\nKopf-/Dach Airbag vorn und hinten\nFahrer-Airbag, Beifahrer-Airbag mit Deaktivierung für Beifahrerairbag\nSeiten-Airbag vorne\nArmlehne für Rücksitze\nFahrersitz Sportsitz mit sieben elektr. Verstellmöglichkeiten, Sitzheizung, Lehnenneigungsverstellung mit Memory, Längsverstellung mit Memory und Längsverstellung mit Memory 2-Wege elektrisch mit Sitzflächenneigungsverstellung mit Memory und mechanischer Oberschenkelauflage, Beifahrersitz Sportsitz mit sieben elektr. Verstellmöglichkeiten, Sitzheizung, elektrischer Lehnenneigungsverstellung, elektrischer Längsverstellung und elektrischer Höhenverstellung 2-Wege elektrisch mit elektrischer Sitzflächenneigungsverstellung und mechanischer Oberschenkelauflage\nSportfahrwerk\nAktive Radaufhängung mit wählbarer Einstellung elektronisch\nNavigationssystem mit Bedienung über Touch Screen, Datenquelle: Internet 14,90 Zoll-Bildschirm, Verkehrsinformation und Verkehrsinfo Monate inklusive: 24\nSportauspuff\nSprachbedienung herstellereigen und KI unterstützt\nTelematik mit automatischem Notruf, mit SIM im Fahrzeug, Tracking System, Concierge Service Monate inkl.: und Pannenhilfe\nKnie-Airbags Fahrer\nLokale Sprache Deutsch, BMW, 3er-Reihe, M3 Competition M xDrive A, M3 Competition und M3 Competition M xDrive A\nCrash Warnsystem aktiviert Bremslicht, automatische Notbremsung, Bremst bei niedriger Geschwindigkeit Mindestgeschw. Zur Aktivierung: 5 km/h Fußgängerschutz, visuelle/akustische Warnung, Funktion über 130 km/h 78 mph, Funktion über 50 km/h 30 mph, Funktion unter 50 km/h 30 mph und Überwachung Fahrstil\nBluetooth\nStart/Stop\nSpurassistent aktiviert Lenkung\nSichtschutzglas hinten und Seite hinten\nEinparkassistent hinten und vollautomatisches Ein- und Ausparken 90°\nDisplay mit 12,30 Zoll Bildschirm Kombiinstrument 1, Bildschirmgröße (cm):, Wahlrad und beinhaltet Augmented Reality, Display mit 14,90 Zoll Bildschirm und Touch-Bedienung Armaturenbrett 1, Bildschirmgröße (cm):, fix, Drehknopf, Touchpadsteuerung, nein, beinhaltet Augmented Reality und\nEnergie Rückgewinnung\nParkplatzinformation\nVerkehrszeichenerkennung\nAktives Differenzial Hinten\nInterner Speicher/Festplatte 320,00 GB\nFahrereinstellungen Motorcharakteristik, Lenkung und Fahrwerk\nWifi Netzwerk Anzahl Monate Vertrag inkl.: 999 und Verbindungsart: SIM-Karte erforderlich\nFernbedienung Klimaanlage per Internet, per Telefon, mit Zeitschaltuhr, mit Heizen und mit Kühlen\nKabelloses Ladekissen\nInstallierte Apps\nApp-Steuerung\n7 Airbags\nGarantie Antrieb - OEM Dauer (Monate) 36 und Gesamtfahrleistung (km) 9.999.999\nMobiltelefonintegration Apple CarPlay, Android Auto, Apple Monate inklusive: 999, Android Monate inklusive: 999, MirrorLink Monate inklusive: 0, Apple drahtlos und Android drahtlos\nAmbientelicht einhüllend, Farbauswahl und reaktives Licht\nWLTP Emissionen ICE, kombiniert: 228,0, kombiniert Fzg niedrig: 227,0 und kombiniert Fzg hoch: 230,0\nElektrisches System 12\nTorque vectoring Differential\nRemote Services Fensterbruchwarnung, Fahrzeug finden, Ton/Blinken, 999 Monate inklusive, Zielübertragung, Position teilen, Fahrzeugdiagnose und Fahrhistorie & Analyse\nOver air updates OTA updates\nAlkoholsperre\nUnfalldatenschreiber\nNotruf\nLaunch Control\nOptik Schwarz um Seitenfenster\nUSB Ladeanschluss vorne\nFarbige Gurte\nTürschwellerschutz Aluminium\nCarbondach\nMehrere Benutzerprofile\nIntegrierte Infotainmentnutzeroberfläche 24 Monate inkl.\n\n\n\nIrrtümer und Zwischenverkauf vorbehalten.\n\n(MOJS 24.08.2025 00.24)",
  "dealerDetails": {
    "id": 455002,
    "name": "Auto-Zentrum Bernhard Ernst GmbH & Co. KG",
    "sellerType": "Dealer",
    "phones": [
      "+49 (0)2302 289407519"
    ],
    "languages": [
      "Deutsch",
      "English",
      "Türkçe"
    ],
    "country": "DE",
    "address": "Crengeldanzstrasse 83, DE-58455 Witten",
    "location": {
      "latitude": 51.4506757,
      "longitude": 7.3252466
    },
    "activeSince": "2002-08-28T00:00:00.000Z",
    "homepageUrl": "https://home.mobile.de/home/redirect.html?customerId=455002",
    "iconUrl": "https://img.classistatic.de/api/v1/mo-prod/images/4a/4ae17180-5b50-426f-9340-68742aa9d0c0?rule=mo-640.jpg",
    "reviewPageUrl": "https://www.mobile.de/bewertungen/AZ-WITTEN?lang=en",
    "score": {
      "total": 4.7,
      "responseTime": 4.6,
      "friendliness": 4.7,
      "advice": 4.7
    },
    "activeRatingCount": 22,
    "vehicleAsDescribedPercentage": 94,
    "recommendPercentage": 94,
    "soldVehicleCount": null,
    "reviews": []
  },
  "attributes": {
    "Vehicle condition": "New vehicle, Accident-free",
    "Category": "Saloon",
    "Model range": "G80",
    "Trim line": "M3",
    "Vehicle Number": "3018701",
    "Availability": "Now",
    "Origin": "German edition",
    "Mileage": "0 km",
    "Cubic Capacity": "2,993 ccm",
    "Power": "390 kW (530 hp)",
    "Drive type": "Internal combustion engine",
    "Fuel": "Petrol, E10-enabled",
    "CO₂ class": "Based on CO₂ emissions (combined)",
    "Fuel consumption": [
      "10.1 l/100km (combined)",
      "15.3 l/100km (city)",
      "10.1 l/100km (suburban)",
      "8.7 l/100km (country road)",
      "8.7 l/100km (motorway)"
    ],
    "Energy costs for 15,000 km annual mileage": "€2,721/Year",
    "Fuel price": "€1.80/l (annual average 2025)",
    "Vehicle tax": "€456/Year",
    "Number of Seats": "5",
    "Door Count": "4/5",
    "Transmission": "Automatic",
    "Emission Class": "Euro 6e",
    "Emissions Sticker": "4 (Green)",
    "Climatisation": "Automatic climatisation, 3 zones",
    "Parking sensors": "360° camera, Self-steering systems, Front, Rear",
    "Airbags": "Front and Side and More Airbags",
    "Colour (Manufacturer)": "M Brooklyn Grau metallic",
    "Colour": "Grey Metallic",
    "Interior Design": "Full leather, Black",
    "Weight": "1,855 kg",
    "Cylinders": "6",
    "Tank capacity": "59 l",
    "Energy consumption (comb.)": "10.1 l/100km",
    "CO₂ emissions (comb.)": "229 g/km"
  },
  "features": [
    "ABS",
    "Adaptive cornering lights",
    "Adaptive Cruise Control",
    "Alarm system",
    "Alloy wheels",
    "Ambient lighting",
    "Android Auto",
    "Apple CarPlay",
    "Arm rest",
    "Autom. dimming interior mirror",
    "Blind spot assist",
    "Bluetooth",
    "Central locking",
    "DAB radio",
    "Digital cockpit",
    "Distance warning system",
    "Dynamic chassis control",
    "Electric seat adjustment",
    "Electric side mirror",
    "Electric tailgate",
    "Electric windows",
    "Eletric seat adjustment with memory function",
    "Emergency brake assist",
    "Emergency call system",
    "ESP",
    "Fatigue warning system",
    "Folding exterior mirrors",
    "Four-wheel drive",
    "Glare-free high beam headlights",
    "Hands-free kit",
    "Head-up display",
    "Heated seats",
    "High beam assist",
    "Hill-start assist",
    "Immobilizer",
    "Isofix",
    "Keyless central locking",
    "Lane change assist",
    "Leather steering wheel",
    "LED headlights",
    "LED running lights",
    "Light sensor",
    "Lumbar support",
    "Multifunction steering wheel",
    "Navigation system",
    "Non-smoker vehicle",
    "On-board computer",
    "Paddle shifters",
    "Power Steering",
    "Rain sensor",
    "Rear traffic alert",
    "Seat ventilation",
    "Sound system",
    "Speed limit control system",
    "Sport seats",
    "Sports package",
    "Sports suspension",
    "Start-stop system",
    "Tinted windows",
    "Touchscreen",
    "Traction control",
    "Traffic sign recognition",
    "Tuner/radio",
    "Tyre pressure monitoring",
    "USB port",
    "Voice control",
    "WLAN / Wi-Fi hotspot"
  ]
},
{
  "title": "BMW M3 Competition M xDrive Touring Harman/K Kamera",
  "previewImage": "https://img.classistatic.de/api/v1/mo-prod/images/7f/7f183426-3a93-42a6-ae8e-e002a6007f75?rule=mo-1600.jpg",
  "category": "EstateCar",
  "brand": "BMW",
  "model": "M3",
  "url": "https://suchen.mobile.de/fahrzeuge/details.html?id=432660075",
  "price.total.amount": 99908,
  "priceRating": {
    "rating": "Fair price",
    "priceRanges": {
      "Very good price": {
        "start": 68301,
        "end": 88700
      },
      "Good price": {
        "start": 88701,
        "end": 95600
      },
      "Fair price": {
        "start": 95601,
        "end": 106300
      },
      "Increased price": {
        "start": 106301,
        "end": 114100
      },
      "High price": {
        "start": 114101,
        "end": 126800
      }
    }
  },
  "description": "Sonstiges\nAblage für Wireless Charging\nABS\nActive Guard\nBMW Apps\nIndividual\nKlimaanlage oder -automatik\nLeder\nM Compound-Bremse, schwarz hochglänzend\nM Drive Professional\nM Leuchten Shadow Line\nPersonal eSIM\nSitzheizung\nSportfahrwerk\nUnfallfrei\n\nAntrieb, Fahrwerk\nAdaptives M Fahrwerk\nAllrad\nM Sportdifferenzial\n\nEditionen und Pakete\nAblagenpaket\nConnected Package Professional (laufzeitgebundener Dienst)\nConnectedDrive Services (laufzeitgebundener Dienst)\nInnovationspaket\nM Carbon Exterieurpaket\n\nExterieur\nDach und Spiegelkappen schwarz\nDachreling\n\nFahrerassistenz\nDriving Assistant Professional\nGesetzlicher Notruf\nParking Assistant Plus\nTeleservices\n\nIndividualumfänge\nM Dachreling Hochglanz Shadow Line\nM Hochglanz Shadow Line\nM Hochglanz Shadow Line mit erweiterten Umfängen\n\nKomfort, Innenausstattung\nFondkopfstützen klappbar\nGalvanikapplikation für Bedienelemente\nInnen- und Außenspiegelpaket\nKlimaautomatik\nKomfortzugang\nLenkradheizung\nM Carbon Schalensitze\nM Sicherheitsgurte\nSitzheizung für Fahrer und Beifahrer\nSitzverstellung elektrisch\nSitzverstellung elektrisch mit Memory für Fahrersitz\nSonnenschutzverglasung\n\nMultimedia\nBMW Live Cockpit Professional (laufzeitgebundener Dienst)\nDAB Tuner\nHarman Kardon Surround Sound System\n\nSitzbezug\nLeder Merino Schwarz/Schwarz\n\nUmwelt, Sicherheit\nActive Protection\nAdaptiver LED-Scheinwerfer\nAktiver Fußgängerschutz\nAlarmanlage mit Fernbedienung\nBeifahrerairbag-Deaktivierung\nFernlichtassistent\nInnenspiegel automatisch abblendend\nReifendruck-Kontrolle\n\nWeiteres\nLM-Räder, 2 Jahre BMW Premium Selection Garantie inkl. lt.Garantiebedingungen,Optional BMW Service Inklusive zusätzlich bestellbar, ehemaligeunverbindliche Preisempfehlung des Herstellers 124.730,-,8-Gang M Steptronic Getriebe\n\nunverbindliche Fahrzeugbewertung: https://dein.auto/40D0F31F Irrtümer und Zwischenverkauf vorbehalten.",
  "dealerDetails": {
    "id": 452884,
    "name": "BMW Niederlassung München – Filiale Fröttmaning",
    "sellerType": "Dealer",
    "phones": [
      "+49 (0)89 4132551988"
    ],
    "languages": [
      "Deutsch",
      "English",
      "Italiano",
      "Français",
      "Polski",
      "Español",
      "Türkçe"
    ],
    "country": "DE",
    "address": "Werner-Heisenberg-Allee 10, DE-80939 München",
    "location": {
      "latitude": 48.2095253,
      "longitude": 11.6202108
    },
    "activeSince": "2002-11-15T00:00:00.000Z",
    "homepageUrl": "https://home.mobile.de/home/redirect.html?customerId=452884",
    "iconUrl": "https://img.classistatic.de/api/v1/mo-prod/images/ab/ab44a6e7-2fe8-4742-9784-0d79cea363ae?rule=mo-640.jpg",
    "reviewPageUrl": "https://www.mobile.de/bewertungen/BMW-NL-MUENCHEN?lang=en",
    "score": {
      "total": 4.3,
      "responseTime": 4.3,
      "friendliness": 4.4,
      "advice": 4.1
    },
    "activeRatingCount": 179,
    "vehicleAsDescribedPercentage": 85,
    "recommendPercentage": 83,
    "soldVehicleCount": null,
    "reviews": []
  },
  "attributes": {
    "Vehicle condition": "Used vehicle",
    "Category": "Estate car, Employee's Car",
    "Model range": "M3 touring",
    "Trim line": "M xDrive Touring Harman/K Kamera",
    "Vehicle Number": "MX358290",
    "Availability": "Now",
    "Origin": "German edition",
    "Mileage": "14,870 km",
    "Cubic Capacity": "2,993 ccm",
    "Power": "390 kW (530 hp)",
    "Drive type": "Internal combustion engine",
    "Fuel": "Petrol, E10-enabled",
    "CO₂ class": "Based on CO₂ emissions (combined)",
    "Fuel consumption": [
      "10.4 l/100km (combined)",
      "15.7 l/100km (city)",
      "10.3 l/100km (suburban)",
      "8.8 l/100km (country road)",
      "9.8 l/100km (motorway)"
    ],
    "Energy costs for 15,000 km annual mileage": "€0/Year",
    "Fuel price": "€1.80/l (annual average 2024)",
    "Possible CO₂ costs over the next 10 years (15,000 km/year)": [
      "€0 (assuming an average CO₂ price of €127/t)",
      "€0 (assuming a low average CO₂ price of €60/t)",
      "€0 (assuming a high average CO₂ price of €200/t)"
    ],
    "Number of Seats": "5",
    "Door Count": "4/5",
    "Transmission": "Automatic",
    "Emission Class": "Euro6",
    "Emissions Sticker": "4 (Green)",
    "First Registration": "03/2025",
    "Construction Year": "2025",
    "Number of Vehicle Owners": "1",
    "HU": "03/2028",
    "Climatisation": "Automatic air conditioning",
    "Parking sensors": "Self-steering systems, Rear, Front",
    "Airbags": "Front Airbags",
    "Colour (Manufacturer)": "BMW Individual Dravitgrau",
    "Colour": "Grey Metallic",
    "Interior Design": "Full leather, Black",
    "Energy consumption (comb.)": "10.4 l/100km",
    "CO₂ emissions (comb.)": "234 g/km"
  },
  "features": [
    "ABS",
    "Adaptive lighting",
    "Alarm system",
    "Alloy wheels",
    "Autom. dimming interior mirror",
    "Bluetooth",
    "Central locking",
    "DAB radio",
    "Digital cockpit",
    "Electric seat adjustment",
    "Electric windows",
    "Eletric seat adjustment with memory function",
    "Emergency call system",
    "ESP",
    "Four-wheel drive",
    "Glare-free high beam headlights",
    "Hands-free kit",
    "Heated seats",
    "Heated steering wheel",
    "High beam assist",
    "Hill-start assist",
    "Immobilizer",
    "Induction charging for smartphones",
    "Isofix",
    "Keyless central locking",
    "LED headlights",
    "LED running lights",
    "Light sensor",
    "Multifunction steering wheel",
    "Navigation system",
    "On-board computer",
    "Power Steering",
    "Rain sensor",
    "Roof rack",
    "Sound system",
    "Sport seats",
    "Sports suspension",
    "Start-stop system",
    "Tinted windows",
    "Touchscreen",
    "Traction control",
    "Tuner/radio",
    "Tyre pressure monitoring",
    "Voice control",
    "Warranty"
  ]
},
{
  "title": "BMW M3 Competition Limousine M xDrive Innovationspak",
  "previewImage": "https://img.classistatic.de/api/v1/mo-prod/images/be/bed3dbb0-91dd-41a4-93ba-3c1c357b00da?rule=mo-1600.jpg",
  "category": "Limousine",
  "brand": "BMW",
  "model": "M3",
  "url": "https://suchen.mobile.de/fahrzeuge/details.html?id=424803251",
  "price.total.amount": 99930,
  "priceRating": {
    "rating": "Good price",
    "priceRanges": {
      "Very good price": {
        "start": 73601,
        "end": 95700
      },
      "Good price": {
        "start": 95701,
        "end": 103100
      },
      "Fair price": {
        "start": 103101,
        "end": 114700
      },
      "Increased price": {
        "start": 114701,
        "end": 123100
      },
      "High price": {
        "start": 123101,
        "end": 136800
      }
    }
  },
  "description": "Profitieren Sie von den Vorteilen einer Online-Beratung inkl. vollständiger Abwicklung über unser ahg Online Autohaus!\nWeitere Informationen dazu finden Sie unter: https://www.ahg-mobile.de/de/online-autohaus.\nIhr Ansprechpartner:\nahg Onlinevertrieb\nTel: 0781/608-77\nE-Mail: onlinevertrieb@ahg-mobile.de\n\nSonderausstattung:\nAktive Sitzbelüftung vorn\nDekodierung Zusatzfunktionen\nInnovationspaket \n(Automatische Heckklappenbetätigung\nKomfortzugang\nAdaptiver LED-Scheinwerfer\nFernlichtassistent\nDriving Assistant Professional)\nLenkradheizung\nM Compound-Bremse schwarz hochglänzend\nM Driver's Package\nM Leuchten Shadow Line\nParking Assistant Plus\n\nSerienausstattung:\n19'/20' M Schmiederäder Doppelspeiche 826 M Schwarz / MB\nAblage für Wireless Charging\nAblagenpaket\nAdaptives M Fahrwerk\nAktiver Fußgängerschutz\nAlarmanlage\nBMW Live Cockpit Professional\nConnected Package Professional\nConnectedDrive Services\nDAB-Tuner\nDeaktivierung Beifahrerairbag\nFondkopfstützen klappbar\nGalvanikapplikation für Bedienelemente\nGesetzlicher Notruf\nHarman Kardon Surround Sound System\nInnen- und Außenspiegelpaket\nInnenspiegel automatisch abblendend\nKlimaautomatik\nLordosenstütze für Fahrer und Beifahrer\nM Dachhimmel anthrazit\nM Drive Professional\nM Hochglanz Shadow Line\nM Hochglanz Shadow Line mit erweiterten Umfängen\nM Sicherheitsgurte\nM Sportdifferenzial\nM Sportsitze\nPersonal eSIM\nRadschraubensicherung\nReifendruck-Kontrolle\nReifenreparatur Set\nSitzheizung für Fahrer und Beifahrer\nSitzverstellung elektrisch mit Memory für Fahrersitz\nSonnenschutzverglasung\nSteuerung EfficientDynamics\nTeleservices\n\n(Änderungen, Irrtümer und Zwischenverkauf vorbehalten!)",
  "dealerDetails": {
    "id": 14775403,
    "name": "Online Autohaus - ahg Autohandelsgesellschaft mbH",
    "sellerType": "Dealer",
    "phones": [
      "+49 (0)7451 520906908"
    ],
    "languages": [
      "Deutsch",
      "English",
      "Italiano"
    ],
    "country": "DE",
    "address": "Weberstraße 13, DE-72160 Horb am Neckar",
    "location": {
      "latitude": 48.4573232,
      "longitude": 8.695715
    },
    "activeSince": "2016-05-12T00:00:00.000Z",
    "homepageUrl": "https://home.mobile.de/home/redirect.html?customerId=14775403",
    "iconUrl": "https://img.classistatic.de/api/v1/mo-prod/images/3d/3d9b8f70-c574-40f1-a564-50077ef1f016?rule=mo-640.jpg",
    "reviewPageUrl": "https://www.mobile.de/bewertungen/PKWOUTLET?lang=en",
    "score": {
      "total": 4.6,
      "responseTime": 4.7,
      "friendliness": 4.6,
      "advice": 4.6
    },
    "activeRatingCount": 11,
    "vehicleAsDescribedPercentage": 90,
    "recommendPercentage": 100,
    "soldVehicleCount": null,
    "reviews": []
  },
  "attributes": {
    "Vehicle condition": "Used vehicle, Accident-free",
    "Category": "Saloon, Demonstration Vehicle",
    "Availability": "Now",
    "Mileage": "10 km",
    "Cubic Capacity": "2,993 ccm",
    "Power": "390 kW (530 hp)",
    "Drive type": "Internal combustion engine",
    "Fuel": "Petrol",
    "CO₂ class": "Based on CO₂ emissions (combined)",
    "Fuel consumption": [
      "10.1 l/100km (combined)",
      "15.3 l/100km (city)",
      "10.1 l/100km (suburban)",
      "8.7 l/100km (country road)",
      "9.5 l/100km (motorway)"
    ],
    "Number of Seats": "5",
    "Door Count": "4/5",
    "Transmission": "Automatic",
    "Emission Class": "Euro6",
    "Emissions Sticker": "4 (Green)",
    "First Registration": "04/2025",
    "Number of Vehicle Owners": "1",
    "Climatisation": "Automatic air conditioning",
    "Parking sensors": "Self-steering systems, Rear, Camera, Front",
    "Airbags": "Front and Side and More Airbags",
    "Colour (Manufacturer)": "BMW Individual Tansanitblau m",
    "Colour": "Blue Metallic",
    "Interior Design": "Full leather, Black",
    "Energy consumption (comb.)": "10.1 l/100km",
    "CO₂ emissions (comb.)": "229 g/km"
  },
  "features": [
    "ABS",
    "Adaptive Cruise Control",
    "Adaptive lighting",
    "Alarm system",
    "Alloy wheels",
    "Bluetooth",
    "Central locking",
    "DAB radio",
    "Daytime running lights",
    "Electric seat adjustment",
    "Electric side mirror",
    "Electric windows",
    "ESP",
    "Four-wheel drive",
    "Full Service History",
    "Hands-free kit",
    "Head-up display",
    "Heated seats",
    "Immobilizer",
    "Isofix",
    "LED headlights",
    "Light sensor",
    "Multifunction steering wheel",
    "Navigation system",
    "Non-smoker vehicle",
    "On-board computer",
    "Particulate filter",
    "Power Steering",
    "Rain sensor",
    "Seat ventilation",
    "Sport seats",
    "Sports package",
    "Sports suspension",
    "Start-stop system",
    "Traction control",
    "Tuner/radio"
  ]
},
{
  "title": "BMW M3 Touring x Drive CompetitionCarbon ",
  "previewImage": "https://img.classistatic.de/api/v1/mo-prod/images/22/2288437c-4512-4aab-94c7-8c580bb978a3?rule=mo-1600.jpg",
  "category": "EstateCar",
  "brand": "BMW",
  "model": "M3",
  "url": "https://suchen.mobile.de/fahrzeuge/details.html?id=431161009",
  "price.total.amount": 99400,
  "priceRating": {
    "rating": "Good price",
    "priceRanges": {
      "Very good price": {
        "start": 71101,
        "end": 92400
      },
      "Good price": {
        "start": 92401,
        "end": 99500
      },
      "Fair price": {
        "start": 99501,
        "end": 110600
      },
      "Increased price": {
        "start": 110601,
        "end": 118800
      },
      "High price": {
        "start": 118801,
        "end": 132000
      }
    }
  },
  "description": "Fahrzeug Nummer für Anfragen: 13870A\n\n0171 4781105\n\nDeutsches Fahrzeug\nInspektionsnachweise vorhanden \n\n\nAssistenzsysteme:\nPDC (Einparkhilfe), Speed Limit Info, Spurassistent, Surround View, Tempomat, Parkassistent, 360-Grad-Kamera, Überholverbotsanzeige, Frontkamera, Parking Assistant, Rückfahrkamera, City-/Notbremsassistent / Funktion, Müdigkeitserkennung / Aufmerksamkeitsassistent, Rückfahrassistent, AutoHold Funktion/Halteassistent, Berganfahrassistent, Lichtsensor, Regensensor, 3D View / Vorbereitung, Fußgängererkennung, Umgebungskamera, Active Guard, BMW Drive Recorder, Einparkhilfe Seite, Einparkhilfe vorne, intelligenter Notruf, Multifunktionskamera, Parking Assistant Plus, Speed Limit Device, TeleServices.\nLicht:\nLED Scheinwerfer, LED (Teil)-Rückleuchten, LED Tagfahrlicht, Heimleuchtautomatik, Blinkleuchten seitlich in die Außenspiegel integriert, LED Kennzeichenleuchte.\nMedia & Infotainment:\nNavigation / Online Navigation, Harman Kardon Surround Sound System, Bluetooth Schnittstelle, DAB Tuner, Freisprecheinrichtung, USB-Schnittstelle/Anschluss, 3D-Kartendarstellung, BMW Live Cockpit Professional, Splitscreen-Funktion, APPS, Touchscreen-Display, Connected Package Professional, Radio, Audiosystem MP3-fähig, iPod®/iPhone®/Android Schnittstelle, Controller auf Mittelkonsole, Sprachsteuerung-/Bedienung, Telefonvorbereitung mit Bluetooth, Telefonie mit Wireless Charging, BMW Connected, BMW Online / Vorbereitung, ConnectedDrive Services.\nSicherheit & Technik:\nM Drive, adaptives M-Fahrwerk, Dynamic Stability Control (DSC), Dynamische Traktions Control (DTC), Sportdifferenzial, Cornering Brake Control, Beifahrerairbag, Beifahrerairbag-Deaktivierung, Fahrerairbag, Knieairbag, Kopfairbags hinten, Kopfairbagsystem, Seitenairbags vorn, Alarmanlage, Antiblockiersystem (ABS), Bremsassistent (BAS), Fahrzeugfront mit Fußgängerschutz, Gespannstabilisierung, Gurtanlegekontrolle, Gurtkraftbegrenzer, M Drive Professional, M Traction Control, Seitenaufprallschutz, Sicherheitsgurte mit Gurtstraffern, Wegfahrsperre.\nKomfort & Klima:\nHead-Up Display, Sitzheizung, Klimaautomatik, Innen-/Aussenspiegel automatisch abblendend, elektrische Sitzverstellung Fahrer/Beifahrer mit Fahrermemory, Top View, Spiegel elektrisch klappbar, Telematik/Notrufsystem (Vorbereitung), Außenspiegel mit Beifahrerspiegelabsenkung, Bordcomputer, elektrische Parkbremse, Komfortblinker (1xAntippen = 3xBlinken), Lordose / Lendenwirbelstütze, elektr. Spiegel beheizt, elektrische Fensterheber, ISOFIX Kindersitzbefestigung, Zentralverriegelung mit Fernbedienung, (3-Zonen Klimaautomatik), 12V Steckdose, abgedunkelte Scheibe(n), Akustikverglasung, ATA / Aussentemperaturanzeige, Begrüßungslicht über Funkfernbedienung, Center Lock Schalter, Colorglas, Heckfenster separat zu öffnen, Heckscheibenwischer, Komfortschliessung / -öffnung der Fenster, Luftgütesensor, Mittelarmlehne, Servolenkung, Sportsitz(e), teilbare Rücksitzbank/-Lehne, Top Tether, verstellbare Oberschenkelauflage.\nReifen & Felgen:\n19/20 Zoll Alufelgen, Pannenset, Reifendruck-Kontrolle.\nExterieur & Design:\nDachreling, Außenspiegelpaket, Carbon Heckdiffusor, Shadow Line, Bremssättel schwarz glänzend, Compoundbremsscheiben innenbelüftet, Carbon Exterieurpaket, Carbon Spiegelkappen, Dachspoiler, Laptimer, M Drift Analyser.\nInterieur & Design:\nLenkradheizung, Multifunktionslenkrad, Dachhimmel anthrazit, virtuelle Instrumente, M Fahrerfußstütze, Schaltwippen am Lenkrad, Sportlederlenkrad, Widescreen Display, Ambientebeleuchtung, Applikationen Innenraum in Carbon, Bedienelemente am Lenkrad, Einstiegsleisten mit M-Schriftzug, Getränkehalter, Lenkradverstellung, M Sicherheitsgurte.\nGepäck- / Ladehilfen:\nautomatische Heckklappe-/Deckel, Fernentriegelung für Gepäckraumklappe, Ablagenpaket, Durchladesystem/-funktion, Gepäcknetz(e), Ladekantenschutz, Laderaumabdeckung.\nUmwelt & Laden:\nBremsenergie-Rückgewinnung, E10 geeignet, EURO 6e, Katalysator, Ottopartikelfilter, Start/Stopp Automatic, Umweltplakette 4.\nGetriebe:\nDKG Drivelogic.\nIrrtürmer und zwischen Verkauf vorbehalten \nErsparen Sie sich lange Wartezeiten und nutzen Sie Ihre wertvolle Zeit optimal: vereinbaren Sie einen Termin für eine persönliche Beratung oder Probefahrt. Wir freuen uns darauf, Sie individuell betreuen zu können und Ihnen ein erstklassiges Autoerlebnis zu bieten.\nZwischenverkauf und Irrtümer für dieses Angebot sind ausdrücklich vorbehalten. \nDie Fahrzeugbeschreibung dient lediglich der allgemeinen Identifizierung des Fahrzeuges und stellt keine Gewährleistung im kaufrechtlichen Sinne dar!",
  "dealerDetails": {
    "id": 457660,
    "name": "Autohandel Dayan GmbH Semih Dayan",
    "sellerType": "Dealer",
    "phones": [
      "+49 (0)2561 968199863"
    ],
    "languages": [
      "Deutsch",
      "العربية",
      "English",
      "Türkçe"
    ],
    "country": "DE",
    "address": "Dieselstrasse 19, DE-48683 Ahaus",
    "location": {
      "latitude": 52.0840865,
      "longitude": 7.0277331
    },
    "activeSince": "2000-03-21T00:00:00.000Z",
    "homepageUrl": "https://home.mobile.de/home/redirect.html?customerId=457660",
    "iconUrl": null,
    "reviewPageUrl": "https://www.mobile.de/bewertungen/DAYAN?lang=en",
    "score": {
      "total": 4.3,
      "responseTime": 4.4,
      "friendliness": 4.4,
      "advice": 4.2
    },
    "activeRatingCount": 30,
    "vehicleAsDescribedPercentage": 95,
    "recommendPercentage": 75,
    "soldVehicleCount": null,
    "reviews": []
  },
  "attributes": {
    "Vehicle condition": "Used vehicle, Accident-free",
    "Category": "Estate car",
    "Vehicle Number": "13870A Phone 01714781105",
    "Origin": "German edition",
    "Mileage": "9,901 km",
    "Cubic Capacity": "2,993 ccm",
    "Power": "390 kW (530 hp)",
    "Drive type": "Internal combustion engine",
    "Fuel": "Petrol",
    "CO₂ class": "Based on CO₂ emissions (combined)",
    "Fuel consumption": [
      "8.4 l/100km (combined)"
    ],
    "Energy costs for 15,000 km annual mileage": "€2,331/Year",
    "Fuel price": "€1.85/l (annual average 2024)",
    "Possible CO₂ costs over the next 10 years (15,000 km/year)": [
      "€3,554 (assuming an average CO₂ price of €115/t)",
      "€1,545 (assuming a low average CO₂ price of €50/t)",
      "€5,871 (assuming a high average CO₂ price of €190/t)"
    ],
    "Number of Seats": "5",
    "Door Count": "4/5",
    "Transmission": "Automatic",
    "Emission Class": "Euro6d-TEMP",
    "Emissions Sticker": "4 (Green)",
    "First Registration": "04/2025",
    "Number of Vehicle Owners": "1",
    "HU": "04/2028",
    "Climatisation": "Automatic climatisation, 2 zones",
    "Parking sensors": "Front, Camera, Rear",
    "Airbags": "Front and Side and More Airbags",
    "Colour (Manufacturer)": "Saphiraschwarzmetallic ",
    "Colour": "Black Metallic",
    "Interior Design": "Full leather, Black",
    "Energy consumption (comb.)": "8.4 l/100km",
    "CO₂ emissions (comb.)": "206 g/km"
  },
  "features": [
    "ABS",
    "Adaptive Cruise Control",
    "Adaptive lighting",
    "Air suspension",
    "Alarm system",
    "Alloy wheels",
    "Ambient lighting",
    "Android Auto",
    "Apple CarPlay",
    "Arm rest",
    "Autom. dimming interior mirror",
    "Bluetooth",
    "Central locking",
    "DAB radio",
    "Daytime running lights",
    "Digital cockpit",
    "Electric seat adjustment",
    "Electric side mirror",
    "Electric windows",
    "Emergency tyre repair kit",
    "Fatigue warning system",
    "Four-wheel drive",
    "Full Service History",
    "Hands-free kit",
    "Head-up display",
    "Heated seats",
    "Immobilizer",
    "Laser headlights",
    "Leather steering wheel",
    "Light sensor",
    "Lumbar support",
    "Multifunction steering wheel",
    "Navigation system",
    "Non-smoker vehicle",
    "On-board computer",
    "Paddle shifters",
    "Passenger seat Isofix point",
    "Power Steering",
    "Rain sensor",
    "Sound system",
    "Sport seats",
    "Sports package",
    "Sports suspension",
    "Start-stop system",
    "Tinted windows",
    "Traction control",
    "Tyre pressure monitoring",
    "USB port",
    "Warranty",
    "Winter package"
  ]
},
{
  "title": "BMW M3 Competition M xDrive Touring Facelift Keramik",
  "previewImage": "https://img.classistatic.de/api/v1/mo-prod/images/03/03c9a8a0-ee37-4eb0-ad88-ba6b8bd634fb?rule=mo-1600.jpg",
  "category": "EstateCar",
  "brand": "BMW",
  "model": "M3",
  "url": "https://suchen.mobile.de/fahrzeuge/details.html?id=428764021",
  "price.total.amount": 99750,
  "priceRating": {
    "rating": "Fair price",
    "priceRanges": {
      "Very good price": {
        "start": 65701,
        "end": 85400
      },
      "Good price": {
        "start": 85401,
        "end": 92000
      },
      "Fair price": {
        "start": 92001,
        "end": 102400
      },
      "Increased price": {
        "start": 102401,
        "end": 109900
      },
      "High price": {
        "start": 109901,
        "end": 122100
      }
    }
  },
  "description": "Antrieb, Fahrwerk\nAdaptives M Fahrwerk\nAllrad\nBremsanlage: M Carbon-Keramik\nM Drive Professional\nM Sportdifferenzial\nSportfahrwerk\n\nAußenausstattung\nDachreling Hochglanz Shadow-Line\nHeckklappenbetätigung automatisch\nLM-Felgen\nSonnenschutzverglasung (hinten abgedunkelt)\n\nEditionen und Pakete\nAblagenpaket\nConnected Package Professional (laufzeitgebundener Dienst)\nConnectedDrive Services (laufzeitgebundener Dienst)\nExterieur-Paket M Carbon\nGepäckraum-Paket\nInnovations-Paket (2)\n\nExterieur\nDach und Spiegelkappen schwarz\nDachreling\nElektrische Gepäckraumklappe\n\nFahrerassistenz\nFahrassistenz-System: Driving Assistant Professional\nGesetzlicher Notruf\nHead-Up Display\nParkassistent-Paket Plus\nRückfahrkamera\nSpurverlassenswarnung\nSpurwechselwarnung\nTeleservices\n\nIndividualumfänge\nM Dachreling Hochglanz Shadow Line\nM Hochglanz Shadow Line\nM Hochglanz Shadow Line mit erweiterten Umfängen\nScheinwerfer BMW Individual Shadow-Line\n\nKomfort, Innenausstattung\nAbstandsregeltempomat\nAmbiente-Beleuchtung\nAußenspiegel elektr. anklappbar\nBMW Live Cockpit Professional\nDurchladeeinrichtung (Mittelarmlehne hinten)\nDurchladesystem\nEinparkhilfe selbstlenkendes System\nFensterheber elektrisch vorn + hinten\nFensterheber, elektrisch\nFondkopfstützen klappbar\nFreisprecheinrichtung Bluetooth mit USB-/Audio-Schnittstelle\nGalvanikapplikation für Bedienelemente\nGepäckraum-Abtrennung (Netz)\nGeschwindigkeits-Regelanlage mit Bremsfunktion\nHead-up-Display Full Color\nInduktionsladeschale für Smartphone (Wireless Charging)\nInnen- und Außenspiegelpaket\nInnenausstattung: Interieurleisten Carbon\nInnenspiegel mit Abblendautomatik\nIsofix-Aufnahmen für Kindersitz\nKeyless Entry\nKlimaautomatik\nKlimaautomatik 3-Zonen mit autom. Umluft-Control\nKomfortzugang (Öffnungs- und Schließsystem)\nLeder\nLederlenkrad\nLendenwirbelstütze Sitz vorn links und rechts, elektr. verstellbar\nLenkrad (Leder) mit Multifunktion M-Technic\nLicht- und Regensensor\nLordose\nLordosenstütze für Fahrer und Beifahrer\nM Sicherheitsgurte\nM Sportsitze\nMultifunktion für Lenkrad\nMultifunktionslenkrad\nRadioempfang digital (DAB+)\nSitzheizung für Fahrer und Beifahrer\nSitzverstellung elektrisch mit Memory für Fahrersitz\nSonnenschutzverglasung\nSportsitze\nSpurhalteassistent\nTempomat\nZentralverriegelung\n\nMultimedia\nBluetooth\nBMW Live Cockpit Professional (laufzeitgebundener Dienst)\nDAB Tuner\nFreisprecheinrichtung\nHarman Kardon Surround Sound System\nNavigationssystem\nRadio\nTelefon\nUSB Schnittstelle\n\nRäder\n19\"/20\" M Schmieder. Doppelsp. 826 M Schwarz /MB, Track Reifen\nRadschraubensicherung\nReifenreparatur Set\n\nSitzbezug\nVollleder Merino Feinnarbe Schwarz/Schwarz\n\nSonstiges\nAbdeckkappen Außenspiegel M Carbon\nAblage für Wireless Charging\nActive Guard\nActive Protection\nAdaptiver LED-Scheinwerfer\nBlow by-Heizer\nBMW Digital Key\nDekodierung Zusatzfunktionen\nDeutsch / Bordliteratur\nDeutschland-Ausfuehrung\nDriving Assistant Professional\nElektrisch verstellbare Spiegel\nEU-spezifische Zusatzumfaenge\nFahrassistenz-System: aktiver Spurhalteassistent\nFahrassistenz-System: Ampel-Erkennung\nFahrassistenz-System: Ausweich-Assistent\nFahrassistenz-System: Einparkhilfe Seite\nFahrassistenz-System: Falschfahrwarnung\nFahrassistenz-System: Frontkollisionswarnung\nFahrassistenz-System: Heckaufprall-Vermeidung (Prävention Heckkollision)\nFahrassistenz-System: Kreuzungs-Assistent\nFahrassistenz-System: Park-Assistent\nFahrassistenz-System: Querverkehrs-Assistent\nFahrassistenz-System: Rückfahr-Assistent\nFahrassistenz-System: Rückfahrhilfe Notbremsfunktion (Active PDC)\nFahrassistenz-System: Spurwechselassistent\nFahrassistenz-System: Spurwechsel-Warnsystem\nFernlichtassistent\nGepäckraumpaket\nGeschwindigkeits-Regelanlage, Aktiv mit Stop&Go-Funktion\nHeckdiffusor Carbon\nInduktionsladen für Smartphones\nInnovationspaket\nKaeltemittel\nKilometertacho\nKomfortzugang\nM Carbon Exterieurpaket\nM Carbon-Keramik-Bremse\nM Interieurleisten 'Carbon Fibre'\nM Leuchten Shadow Line\nMetallic-Lackierung\nÖlwartungsintervall 24 Monate/30.000 km\nParking Assistant Plus\nPersonal eSIM\nReifendruckkontrollsystem\nRückfahrkamera\nRückfahrkamera (Top View)\nService-System: Remote 3D View\nSitzbezug / Polsterung: Voll-Leder Merino\nSteuerung EfficientDynamics\nSteuerung Infotainment\nSteuerung Karosserie\nSurround-Kamerasystem (Surround View)\n\nUmwelt, Sicherheit\nAbgasnorm EU6 RDE II\nABS\nAktiver Fußgängerschutz\nAlarmanlage mit Fernbedienung\nAuto Start/Stop Funktion \nBeifahrerairbag\nBeifahrerairbag-Deaktivierung\nESP\nFahrassistenz-System: Fernlichtassistent\nFahrerairbag\nInnenspiegel automatisch abblendend\nKindersitzbefestigung ISOFIX\nKopfairbag\nLED-Scheinwerfer\nLichtsensor\nNotbremsassistent\nPASM\nRegensensor\nReifendruck-Kontrolle\nScheinwerfer LED mit adaptiver Lichtverteilung\nSeitenairbag\nSicherheitssystem Active Protection\nTraction Control\nWarndreieck\n\nM Carbon Keramik Bremse\nFacelfit BMW M3 Touring\nWerksdienstwagen BMW AG - Kein Mietwagen Irrtümer und Zwischenverkauf vorbehalten.",
  "dealerDetails": {
    "id": 38121369,
    "name": "MOTORHEIMAT Wagner - Schwarz GmbH & Co. KG",
    "sellerType": "Dealer",
    "phones": [
      "+49 (0)861 2308200971"
    ],
    "languages": [
      "Deutsch",
      "English"
    ],
    "country": "DE",
    "address": "Crailsheimstraße  13, DE-83278 Traunstein",
    "location": {
      "latitude": 47.8680369,
      "longitude": 12.6393452
    },
    "activeSince": "2001-01-10T00:00:00.000Z",
    "homepageUrl": "https://home.mobile.de/home/redirect.html?customerId=38121369",
    "iconUrl": null,
    "reviewPageUrl": "https://www.mobile.de/bewertungen/MOTORHEIMATWAGNERSCHWARZGMBHCOKGTRAUNSTEIN?lang=en",
    "score": {
      "total": 4.5,
      "responseTime": 4.6,
      "friendliness": 4.5,
      "advice": 4.2
    },
    "activeRatingCount": 51,
    "vehicleAsDescribedPercentage": 93,
    "recommendPercentage": 84,
    "soldVehicleCount": null,
    "reviews": []
  },
  "attributes": {
    "Vehicle condition": "Used vehicle, Accident-free",
    "Category": "Estate car, Employee's Car",
    "Model range": "G81N",
    "Trim line": "M xDrive Touring Facelift Keramik-Br. Carbonp.+Innen",
    "Availability": "Now",
    "Origin": "German edition",
    "Mileage": "16,300 km",
    "Cubic Capacity": "2,993 ccm",
    "Power": "390 kW (530 hp)",
    "Drive type": "Internal combustion engine",
    "Fuel": "Petrol",
    "Number of Seats": "5",
    "Door Count": "4/5",
    "Transmission": "Automatic",
    "Emission Class": "Euro6",
    "Emissions Sticker": "4 (Green)",
    "First Registration": "11/2024",
    "Construction Year": "2024",
    "Number of Vehicle Owners": "1",
    "HU": "11/2027",
    "Climatisation": "Automatic climatisation, 3 zones",
    "Parking sensors": "Rear, 360° camera, Front, Self-steering systems",
    "Airbags": "Front and Side and More Airbags",
    "Colour (Manufacturer)": "M Isle of Man Grün",
    "Colour": "Green Metallic",
    "Interior Design": "Full leather, Black",
    "Weight": "1,940 kg",
    "Cylinders": "6",
    "Tank capacity": "59 l"
  },
  "features": [
    "ABS",
    "Adaptive cornering lights",
    "Adaptive Cruise Control",
    "Alarm system",
    "Alloy wheels",
    "Ambient lighting",
    "Android Auto",
    "Apple CarPlay",
    "Arm rest",
    "Autom. dimming interior mirror",
    "Blind spot assist",
    "Bluetooth",
    "Cargo barrier",
    "Central locking",
    "DAB radio",
    "Digital cockpit",
    "Distance warning system",
    "Dynamic chassis control",
    "Electric seat adjustment",
    "Electric side mirror",
    "Electric tailgate",
    "Electric windows",
    "Eletric seat adjustment with memory function",
    "Emergency brake assist",
    "Emergency call system",
    "Emergency tyre repair kit",
    "ESP",
    "Fatigue warning system",
    "Folding exterior mirrors",
    "Four-wheel drive",
    "Full Service History",
    "Glare-free high beam headlights",
    "Hands-free kit",
    "Head-up display",
    "Heated seats",
    "High beam assist",
    "Hill-start assist",
    "Immobilizer",
    "Induction charging for smartphones",
    "Integrated music streaming",
    "Isofix",
    "Keyless central locking",
    "Lane change assist",
    "Leather steering wheel",
    "LED headlights",
    "LED running lights",
    "Light sensor",
    "Lumbar support",
    "Multifunction steering wheel",
    "Navigation system",
    "Non-smoker vehicle",
    "On-board computer",
    "Paddle shifters",
    "Particulate filter",
    "Power Steering",
    "Rain sensor",
    "Rear traffic alert",
    "Roof rack",
    "Ski bag",
    "Sound system",
    "Speed limit control system",
    "Sport seats",
    "Sports package",
    "Sports suspension",
    "Start-stop system",
    "Summer tyres",
    "Tinted windows",
    "Touchscreen",
    "Traction control",
    "Traffic sign recognition",
    "Tuner/radio",
    "Tyre pressure monitoring",
    "USB port",
    "Voice control",
    "Warranty"
  ]
},
{
  "title": "BMW M3 Touring  M Drivers P. Head-Up HK HiFi DAB",
  "previewImage": "https://img.classistatic.de/api/v1/mo-prod/images/65/658c8968-4a0b-463d-af49-7c3755a543fc?rule=mo-1600.jpg",
  "category": "EstateCar",
  "brand": "BMW",
  "model": "M3",
  "url": "https://suchen.mobile.de/fahrzeuge/details.html?id=428330726",
  "price.total.amount": 99890,
  "priceRating": {
    "rating": "High price",
    "priceRanges": {
      "Very good price": {
        "start": 59201,
        "end": 77000
      },
      "Good price": {
        "start": 77001,
        "end": 82900
      },
      "Fair price": {
        "start": 82901,
        "end": 92200
      },
      "Increased price": {
        "start": 92201,
        "end": 99000
      },
      "High price": {
        "start": 99001,
        "end": 110000
      }
    }
  },
  "description": "Antrieb, Fahrwerk\nAdaptives M Fahrwerk\nAllrad\nBremsanlage: M Carbon-Keramik\nM Drive Professional\nM Sportdifferential\nSportfahrwerk\n\nAußenausstattung\nDachreling Hochglanz Shadow-Line\nHeckklappenbetätigung automatisch\nWärme-/Sonnenschutzverglasung\n\nEditionen und Pakete\nAblagenpaket\nConnectedDrive Services (laufzeitgebundener Dienst)\nConnectedPackage Professional (laufzeitgebundener Dienst)\nGepäckraum-Paket\nInnovations-Paket\nM Driver´s Package\nM Race Track Paket\n\nExterieur\nDach und Spiegelkappen schwarz\nDachreling\nElektrische Gepäckraumklappe\n\nFahrerassistenz\nFahrassistenz-System: Driving Assistant Professional\nGesetzlicher Notruf\nHead-Up Display\nPark Distance Control (PDC)\nParkassistent-Paket Plus\nRückfahrkamera\nSpurverlassenswarnung\nSpurwechselwarnung\nTeleServices\n\nIndividualumfänge\nBMW Individual Dachreling Hochglanz Shadow Line\nBMW Individual Hochglanz Shadow Line\nBMW Individual Hochglanz Shadow Line mit erweiterten Umfängen\nDachhimmel Individual anthrazit\nScheinwerfer BMW Individual Shadow-Line\n\nKomfort, Innenausstattung\nAbstandsregeltempomat\nAmbiente-Beleuchtung\nAußenspiegel elektr. anklappbar\nAußenspiegel elektr. verstell- und heizbar\nBordcomputer\nDAB-Tuner (Radioempfang digital)\nDurchladeeinrichtung (Mittelarmlehne hinten)\nDurchladesystem\nEinparkhilfe Sensoren vorne\nFensterheber elektrisch\nFensterheber, elektrisch\nFondkopfstützen klappbar\nFreisprecheinrichtung Bluetooth mit USB-/Audio-Schnittstelle\nFunkfernbedienung\nGalvanikapplikation für Bedienelemente\nInduktionsladeschale für Smartphone (Wireless Charging)\nInnen- und Aussenspiegel automatisch abblendend\nInnenausstattung: Interieurleisten Carbon\nInnenspiegel mit Abblendautomatik\nIsofix-Aufnahmen für Kindersitz an Rücksitz\nKeyless Entry\nKlimaautomatic\nKlimaautomatik 3-Zonen mit autom. Umluft-Control\nKomfortzugang (Öffnungs- und Schließsystem)\nLeder\nLederlenkrad\nLendenwirbelstütze Sitz vorn links und rechts, elektr. verstellbar\nLenkrad (Leder) mit Multifunktion M-Technic\nLenkrad heizbar\nLordose\nM Schalensitze Carbon\nMultifunktionslenkrad\nPark-Distance-Control (PDC) vorn und hinten\nScheibenwischer mit Regensensor\nService-System: Real Time Traffic Information (RTTI)\nSicherheitsgurte M\nSitze vorn elektr. verstellbar (mit Memory)\nSitzheizung\nSitzheizung fuer Fahrer und Beifahrer\nSitzheizung vorn + hinten\nSitzverstellung, elektrisch mit Memory\nSonnenschutzverglasung (hinten abgedunkelt)\nSpurhalteassistent\nStart/Stop-Anlage (Funktion)\nStart-Stop-Knopf\nWidescreen Display\nZentralverriegelung\nZentralverriegelung mit Fernbedienung\n\nMultimedia\nBluetooth\nBMW Live Cockpit Professional\nBordcomputer\nDAB Tuner\nFreisprecheinrichtung\nSound-System Harman-Kardon\nTelefon\nUSB Schnittstelle\n\nRäder\nLM-Felgen\nRadschraubensicherung\n\nSitzbezug\nVOLLLED.MERINO/SILVERSTONE\n\nSonstiges\nAblage für Wireless Charging \nActive Guard\nBlow by-Heizer\nBMW Curved Display\nCO2-Umfang\nControl-Display mit Farbmonitor (14,9 Zoll)\nDekodierung Zusatzfunktionen\nDeutsch / Bordliteratur\nDeutschland-Ausfuehrung\nElektrisch verstellbare Spiegel\nEU-spezifische Zusatzumfaenge\nFahrassistenz-System: aktiver Spurhalteassistent\nFahrassistenz-System: Ampel-Erkennung\nFahrassistenz-System: Ausweich-Assistent\nFahrassistenz-System: Driving Assistant\nFahrassistenz-System: Falschfahrwarnung\nFahrassistenz-System: Frontkollisionswarnung\nFahrassistenz-System: Heckaufprall-Vermeidung (Prävention Heckkollision)\nFahrassistenz-System: Kreuzungs-Assistent\nFahrassistenz-System: Querverkehrs-Assistent\nFahrassistenz-System: Rückfahr-Assistent\nFahrassistenz-System: Spurwechselassistent\nFahrassistenz-System: Spurwechsel-Warnsystem\nGeschwindigkeits-Regelanlage, Aktiv mit Stop&Go-Funktion\nHead-up-Display\nKältemittel\nKilometertacho\nMüdigkeitswarnsystem\nNotrufsystem\nÖlwartungsintervall 24 Monate/30.000 km\nReifendruckkontrollsystem\nReifensystem Performance\nRückfahrkamera (Top View)\nSteuerung Infotainment\nSteuerung Karosserie\nSurround-Kamerasystem (Surround View)\n\nUmwelt, Sicherheit\nAbgasnorm EU6 RDE II\nABS\nAktiver Fussgängerschutz\nAlarmanlage\nAuto Start/Stop Funktion \nBeifahrerairbag\nBeifahrerairbag-Deaktivierung\nESP\nFahrassistenz-System: Fernlichtassistent\nFahrerairbag\nFahrgestellnummer, von aussen sichtbar\nInnenspiegel, automatisch abblendend\nKindersitzbefestigung ISOFIX\nKopfairbag\nNotbremsassistent\nPASM\nRegensensor\nReifen Druck Control\nScheinwerfer Laserlicht\nSeitenairbag\nTraction Control\nWarndreieck\nWegfahrsperre\nIrrtümer und Zwischenverkauf vorbehalten.",
  "dealerDetails": {
    "id": 473964,
    "name": "Vögl GmbH & Co. Am Ring KG",
    "sellerType": "Dealer",
    "phones": [
      "+49 (0)9421 600950361"
    ],
    "languages": [
      "Deutsch",
      "English"
    ],
    "country": "DE",
    "address": "Hirschberger Ring 34, DE-94315 Straubing",
    "location": {
      "latitude": 48.88232379999999,
      "longitude": 12.6064743
    },
    "activeSince": "2002-09-10T00:00:00.000Z",
    "homepageUrl": "https://home.mobile.de/home/redirect.html?customerId=473964",
    "iconUrl": null,
    "reviewPageUrl": "https://www.mobile.de/bewertungen/VOEGL-STRAUBING?lang=en",
    "score": {
      "total": 4.7,
      "responseTime": 4.7,
      "friendliness": 4.7,
      "advice": 4.6
    },
    "activeRatingCount": 39,
    "vehicleAsDescribedPercentage": 94,
    "recommendPercentage": 92,
    "soldVehicleCount": null,
    "reviews": []
  },
  "attributes": {
    "Vehicle condition": "Used vehicle",
    "Category": "Estate car",
    "Model range": "G81",
    "Trim line": "  M Drivers P. Head-Up HK HiFi DAB",
    "Vehicle Number": "B23303FS26821",
    "Availability": "Now",
    "Mileage": "29,450 km",
    "Cubic Capacity": "2,993 ccm",
    "Power": "375 kW (510 hp)",
    "Drive type": "Internal combustion engine",
    "Fuel": "Petrol, E10-enabled",
    "Number of Seats": "5",
    "Door Count": "4/5",
    "Transmission": "Automatic",
    "Emission Class": "Euro6d",
    "First Registration": "12/2023",
    "Construction Year": "2023",
    "Number of Vehicle Owners": "1",
    "HU": "12/2026",
    "Climatisation": "Automatic climatisation, 3 zones",
    "Parking sensors": "Front, 360° camera, Rear, Self-steering systems",
    "Airbags": "Front and Side and More Airbags",
    "Colour (Manufacturer)": "SONDERLACKIERUNG Lila",
    "Colour": "Purple",
    "Interior Design": "Full leather, Black",
    "Weight": "1,940 kg",
    "Tank capacity": "59 l"
  },
  "features": [
    "ABS",
    "Adaptive cornering lights",
    "Adaptive Cruise Control",
    "Alarm system",
    "Alloy wheels",
    "Ambient lighting",
    "Arm rest",
    "Autom. dimming interior mirror",
    "Blind spot assist",
    "Bluetooth",
    "Central locking",
    "DAB radio",
    "Digital cockpit",
    "Distance warning system",
    "Dynamic chassis control",
    "Electric seat adjustment",
    "Electric side mirror",
    "Electric tailgate",
    "Electric windows",
    "Emergency brake assist",
    "Emergency call system",
    "ESP",
    "Fatigue warning system",
    "Four-wheel drive",
    "Glare-free high beam headlights",
    "Hands-free kit",
    "Head-up display",
    "Heated seats",
    "Heated steering wheel",
    "High beam assist",
    "Hill-start assist",
    "Immobilizer",
    "Induction charging for smartphones",
    "Isofix",
    "Keyless central locking",
    "Lane change assist",
    "Laser headlights",
    "Leather steering wheel",
    "LED running lights",
    "Light sensor",
    "Lumbar support",
    "Multifunction steering wheel",
    "Navigation system",
    "On-board computer",
    "Particulate filter",
    "Power Steering",
    "Rain sensor",
    "Roof rack",
    "Sound system",
    "Speed limit control system",
    "Sport seats",
    "Sports package",
    "Sports suspension",
    "Start-stop system",
    "Tinted windows",
    "Touchscreen",
    "Traction control",
    "Traffic sign recognition",
    "Tuner/radio",
    "Tyre pressure monitoring",
    "USB port",
    "Voice control"
  ]
},
{
  "title": "BMW M3 Competition M XDR M Drivers P. / Touring",
  "previewImage": "https://img.classistatic.de/api/v1/mo-prod/images/ed/ed71a0bf-0753-4e72-b6de-7bf5de7ff12b?rule=mo-1600.jpg",
  "category": "EstateCar",
  "brand": "BMW",
  "model": "M3",
  "url": "https://suchen.mobile.de/fahrzeuge/details.html?id=425255958",
  "price.total.amount": 99900,
  "priceRating": {
    "rating": "Very good price",
    "priceRanges": {
      "Very good price": {
        "start": 77601,
        "end": 100900
      },
      "Good price": {
        "start": 100901,
        "end": 108700
      },
      "Fair price": {
        "start": 108701,
        "end": 120900
      },
      "Increased price": {
        "start": 120901,
        "end": 129800
      },
      "High price": {
        "start": 129801,
        "end": 144200
      }
    }
  },
  "description": "Antrieb, Fahrwerk\nAdaptives M Fahrwerk\nAllrad\nM Compound-Bremse, schwarz hochglänzend\nM Drive Professional\nM Sportdifferential\nSportfahrwerk\n\nAußenausstattung\nDachreling Hochglanz Shadow-Line\nHeckklappenbetätigung automatisch\nLM-Felgen\nSonnenschutzverglasung (hinten abgedunkelt)\n\nEditionen und Pakete\nAblagenpaket\nConnectedDrive Services (laufzeitgebundener Dienst)\nConnectedPackage Professional (laufzeitgebundener Dienst)\nInnovationspaket II\nM Driver's Package \n\nExterieur\nDach und Spiegelkappen schwarz\nDachreling\nElektrische Gepäckraumklappe\n\nFahrerassistenz\nBMW Drive Recorder\nDriving Assistant Professional\nGesetzlicher Notruf\nHead-Up Display\nParking Assistant Plus\nRückfahrkamera\nSpurverlassenswarnung\nSpurwechselwarnung\nTeleServices\n\nIndividualumfänge\nBMW Individual Dachreling Hochglanz Shadow Line\nBMW Individual Hochglanz Shadow Line\nBMW Individual Hochglanz Shadow Line mit erweiterten Umfängen\nBMW Individual Leuchten Shadow Line\nDachhimmel Individual anthrazit\n\nKomfort, Innenausstattung\nAbstandsregeltempomat\nAktive Sitzbelüftung vorn\nAkustikkomfort-Verglasung\nAmbiente-Beleuchtung\nAußenspiegel elektr. anklappbar\nAutomatische Verriegelung beim Anfahren\nBMW Live Cockpit Professional\nDurchladeeinrichtung (Mittelarmlehne hinten)\nDurchladesystem\nEinparkhilfe selbstlenkendes System\nFensterheber elektrisch vorn + hinten\nFensterheber, elektrisch\nFondkopfstützen klappbar\nFreisprecheinrichtung Bluetooth mit USB-/Audio-Schnittstelle\nGalvanikapplikation für Bedienelemente\nGepäckraum-Abtrennung (Netz)\nGeschwindigkeits-Regelanlage mit Bremsfunktion\nHead-up-Display Full Color\nInduktionsladeschale für Smartphone (Wireless Charging)\nInnen- und Aussenspiegel automatisch abblendend\nInnenspiegel mit Abblendautomatik\nInterieurleisten Carbon Fibre\nIsofix-Aufnahmen für Kindersitz\nKeyless Entry\nKlimaautomatic\nKlimaautomatik 3-Zonen mit autom. Umluft-Control\nKomfortzugang\nLeder\nLederlenkrad\nLendenwirbelstütze Sitz vorn links und rechts, elektr. verstellbar\nLenkrad (Leder) mit Multifunktion M-Technic\nLenkradheizung\nLicht- und Regensensor\nLordose\nLordosenstuetze fuer Fahrer und Beifahrer\nM Sicherheitsgurte\nM Sportsitze\nMultifunktion für Lenkrad\nMultifunktionslenkrad\nRadioempfang digital (DAB+)\nScheibenwischer mit Regensensor\nService-System: Augmented Reality für Navigation\nSitze vorn elektr. verstellbar (mit Memory)\nSitzheizung fuer Fahrer und Beifahrer\nSitzheizung vorn\nSitzverstellung, elektrisch mit Memory\nSonnenschutzverglasung\nSound-System Harman-Kardon\nSportsitze\nSpurhalteassistent\nStart/Stop-Anlage (Funktion)\nTempomat\nZentralverriegelung\nZentralverriegelung mit Diebstahlsicherung und Crashsensor\n\nMultimedia\nBluetooth\nBMW Live Cockpit Professional (laufzeitgebundener Dienst)\nDAB Tuner\nFreisprecheinrichtung\nHarman Kardon Surround Sound System\nNavigationssystem\nRadio\nTelefon\nUSB Schnittstelle\n\nRäder\n19\"/20\" M Schmiederäder Doppelspeiche 825 M Bicolor Schwarz / MB\nAlufelgen\nRadschraubensicherung\nReifenreparatur-Set\n\nSicherheit/Umwelt\nAdaptives Fahrwerk M-Technic\nAirbag Beifahrerseite abschaltbar\nAirbag Fahrer-/Beifahrerseite\nAlarmanlage\nAnti-Blockier-System (ABS)\nAntriebsart: Allradantrieb\nAntriebsart: xDrive (Allrad)\nDiebstahl-Warnanlage\nDynamische Stabilitäts-Control (DSC)\nDynamische Stabilitäts-Control (DSC) mit erweiterter Umfang\nFahrassistenz-System: Active Guard (Bremsassistent)\nGeschwindigkeits-Begrenzeranlage (Speed Limit Device)\nKnieairbag Fahrerseite\nKopf-Airbag-System hinten\nKopf-Airbag-System vorn\nLichtassistent (Follow me home)\n\nSitzbezug\nVOLLLEDER MERINO\n\nSonstiges\nAblage für Wireless Charging \nActive Guard\nAktive Sitzbelüftung vorn\nBlow by-Heizer\nBMW Drive Recorder (Dashcam)\nBremsanlage: Compound - M Bremssystem (Bremssättel Schwarz)\nCO2-Umfang\nDekodierung Zusatzfunktionen\nDeutsch / Bordliteratur\nDeutschland-Ausfuehrung\nElektrisch verstellbare Spiegel\nEU-spezifische Zusatzumfaenge\nFahrassistenz-System: Driving Assistant Professional\nFahrassistenz-System: Fernlichtassistent\nInduktionsladen für Smartphones\nInnenausstattung: Interieurleisten Carbon\nInnovations-Paket (2)\nKältemittel\nKilometertacho\nLenkrad heizbar\nM Driver´s Package\nMetallic-Lackierung\nÖlwartungsintervall 24 Monate/30.000 km\nParkassistent-Paket Plus\nPersonal eSIM \nReifendruckkontrollsystem\nScheinwerfer BMW Individual Shadow-Line\nSicherheitssystem Active Protection\nSitzbezug / Polsterung: Voll-Leder Merino\nSteuerung Infotainment\nSteuerung Karosserie\nVerglasung Akustikglas\n\nUmwelt, Sicherheit\nAbgasnorm EU6 RDE II\nABS\nActive Protection\nAdaptiver LED-Scheinwerfer\nAktiver Fussgängerschutz\nAlarmanlage\nAuto Start/Stop Funktion \nBeifahrerairbag\nBeifahrerairbag-Deaktivierung\nESP\nFahrerairbag\nFernlichtassistent\nInnenspiegel, automatisch abblendend\nKindersitzbefestigung ISOFIX\nKopfairbag\nLED-Scheinwerfer\nLichtsensor\nNotbremsassistent\nPASM\nRegensensor\nReifen Druck Control\nSeitenairbag\nTraction Control\nWarndreieck\n\\Irrtümer und Zwischenverkauf vorbehalten.",
  "dealerDetails": {
    "id": 452090,
    "name": "Gottstein GmbH Automobile & Motorräder",
    "sellerType": "Dealer",
    "phones": [
      "+49 (0)7751 306942372"
    ],
    "languages": [
      "Deutsch"
    ],
    "country": "DE",
    "address": "Karl Ziegler Strasse 4, DE-79761 Waldshut-Tiengen",
    "location": {
      "latitude": 47.6162465,
      "longitude": 8.2457357
    },
    "activeSince": "2001-01-10T00:00:00.000Z",
    "homepageUrl": "https://home.mobile.de/home/redirect.html?customerId=452090",
    "iconUrl": null,
    "reviewPageUrl": "https://www.mobile.de/bewertungen/GOTTSTEIN?lang=en",
    "score": {
      "total": 4.7,
      "responseTime": 4.7,
      "friendliness": 4.8,
      "advice": 4.7
    },
    "activeRatingCount": 31,
    "vehicleAsDescribedPercentage": 100,
    "recommendPercentage": 93,
    "soldVehicleCount": null,
    "reviews": []
  },
  "attributes": {
    "Vehicle condition": "New vehicle, Accident-free",
    "Category": "Estate car",
    "Model range": "G81",
    "Trim line": "M XDR M Drivers P. / Touring ",
    "Vehicle Number": "55000358",
    "Availability": "Now",
    "Origin": "German edition",
    "Mileage": "0 km",
    "Cubic Capacity": "2,993 ccm",
    "Power": "390 kW (530 hp)",
    "Drive type": "Internal combustion engine",
    "Fuel": "Petrol, E10-enabled",
    "CO₂ class": "Based on CO₂ emissions (combined)",
    "Fuel consumption": [
      "10.4 l/100km (combined)",
      "15.8 l/100km (city)",
      "10.3 l/100km (suburban)",
      "8.8 l/100km (country road)",
      "9.8 l/100km (motorway)"
    ],
    "Energy costs for 15,000 km annual mileage": "€2,802/Year",
    "Fuel price": "€1.80/l (annual average 2024)",
    "Possible CO₂ costs over the next 10 years (15,000 km/year)": [
      "€4,477 (assuming an average CO₂ price of €127/t)",
      "€2,115 (assuming a low average CO₂ price of €60/t)",
      "€7,050 (assuming a high average CO₂ price of €200/t)"
    ],
    "Vehicle tax": "€480/Year",
    "Number of Seats": "5",
    "Door Count": "4/5",
    "Transmission": "Automatic",
    "Emission Class": "Euro6",
    "Emissions Sticker": "4 (Green)",
    "Construction Year": "2025",
    "Number of Vehicle Owners": "0",
    "HU": "New",
    "Climatisation": "Automatic climatisation, 3 zones",
    "Parking sensors": "Rear, Front, Camera, Self-steering systems",
    "Airbags": "Front and Side and More Airbags",
    "Colour (Manufacturer)": "SKYSCRAPER GRAU",
    "Colour": "Grey Metallic",
    "Interior Design": "Full leather, Black",
    "Weight": "1,940 kg",
    "Tank capacity": "59 l",
    "Energy consumption (comb.)": "10.4 l/100km",
    "CO₂ emissions (comb.)": "235 g/km"
  },
  "features": [
    "ABS",
    "Adaptive Cruise Control",
    "Adaptive lighting",
    "Alarm system",
    "Alloy wheels",
    "Ambient lighting",
    "Arm rest",
    "Autom. dimming interior mirror",
    "Blind spot assist",
    "Bluetooth",
    "Cargo barrier",
    "Central locking",
    "DAB radio",
    "Digital cockpit",
    "Distance warning system",
    "Dynamic chassis control",
    "Electric seat adjustment",
    "Electric side mirror",
    "Electric tailgate",
    "Electric windows",
    "Emergency brake assist",
    "Emergency call system",
    "ESP",
    "Four-wheel drive",
    "Glare-free high beam headlights",
    "Hands-free kit",
    "Head-up display",
    "Heated seats",
    "Heated steering wheel",
    "High beam assist",
    "Hill-start assist",
    "Immobilizer",
    "Induction charging for smartphones",
    "Isofix",
    "Keyless central locking",
    "Lane change assist",
    "Leather steering wheel",
    "LED headlights",
    "LED running lights",
    "Light sensor",
    "Lumbar support",
    "Multifunction steering wheel",
    "Navigation system",
    "On-board computer",
    "Particulate filter",
    "Power Steering",
    "Rain sensor",
    "Roof rack",
    "Seat ventilation",
    "Sound system",
    "Speed limit control system",
    "Sport seats",
    "Sports package",
    "Sports suspension",
    "Start-stop system",
    "Summer tyres",
    "Tinted windows",
    "Touchscreen",
    "Traction control",
    "Tuner/radio",
    "Tyre pressure monitoring",
    "USB port",
    "Voice control"
  ]
},
{
  "title": "BMW M3 Competition Britisch Racing Green, Carbon Sit",
  "previewImage": "https://img.classistatic.de/api/v1/mo-prod/images/0e/0e35864d-4252-4b46-bb81-cdc47ee722af?rule=mo-1600.jpg",
  "category": "EstateCar",
  "brand": "BMW",
  "model": "M3",
  "url": "https://suchen.mobile.de/fahrzeuge/details.html?id=429724561",
  "price.total.amount": 98990,
  "priceRating": {
    "rating": "Increased price",
    "priceRanges": {
      "Very good price": {
        "start": 60101,
        "end": 78200
      },
      "Good price": {
        "start": 78201,
        "end": 84200
      },
      "Fair price": {
        "start": 84201,
        "end": 93600
      },
      "Increased price": {
        "start": 93601,
        "end": 100500
      },
      "High price": {
        "start": 100501,
        "end": 111700
      }
    }
  },
  "description": "Sonstiges\nAblage für Wireless Charging\nActive Guard\nBlow by-Heizer\nBMW Apps\nDekodierung Zusatzfunktionen\nKaeltemittel\nMWSt ausweisbar\nPersonal eSIM\nSteuerung EfficientDynamics\nSteuerung Karosserie\nUnfallfrei\n\nAntrieb, Fahrwerk\nAdaptives M Fahrwerk\nAllrad\nM Carbon-Keramik-Bremse\nM Drive Professional\nM Sportdifferenzial\nSportfahrwerk\n\nEditionen und Pakete\nAblagenpaket\nConnected Package Professional (laufzeitgebundener Dienst)\nConnectedDrive Services (laufzeitgebundener Dienst)\nInnovationspaket\nM Carbon Exterieurpaket\nM Driver's Package\nM Race Track Paket\n\nExterieur\nDach und Spiegelkappen schwarz\nDachreling\n\nFahrerassistenz\nDriving Assistant Professional\nGesetzlicher Notruf\nParking Assistant Plus\nTeleservices\n\nIndividualumfänge\nIndividual\nM Dachreling Hochglanz Shadow Line\nM Hochglanz Shadow Line\nM Hochglanz Shadow Line mit erweiterten Umfängen\nM Leuchten Shadow Line\n\nKomfort, Innenausstattung\nAkustikverglasung\nFondkopfstützen klappbar\nGalvanikapplikation für Bedienelemente\nInnen- und Außenspiegelpaket\nKlimaautomatik\nKomfortzugang\nLeder\nLenkradheizung\nM Carbon Schalensitze\nM Interieurleisten 'Carbon Fibre'\nM Sicherheitsgurte\nSitzheizung für Fahrer und Beifahrer\nSitzverstellung elektrisch mit Memory für Fahrersitz\nSonnenschutzverglasung\n\nMultimedia\nBMW Live Cockpit Professional (laufzeitgebundener Dienst)\nDAB Tuner\nHarman Kardon Surround Sound System\n\nRäder\n19\"/20\" M Schmiederäder Doppelspeiche 826 M Bicolor Schwarz / MB\nRadschraubensicherung\n\nSitzbezug\nVollleder Merino Kyalami Orange/Schwarz\n\nUmwelt, Sicherheit\nAbgasnorm EU6 RDE II\nABS\nAktiver Fussgängerschutz\nAlarmanlage mit Fernbedienung\nBeifahrerairbag-Deaktivierung\nBMW Laserlicht\nFernlichtassistent\nInnenspiegel automatisch abblendend\nReifendruck-Kontrolle\nIrrtümer und Zwischenverkauf vorbehalten.",
  "dealerDetails": {
    "id": 7646093,
    "name": "Autohaus Unterberger GmbH",
    "sellerType": "Dealer",
    "phones": [
      "+49 (0)8382 889937123"
    ],
    "languages": [
      "Deutsch",
      "English",
      "Italiano",
      "Français"
    ],
    "country": "DE",
    "address": "Peter-Dornier-Strasse 2, DE-88131 Lindau",
    "location": {
      "latitude": 47.5491682,
      "longitude": 9.7294849
    },
    "activeSince": "2012-04-27T00:00:00.000Z",
    "homepageUrl": "https://home.mobile.de/home/redirect.html?customerId=7646093",
    "iconUrl": "https://img.classistatic.de/api/v1/mo-prod/images/04/04df1411-8c13-446e-9d88-021090b389c3?rule=mo-640.jpg",
    "reviewPageUrl": "https://www.mobile.de/bewertungen/AUTOHAUSUNTERBERGERGMBHLINDAU?lang=en",
    "score": {
      "total": 4.4,
      "responseTime": 4.6,
      "friendliness": 4.4,
      "advice": 4.3
    },
    "activeRatingCount": 16,
    "vehicleAsDescribedPercentage": 92,
    "recommendPercentage": 85,
    "soldVehicleCount": null,
    "reviews": []
  },
  "attributes": {
    "Vehicle condition": "Used vehicle, Accident-free",
    "Category": "Estate car",
    "Model range": "M3 touring",
    "Trim line": "Britisch Racing Green, Carbon Sitze+Bremse ",
    "Availability": "Now",
    "Mileage": "35,900 km",
    "Cubic Capacity": "2,993 ccm",
    "Power": "375 kW (510 hp)",
    "Drive type": "Internal combustion engine",
    "Fuel": "Petrol",
    "Number of Seats": "5",
    "Door Count": "4/5",
    "Transmission": "Automatic",
    "Emission Class": "Euro6",
    "First Registration": "04/2024",
    "Number of Vehicle Owners": "1",
    "Climatisation": "Automatic air conditioning",
    "Parking sensors": "Front, Self-steering systems, Rear",
    "Airbags": "Front and Side Airbags",
    "Colour (Manufacturer)": "British Racing Green",
    "Colour": "Green",
    "Interior Design": "Full leather, Black",
    "Cylinders": "6"
  },
  "features": [
    "ABS",
    "Adaptive cornering lights",
    "Adaptive Cruise Control",
    "Alarm system",
    "Alloy wheels",
    "Autom. dimming interior mirror",
    "Blind spot assist",
    "Bluetooth",
    "Central locking",
    "DAB radio",
    "Digital cockpit",
    "Distance warning system",
    "Electric seat adjustment",
    "Electric side mirror",
    "Electric windows",
    "Eletric seat adjustment with memory function",
    "Emergency call system",
    "ESP",
    "Four-wheel drive",
    "Glare-free high beam headlights",
    "Heated seats",
    "Heated steering wheel",
    "High beam assist",
    "Immobilizer",
    "Induction charging for smartphones",
    "Isofix",
    "Keyless central locking",
    "Lane change assist",
    "Laser headlights",
    "Light sensor",
    "Multifunction steering wheel",
    "Navigation system",
    "On-board computer",
    "Power Steering",
    "Roof rack",
    "Sound system",
    "Sport seats",
    "Sports package",
    "Sports suspension",
    "Tinted windows",
    "Touchscreen",
    "Traction control",
    "Tuner/radio",
    "Tyre pressure monitoring",
    "Voice control",
    "Warranty"
  ]
},
{
  "title": "BMW M3 Competition Touring mi Head-Up HK HiFi DAB",
  "previewImage": "https://img.classistatic.de/api/v1/mo-prod/images/c3/c37a5cc8-2867-460b-806a-3afcbdc29c34?rule=mo-1600.jpg",
  "category": "EstateCar",
  "brand": "BMW",
  "model": "M3",
  "url": "https://suchen.mobile.de/fahrzeuge/details.html?id=412350776",
  "price.total.amount": 99790,
  "priceRating": {
    "rating": "Good price",
    "priceRanges": {
      "Very good price": {
        "start": 74101,
        "end": 96300
      },
      "Good price": {
        "start": 96301,
        "end": 103700
      },
      "Fair price": {
        "start": 103701,
        "end": 115300
      },
      "Increased price": {
        "start": 115301,
        "end": 123800
      },
      "High price": {
        "start": 123801,
        "end": 137500
      }
    }
  },
  "description": "Standort: Am Schänzel 6 - 76829 Landau \nBitte fragen Sie den aktuellen Standort des Fahrzeuges vor einer Besichtigung telefonisch an. \n\nAngebotsnummer: 1047_FU38819 / \n\n\nFür dieses Neufahrzeug werden zusätzliche, nicht im Angebotspreis enthaltene, Überführungskosten berechnet. \n\nDas Fahrzeug wurde für den deutschen Markt produziert - Kein Reimport!\nAlle Angaben ohne Gewähr, Irrtümer, Druckfehler und Zwischenverkauf vorbehalten. Wir bieten Ihnen laufend attraktive Finanzierungsmöglichkeiten und günstige Sonderkonditionen. Bei Interesse erstellen wir Ihnen sehr gern ein individuelles Angebot. **\n\nHinweis zur Produktsicherheitsverordnung:\nEs sind keine sicherheitsrelevanten Mängel am Fahrzeug bekannt! 19''/20'' M Schmiederäder Doppelspeiche 826 M Schwarz / MB, Abgasnorm EU6 RDE II, Ablage für Wireless Charging , Ablagenpaket, ABS, Abstandsregeltempomat, Active Guard, Active Protection, Adaptiver LED-Scheinwerfer, Adaptives M Fahrwerk, Aktive Sitzbelüftung vorn, Aktiver Fussgängerschutz, Alarmanlage, Auto Start/Stop Funktion , Beifahrerairbag, Beifahrerairbag-Deaktivierung, Blow by-Heizer, Bluetooth, BMW Individual Dachreling Hochglanz Shadow Line, BMW Individual Hochglanz Shadow Line, BMW Individual Hochglanz Shadow Line mit erweiterten Umfängen, BMW Individual Leuchten Shadow Line, BMW Live Cockpit Professional (laufzeitgebundener Dienst), CO2-Umfang, ConnectedDrive Services (laufzeitgebundener Dienst), ConnectedPackage Professional (laufzeitgebundener Dienst), DAB Tuner, Dach und Spiegelkappen schwarz, Dachhimmel Individual anthrazit, Dachreling, Dekodierung Zusatzfunktionen, Deutsch / Bordliteratur, Deutschland-Ausfuehrung, Driving Assistant Professional, Durchladesystem, Einparkhilfe selbstlenkendes System, Elektrisch verstellbare Spiegel, ESP, EU-spezifische Zusatzumfaenge, Fahrerairbag, Fensterheber, elektrisch, Fernlichtassistent, Fondkopfstützen klappbar, Freisprecheinrichtung, Galvanikapplikation für Bedienelemente, Gesetzlicher Notruf, Harman Kardon Surround Sound System, Head-Up Display, Induktionsladen für Smartphones, Innen- und Aussenspiegel automatisch abblendend, Innenspiegel, automatisch abblendend, Innovationspaket II, Interieurleisten Carbon Fibre, Kältemittel, Keyless Entry, Kilometertacho, Kindersitzbefestigung ISOFIX, Klimaautomatic, Komfortzugang, Kopfairbag, Leder, Lederlenkrad, LED-Scheinwerfer, Lenkradheizung, Lichtsensor, Lordose, Lordosenstuetze fuer Fahrer und Beifahrer, M Compound-Bremse, rot hochglänzend, M Drive Professional, M Sicherheitsgurte, M Sportdifferential, M Sportsitze, Multifunktionslenkrad, Navigationssystem, Notbremsassistent, Ölwartungsintervall 24 Monate/30.000 km, Parking Assistant Plus, PASM, Personal eSIM , Radio, Radschraubensicherung, Regensensor, Reifen Druck Control, Reifendruckkontrollsystem, Reifenreparatur-Set, Rückfahrkamera, Seitenairbag, Sitzheizung fuer Fahrer und Beifahrer, Sitzverstellung, elektrisch mit Memory, Sonnenschutzverglasung, Sportfahrwerk, Sportsitze, Spurhalteassistent, Spurverlassenswarnung, Spurwechselwarnung, Steuerung Infotainment, Steuerung Karosserie, Telefon, TeleServices, Tempomat, Traction Control, USB Schnittstelle, Warndreieck, Zentralverriegelung, Irrtümer und Zwischenverkauf vorbehalten \nIhr Fahrzeug: BMW M3 Competition Touring mi Head-Up HK HiFi DAB",
  "dealerDetails": {
    "id": 37715665,
    "name": "Emil Frey Vogel Automobile GmbH",
    "sellerType": "Dealer",
    "phones": [
      "+49 (0)6341 681503668"
    ],
    "languages": [
      "Deutsch"
    ],
    "country": "DE",
    "address": "Am Schänzel 6, DE-76829 Landau",
    "location": {
      "latitude": 49.2092155,
      "longitude": 8.1182057
    },
    "activeSince": "2024-12-04T00:00:00.000Z",
    "homepageUrl": "https://home.mobile.de/home/redirect.html?customerId=37715665",
    "iconUrl": null,
    "reviewPageUrl": null,
    "score": null,
    "activeRatingCount": null,
    "vehicleAsDescribedPercentage": null,
    "recommendPercentage": null,
    "soldVehicleCount": null,
    "reviews": []
  },
  "attributes": {
    "Vehicle condition": "New vehicle",
    "Category": "Estate car",
    "Vehicle Number": "1047_FU38819",
    "Availability": "Now",
    "Origin": "German edition",
    "Mileage": "10 km",
    "Cubic Capacity": "2,993 ccm",
    "Power": "390 kW (530 hp)",
    "Drive type": "Internal combustion engine",
    "Fuel": "Petrol, E10-enabled",
    "CO₂ class": "Based on CO₂ emissions (combined)",
    "Fuel consumption": [
      "10.0 l/100km (combined)",
      "15.8 l/100km (city)",
      "10.3 l/100km (suburban)",
      "8.8 l/100km (country road)",
      "9.8 l/100km (motorway)"
    ],
    "Energy costs for 15,000 km annual mileage": "€2,694/Year",
    "Fuel price": "€1.80/l (annual average 2025)",
    "Possible CO₂ costs over the next 10 years (15,000 km/year)": [
      "€4,458 (assuming an average CO₂ price of €127/t)",
      "€2,106 (assuming a low average CO₂ price of €60/t)",
      "€7,020 (assuming a high average CO₂ price of €200/t)"
    ],
    "Vehicle tax": "€476/Year",
    "Number of Seats": "5",
    "Door Count": "4/5",
    "Transmission": "Automatic",
    "Emissions Sticker": "4 (Green)",
    "HU": "New",
    "Climatisation": "Automatic air conditioning",
    "Parking sensors": "Camera, Rear, Front, Self-steering systems",
    "Airbags": "Front and Side and More Airbags",
    "Colour (Manufacturer)": "ALPINWEISS 3",
    "Colour": "White",
    "Interior Design": "Full leather, Black",
    "Energy consumption (comb.)": "10.0 l/100km",
    "CO₂ emissions (comb.)": "234 g/km"
  },
  "features": [
    "ABS",
    "Alloy wheels",
    "Bluetooth",
    "Central locking",
    "Electric seat adjustment",
    "Electric side mirror",
    "Electric windows",
    "ESP",
    "Four-wheel drive",
    "Full Service History",
    "Hands-free kit",
    "Head-up display",
    "Heated seats",
    "Immobilizer",
    "Isofix",
    "Light sensor",
    "Multifunction steering wheel",
    "Navigation system",
    "On-board computer",
    "Particulate filter",
    "Power Steering",
    "Rain sensor",
    "Roof rack",
    "Sport seats",
    "Sports suspension",
    "Start-stop system",
    "Traction control",
    "Tuner/radio"
  ]
},
{
  "title": "BMW M3 Competition M xDrive Navi Leder Bluetooth PDC",
  "previewImage": "https://img.classistatic.de/api/v1/mo-prod/images/d6/d602c0eb-14f4-41b2-8f80-8c839c14d4f1?rule=mo-1600.jpg",
  "category": "Limousine",
  "brand": "BMW",
  "model": "M3",
  "url": "https://suchen.mobile.de/fahrzeuge/details.html?id=426956343",
  "price.total.amount": 99690,
  "priceRating": {
    "rating": "Very good price",
    "priceRanges": {
      "Very good price": {
        "start": 76701,
        "end": 99700
      },
      "Good price": {
        "start": 99701,
        "end": 107400
      },
      "Fair price": {
        "start": 107401,
        "end": 119500
      },
      "Increased price": {
        "start": 119501,
        "end": 128200
      },
      "High price": {
        "start": 128201,
        "end": 142500
      }
    }
  },
  "description": "Sonderausstattung\nS03M6 M Combound-Bremse Schwarz hochglänzend\nS05AC Fernlichtassistent\nS05AS Driving Assistant\nS05DN Parking Assistant Plus\nS071C M Carbon Exterieurpaket\nS07A2 Innovationspaket\nS07ME M Driver’s Package\n\nSonderausstattung ab Werk\n\nSerienaustattung\nElektr. Sitz-Memory für Außenspiegel\nGeschwindigkeitsregelanlage\nEinparkhilfe vorne Sensor, Einparkhilfe hinten Sensor & Kamera, Einparkhilfe seitlich Sensor\nTagfahrlicht\nKopf-/Dach Airbag vorn und hinten\nFahrer-Airbag, Beifahrer-Airbag mit Deaktivierung für Beifahrerairbag\nSeiten-Airbag vorne\nArmlehne für Rücksitze\nFahrersitz Sportsitz mit sieben elektr. Verstellmöglichkeiten, Sitzheizung, Lehnenneigungsverstellung mit Memory, Längsverstellung mit Memory und Längsverstellung mit Memory 2-Wege elektrisch mit Sitzflächenneigungsverstellung mit Memory und mechanischer Oberschenkelauflage, Beifahrersitz Sportsitz mit sieben elektr. Verstellmöglichkeiten, Sitzheizung, elektrischer Lehnenneigungsverstellung, elektrischer Längsverstellung und elektrischer Höhenverstellung 2-Wege elektrisch mit elektrischer Sitzflächenneigungsverstellung und mechanischer Oberschenkelauflage\nSportfahrwerk\nAktive Radaufhängung mit wählbarer Einstellung elektronisch\nNavigationssystem mit Bedienung über Touch Screen, Datenquelle: Internet 14,90 Zoll-Bildschirm, Verkehrsinformation und Verkehrsinfo Monate inklusive: 24\nSportauspuff\nSprachbedienung herstellereigen und KI unterstützt\nTelematik mit automatischem Notruf, mit SIM im Fahrzeug, Tracking System, Concierge Service Monate inkl.: und Pannenhilfe\nKnie-Airbags Fahrer\nLokale Sprache Deutsch, BMW, 3er-Reihe, M3 Competition M xDrive A, M3 Competition und M3 Competition M xDrive A\nCrash Warnsystem aktiviert Bremslicht, automatische Notbremsung, Bremst bei niedriger Geschwindigkeit Mindestgeschw. Zur Aktivierung: 5 km/h Fußgängerschutz, visuelle/akustische Warnung, Funktion über 130 km/h 78 mph, Funktion über 50 km/h 30 mph, Funktion unter 50 km/h 30 mph und Überwachung Fahrstil\nBluetooth\nStart/Stop\nSpurassistent aktiviert Lenkung\nSichtschutzglas hinten und Seite hinten\nEinparkassistent hinten und vollautomatisches Ein- und Ausparken 90°\nDisplay mit 12,30 Zoll Bildschirm Kombiinstrument 1, Bildschirmgröße (cm):, Wahlrad und beinhaltet Augmented Reality, Display mit 14,90 Zoll Bildschirm und Touch-Bedienung Armaturenbrett 1, Bildschirmgröße (cm):, fix, Drehknopf, Touchpadsteuerung, nein, beinhaltet Augmented Reality und\nEnergie Rückgewinnung\nParkplatzinformation\nVerkehrszeichenerkennung\nAktives Differenzial Hinten\nInterner Speicher/Festplatte 320,00 GB\nFahrereinstellungen Motorcharakteristik, Lenkung und Fahrwerk\nWifi Netzwerk Anzahl Monate Vertrag inkl.: 999 und Verbindungsart: SIM-Karte erforderlich\nFernbedienung Klimaanlage per Internet, per Telefon, mit Zeitschaltuhr, mit Heizen und mit Kühlen\nKabelloses Ladekissen\nInstallierte Apps\nApp-Steuerung\n7 Airbags\nGarantie Antrieb - OEM Dauer (Monate) 36 und Gesamtfahrleistung (km) 9.999.999\nMobiltelefonintegration Apple CarPlay, Android Auto, Apple Monate inklusive: 999, Android Monate inklusive: 999, MirrorLink Monate inklusive: 0, Apple drahtlos und Android drahtlos\nAmbientelicht einhüllend, Farbauswahl und reaktives Licht\nWLTP Emissionen ICE, kombiniert: 228,0, kombiniert Fzg niedrig: 227,0 und kombiniert Fzg hoch: 230,0\nElektrisches System 12\nTorque vectoring Differential\nRemote Services Fensterbruchwarnung, Fahrzeug finden, Ton/Blinken, 999 Monate inklusive, Zielübertragung, Position teilen, Fahrzeugdiagnose und Fahrhistorie & Analyse\nOver air updates OTA updates\nAlkoholsperre\nUnfalldatenschreiber\nNotruf\nLaunch Control\nOptik Schwarz um Seitenfenster\nUSB Ladeanschluss vorne\nFarbige Gurte\nTürschwellerschutz Aluminium\nCarbondach\nMehrere Benutzerprofile\nIntegrierte Infotainmentnutzeroberfläche 24 Monate inkl.\nHersteller Datenverbindung\nGSR2 konform\n\n\n\n\nIrrtümer und Zwischenverkauf vorbehalten.\n\n(MOJS 23.08.2025 02.01)",
  "dealerDetails": {
    "id": 456441,
    "name": "AHAG BMW und Mini Vertragshändler",
    "sellerType": "Dealer",
    "phones": [
      "+49 (0)209 5130005222"
    ],
    "languages": [
      "Deutsch",
      "Български",
      "English",
      "Italiano",
      "Türkçe",
      "Nederlands"
    ],
    "country": "DE",
    "address": "Kurt-Schumacher-Straße 382, DE-45897 Gelsenkirchen",
    "location": {
      "latitude": 51.5752504,
      "longitude": 7.0585741
    },
    "activeSince": "2001-12-21T00:00:00.000Z",
    "homepageUrl": "https://home.mobile.de/home/redirect.html?customerId=456441",
    "iconUrl": "https://img.classistatic.de/api/v1/mo-prod/images/4e/4ec01c49-f950-4048-84c3-11da67b45543?rule=mo-640.jpg",
    "reviewPageUrl": "https://www.mobile.de/bewertungen/AHAG-AUTOMOBILE?lang=en",
    "score": {
      "total": 4.4,
      "responseTime": 4.4,
      "friendliness": 4.6,
      "advice": 4.2
    },
    "activeRatingCount": 38,
    "vehicleAsDescribedPercentage": 90,
    "recommendPercentage": 83,
    "soldVehicleCount": null,
    "reviews": []
  },
  "attributes": {
    "Vehicle condition": "New vehicle, Accident-free",
    "Category": "Saloon",
    "Model range": "G80",
    "Trim line": "M3",
    "Vehicle Number": "3017819",
    "Availability": "Now",
    "Origin": "German edition",
    "Mileage": "0 km",
    "Cubic Capacity": "2,993 ccm",
    "Power": "390 kW (530 hp)",
    "Drive type": "Internal combustion engine",
    "Fuel": "Petrol, E10-enabled",
    "CO₂ class": "Based on CO₂ emissions (combined)",
    "Fuel consumption": [
      "9.7 l/100km (combined)"
    ],
    "Energy costs for 15,000 km annual mileage": "€2,613/Year",
    "Fuel price": "€1.80/l (annual average 2025)",
    "Vehicle tax": "€452/Year",
    "Number of Seats": "5",
    "Door Count": "4/5",
    "Transmission": "Automatic",
    "Emission Class": "Euro6d",
    "Emissions Sticker": "4 (Green)",
    "Climatisation": "Automatic climatisation, 3 zones",
    "Parking sensors": "Self-steering systems, Rear, 360° camera, Front",
    "Airbags": "Front and Side and More Airbags",
    "Colour (Manufacturer)": "M Brooklyn Grau metallic",
    "Colour": "Grey",
    "Interior Design": "Full leather, Black",
    "Weight": "1,855 kg",
    "Cylinders": "6",
    "Tank capacity": "59 l",
    "Energy consumption (comb.)": "9.7 l/100km",
    "CO₂ emissions (comb.)": "228 g/km"
  },
  "features": [
    "ABS",
    "Adaptive cornering lights",
    "Alarm system",
    "Alloy wheels",
    "Ambient lighting",
    "Android Auto",
    "Apple CarPlay",
    "Arm rest",
    "Autom. dimming interior mirror",
    "Blind spot assist",
    "Bluetooth",
    "Central locking",
    "Cruise control",
    "DAB radio",
    "Digital cockpit",
    "Distance warning system",
    "Dynamic chassis control",
    "Electric seat adjustment",
    "Electric side mirror",
    "Electric tailgate",
    "Electric windows",
    "Emergency brake assist",
    "Emergency call system",
    "ESP",
    "Folding exterior mirrors",
    "Four-wheel drive",
    "Glare-free high beam headlights",
    "Hands-free kit",
    "Head-up display",
    "Heated seats",
    "High beam assist",
    "Hill-start assist",
    "Immobilizer",
    "Isofix",
    "Keyless central locking",
    "Lane change assist",
    "Leather steering wheel",
    "LED headlights",
    "LED running lights",
    "Light sensor",
    "Lumbar support",
    "Multifunction steering wheel",
    "Navigation system",
    "Non-smoker vehicle",
    "On-board computer",
    "Paddle shifters",
    "Power Steering",
    "Rain sensor",
    "Rear traffic alert",
    "Sound system",
    "Speed limit control system",
    "Sport seats",
    "Sports suspension",
    "Start-stop system",
    "Tinted windows",
    "Touchscreen",
    "Traction control",
    "Traffic sign recognition",
    "Tuner/radio",
    "Tyre pressure monitoring",
    "USB port",
    "Voice control",
    "WLAN / Wi-Fi hotspot"
  ]
},
{
  "title": "BMW M3 xDrive Competition Touring ehem UPE 115.230€ ",
  "previewImage": "https://img.classistatic.de/api/v1/mo-prod/images/1d/1d01e2e5-e9f7-46c3-a7f3-924589939c19?rule=mo-1600.jpg",
  "category": "EstateCar",
  "brand": "BMW",
  "model": "M3",
  "url": "https://suchen.mobile.de/fahrzeuge/details.html?id=433348472",
  "price.total.amount": 99900,
  "priceRating": {
    "rating": "Very good price",
    "priceRanges": {
      "Very good price": {
        "start": 77701,
        "end": 101000
      },
      "Good price": {
        "start": 101001,
        "end": 108800
      },
      "Fair price": {
        "start": 108801,
        "end": 121000
      },
      "Increased price": {
        "start": 121001,
        "end": 129900
      },
      "High price": {
        "start": 129901,
        "end": 144300
      }
    }
  },
  "description": "Getriebe\nAutomatik\nTechnik\nAllrad\nBordcomputer\nSperrdifferential\nAdaptives Daempfungssystem\nStart-Stop-Automatik\nVolldigitales Kombiinstrument\nAssistenten\nMüdigkeitserkennung\nPark-Lenk-Assistent\nRegensensor\nFernlichtassistent\nLichtsensor\nNotbremsassistent\nBerganfahrassistent\nSpurwechselassistent\nAbstandsregeltempomat\nAusparkassistent\nAbstands-/Kollisionswarner\nKomfort\nKlimaautomatik\nServolenkung\nZentralverriegelung\nElektrischer Fensterheber\nLederausstattung\nSitzheizung\nElektrische Aussenspiegel\nTeilbare Ruecksitzlehne\nTempomat\nMultifunktionslenkrad\nKeyless Go Startfunktion\nElektrische Sitze\nInnenspiegel autom. abblendbar\nMittelarmlehne\nInnenraumfilter\nLenksaeule einstellbar\nSportsitze\nParkDistanceControl vorne und hinten\nElektrische Heckklappe\nKeyless Entry\nMemory Sitze\nAmbientebeleuchtung\nLordosenstütze\nLederlenkrad\nGeschwindigkeitsbegrenzungsanlage\nKlimaautomatik-2-Zonen\nKlimaautomatik-3-Zonen\nFunkfernbedienung\nSicht\nLED-Hauptscheinwerfer\nadaptives Kurvenlicht\nLED-Tagfahrlicht\n360 Grad Kamera\nHEAD-UP-Display\nLED-Rueckleuchten\nScheinwerferregulierung\nColorverglasung\nPrivacyverglasung\nSicherheit\nABS\nAirbag\nBeifahrer-Airbag\nWegfahrsperre\nSeitenairbags\nAlarmanlage\nESP\nAntriebsschlupfregelung\nReifendruckkontrolle\nTraktionskontrolle\nKopfairbag\nKnieairbag\nKindersitzbefestigung\nAnhängerstabilisierung\nNotrufsystem\nPannenkit\nEntertainment\nNavigationssystem\nSoundsystem\nRadio\nTelefonvorbereitung\nUSB-Anschluss\nMP3\nHarman-Kardon\nBluetooth\nFreisprecheinrichtung\nSprachsteuerung\nDAB\nWLAN\nTouchscreen\nInduktionsladen für Smartphones\nMusikstreaming\nNavigationsvorbereitung\nUmwelt\nAbgasnorm Euro 6D\nGrüne Umweltplakette\nQualität\nGarantie\nScheckheftgepflegt\nHUAU neu\nNichtraucherfahrzeug\nSonstiges\nKatalysator\nMetallic\nAlufelgen\nDachreling\nGepaeckraumabdeckung\nStossfaenger in Wagenfarbe\nSportpaket\nSportfahrwerk\nLenkradheizung\nFahrerprofilauswahl\nGepäckraumabtrennung\n\nInt.KnNr: 2362124\nÄnderungen, Zwischenverkauf und Irrtümer vorbehalten.\nquality by dotzilla",
  "dealerDetails": {
    "id": 3202549,
    "name": "Kohl automobile GmbH Filiale Bergheim",
    "sellerType": "Dealer",
    "phones": [
      "+49 (0)2271 48699004",
      "+49 (0)2271 760340"
    ],
    "languages": [
      "Deutsch"
    ],
    "country": "DE",
    "address": "Heisenbergstraße, DE-50126 Bergheim",
    "location": {
      "latitude": 50.9470167,
      "longitude": 6.6225836
    },
    "activeSince": "2009-11-30T00:00:00.000Z",
    "homepageUrl": "https://home.mobile.de/home/redirect.html?customerId=3202549",
    "iconUrl": null,
    "reviewPageUrl": "https://www.mobile.de/bewertungen/AUTOHAUSSCHNITZLER?lang=en",
    "score": {
      "total": 4.7,
      "responseTime": 4.7,
      "friendliness": 4.7,
      "advice": 4.7
    },
    "activeRatingCount": 10,
    "vehicleAsDescribedPercentage": 100,
    "recommendPercentage": 100,
    "soldVehicleCount": null,
    "reviews": []
  },
  "attributes": {
    "Vehicle condition": "New vehicle, Accident-free",
    "Category": "Estate car",
    "Vehicle Number": "2362124",
    "Availability": "Now",
    "Origin": "German edition",
    "Mileage": "1 km",
    "Cubic Capacity": "2,993 ccm",
    "Power": "390 kW (530 hp)",
    "Drive type": "Internal combustion engine",
    "Fuel": "Petrol",
    "CO₂ class": "Based on CO₂ emissions (combined)",
    "Fuel consumption": [
      "10.3 l/100km (combined)",
      "15.4 l/100km (city)",
      "10.2 l/100km (suburban)",
      "8.9 l/100km (country road)",
      "9.7 l/100km (motorway)"
    ],
    "Energy costs for 15,000 km annual mileage": "€2,775/Year",
    "Fuel price": "€1.80/l (annual average 2024)",
    "Possible CO₂ costs over the next 10 years (15,000 km/year)": [
      "€4,439 (assuming an average CO₂ price of €127/t)",
      "€2,097 (assuming a low average CO₂ price of €60/t)",
      "€6,990 (assuming a high average CO₂ price of €200/t)"
    ],
    "Vehicle tax": "€472/Year",
    "Number of Seats": "5",
    "Door Count": "4/5",
    "Transmission": "Automatic",
    "Emission Class": "Euro6d",
    "Emissions Sticker": "4 (Green)",
    "Construction Year": "2025",
    "Number of Vehicle Owners": "0",
    "HU": "New",
    "Climatisation": "Automatic climatisation, 3 zones",
    "Parking sensors": "Rear, Front, Self-steering systems, 360° camera",
    "Airbags": "Front and Side and More Airbags",
    "Colour (Manufacturer)": "ISLE OF MAN GRUEN METALLIC",
    "Colour": "Green Metallic",
    "Interior Design": "Full leather, Black",
    "Cylinders": "6",
    "Energy consumption (comb.)": "10.3 l/100km",
    "CO₂ emissions (comb.)": "233 g/km"
  },
  "features": [
    "ABS",
    "Adaptive cornering lights",
    "Adaptive Cruise Control",
    "Alarm system",
    "Alloy wheels",
    "Ambient lighting",
    "Arm rest",
    "Autom. dimming interior mirror",
    "Bluetooth",
    "Cargo barrier",
    "Central locking",
    "DAB radio",
    "Digital cockpit",
    "Distance warning system",
    "Dynamic chassis control",
    "Electric seat adjustment",
    "Electric side mirror",
    "Electric tailgate",
    "Electric windows",
    "Eletric seat adjustment with memory function",
    "Emergency brake assist",
    "Emergency call system",
    "Emergency tyre repair kit",
    "ESP",
    "Fatigue warning system",
    "Folding exterior mirrors",
    "Four-wheel drive",
    "Full Service History",
    "Hands-free kit",
    "Head-up display",
    "Heated seats",
    "Heated steering wheel",
    "High beam assist",
    "Hill-start assist",
    "Immobilizer",
    "Induction charging for smartphones",
    "Integrated music streaming",
    "Isofix",
    "Keyless central locking",
    "Leather steering wheel",
    "LED headlights",
    "LED running lights",
    "Light sensor",
    "Lumbar support",
    "Multifunction steering wheel",
    "Navigation preparation",
    "Navigation system",
    "Non-smoker vehicle",
    "On-board computer",
    "Power Steering",
    "Rain sensor",
    "Rear traffic alert",
    "Roof rack",
    "Sound system",
    "Speed limit control system",
    "Sport seats",
    "Sports package",
    "Sports suspension",
    "Start-stop system",
    "Tinted windows",
    "Touchscreen",
    "Traction control",
    "Tuner/radio",
    "Tyre pressure monitoring",
    "USB port",
    "Voice control",
    "Warranty",
    "WLAN / Wi-Fi hotspot"
  ]
},
{
  "title": "BMW M3 xDrive M EU6e Competition Touring ehem UPE 11",
  "previewImage": "https://img.classistatic.de/api/v1/mo-prod/images/eb/eb1bbe84-eb61-4d8b-aae3-2a98748ce781?rule=mo-1600.jpg",
  "category": "EstateCar",
  "brand": "BMW",
  "model": "M3",
  "url": "https://suchen.mobile.de/fahrzeuge/details.html?id=432186097",
  "price.total.amount": 99500,
  "priceRating": {
    "rating": "Very good price",
    "priceRanges": {
      "Very good price": {
        "start": 77701,
        "end": 101000
      },
      "Good price": {
        "start": 101001,
        "end": 108800
      },
      "Fair price": {
        "start": 108801,
        "end": 121000
      },
      "Increased price": {
        "start": 121001,
        "end": 129900
      },
      "High price": {
        "start": 129901,
        "end": 144300
      }
    }
  },
  "description": "Getriebe\nAutomatik\nTechnik\nAllrad\nBordcomputer\nSperrdifferential\nAdaptives Daempfungssystem\nStart-Stop-Automatik\nVolldigitales Kombiinstrument\nAssistenten\nMüdigkeitserkennung\nPark-Lenk-Assistent\nRegensensor\nFernlichtassistent\nLichtsensor\nNotbremsassistent\nBerganfahrassistent\nSpurwechselassistent\nAbstandsregeltempomat\nAusparkassistent\nAbstands-/Kollisionswarner\nKomfort\nKlimaautomatik\nServolenkung\nZentralverriegelung\nElektrischer Fensterheber\nLederausstattung\nSitzheizung\nElektrische Aussenspiegel\nTeilbare Ruecksitzlehne\nTempomat\nMultifunktionslenkrad\nKeyless Go Startfunktion\nElektrische Sitze\nInnenspiegel autom. abblendbar\nMittelarmlehne\nInnenraumfilter\nLenksaeule einstellbar\nSportsitze\nParkDistanceControl vorne und hinten\nElektrische Heckklappe\nKeyless Entry\nMemory Sitze\nAmbientebeleuchtung\nLordosenstütze\nLederlenkrad\nGeschwindigkeitsbegrenzungsanlage\nKlimaautomatik-2-Zonen\nKlimaautomatik-3-Zonen\nFunkfernbedienung\nSicht\nLED-Hauptscheinwerfer\nadaptives Kurvenlicht\nLED-Tagfahrlicht\n360 Grad Kamera\nHEAD-UP-Display\nLED-Rueckleuchten\nScheinwerferregulierung\nColorverglasung\nPrivacyverglasung\nSicherheit\nABS\nAirbag\nBeifahrer-Airbag\nWegfahrsperre\nSeitenairbags\nAlarmanlage\nESP\nAntriebsschlupfregelung\nReifendruckkontrolle\nTraktionskontrolle\nKopfairbag\nKnieairbag\nKindersitzbefestigung\nAnhängerstabilisierung\nNotrufsystem\nPannenkit\nEntertainment\nNavigationssystem\nSoundsystem\nRadio\nTelefonvorbereitung\nUSB-Anschluss\nMP3\nHarman-Kardon\nBluetooth\nFreisprecheinrichtung\nSprachsteuerung\nDAB\nWLAN\nTouchscreen\nInduktionsladen für Smartphones\nMusikstreaming\nNavigationsvorbereitung\nUmwelt\nAbgasnorm Euro 6D\nGrüne Umweltplakette\nQualität\nGarantie\nScheckheftgepflegt\nHUAU neu\nNichtraucherfahrzeug\nSonstiges\nKatalysator\nMetallic\nAlufelgen\nDachreling\nGepaeckraumabdeckung\nStossfaenger in Wagenfarbe\nSportpaket\nSportfahrwerk\nLenkradheizung\nFahrerprofilauswahl\nGepäckraumabtrennung\n\nInt.KnNr: 2362135\nÄnderungen, Zwischenverkauf und Irrtümer vorbehalten.\nquality by dotzilla",
  "dealerDetails": {
    "id": 453713,
    "name": "Kohl automobile GmbH",
    "sellerType": "Dealer",
    "phones": [
      "+49 (0)241 9809149092"
    ],
    "languages": [
      "Deutsch",
      "English",
      "Français"
    ],
    "country": "DE",
    "address": "Neuenhofstr. 160, DE-52078 Aachen",
    "location": {
      "latitude": 50.7653702,
      "longitude": 6.1470706
    },
    "activeSince": "2001-06-07T00:00:00.000Z",
    "homepageUrl": "https://home.mobile.de/home/redirect.html?customerId=453713",
    "iconUrl": null,
    "reviewPageUrl": "https://www.mobile.de/bewertungen/KOHL-AACHEN?lang=en",
    "score": {
      "total": 4.2,
      "responseTime": 4.3,
      "friendliness": 4.3,
      "advice": 4
    },
    "activeRatingCount": 61,
    "vehicleAsDescribedPercentage": 90,
    "recommendPercentage": 77,
    "soldVehicleCount": null,
    "reviews": []
  },
  "attributes": {
    "Vehicle condition": "New vehicle, Accident-free",
    "Category": "Estate car",
    "Vehicle Number": "2362135",
    "Availability": "Now",
    "Origin": "German edition",
    "Mileage": "0 km",
    "Cubic Capacity": "2,993 ccm",
    "Power": "390 kW (530 hp)",
    "Drive type": "Internal combustion engine",
    "Fuel": "Petrol",
    "CO₂ class": "Based on CO₂ emissions (combined)",
    "Fuel consumption": [
      "10.4 l/100km (combined)",
      "15.8 l/100km (city)",
      "10.3 l/100km (suburban)",
      "8.8 l/100km (country road)",
      "9.8 l/100km (motorway)"
    ],
    "Energy costs for 15,000 km annual mileage": "€2,802/Year",
    "Fuel price": "€1.80/l (annual average 2024)",
    "Possible CO₂ costs over the next 10 years (15,000 km/year)": [
      "€4,439 (assuming an average CO₂ price of €127/t)",
      "€2,097 (assuming a low average CO₂ price of €60/t)",
      "€6,990 (assuming a high average CO₂ price of €200/t)"
    ],
    "Vehicle tax": "€472/Year",
    "Number of Seats": "5",
    "Door Count": "4/5",
    "Transmission": "Automatic",
    "Emission Class": "Euro6d",
    "Emissions Sticker": "4 (Green)",
    "Construction Year": "2025",
    "Number of Vehicle Owners": "0",
    "HU": "New",
    "Climatisation": "Automatic climatisation, 3 zones",
    "Parking sensors": "Front, 360° camera, Rear, Self-steering systems",
    "Airbags": "Front and Side and More Airbags",
    "Colour (Manufacturer)": "Skyscraper Grau metallic",
    "Colour": "Grey Metallic",
    "Interior Design": "Full leather, Black",
    "Cylinders": "6",
    "Energy consumption (comb.)": "10.4 l/100km",
    "CO₂ emissions (comb.)": "233 g/km"
  },
  "features": [
    "ABS",
    "Adaptive cornering lights",
    "Adaptive Cruise Control",
    "Alarm system",
    "Alloy wheels",
    "Ambient lighting",
    "Arm rest",
    "Autom. dimming interior mirror",
    "Bluetooth",
    "Cargo barrier",
    "Central locking",
    "DAB radio",
    "Digital cockpit",
    "Distance warning system",
    "Dynamic chassis control",
    "Electric seat adjustment",
    "Electric side mirror",
    "Electric tailgate",
    "Electric windows",
    "Eletric seat adjustment with memory function",
    "Emergency brake assist",
    "Emergency call system",
    "Emergency tyre repair kit",
    "ESP",
    "Fatigue warning system",
    "Folding exterior mirrors",
    "Four-wheel drive",
    "Full Service History",
    "Hands-free kit",
    "Head-up display",
    "Heated seats",
    "Heated steering wheel",
    "High beam assist",
    "Hill-start assist",
    "Immobilizer",
    "Induction charging for smartphones",
    "Integrated music streaming",
    "Isofix",
    "Keyless central locking",
    "Leather steering wheel",
    "LED headlights",
    "LED running lights",
    "Light sensor",
    "Lumbar support",
    "Multifunction steering wheel",
    "Navigation preparation",
    "Navigation system",
    "Non-smoker vehicle",
    "On-board computer",
    "Power Steering",
    "Rain sensor",
    "Rear traffic alert",
    "Roof rack",
    "Sound system",
    "Speed limit control system",
    "Sport seats",
    "Sports package",
    "Sports suspension",
    "Start-stop system",
    "Tinted windows",
    "Touchscreen",
    "Traction control",
    "Tuner/radio",
    "Tyre pressure monitoring",
    "USB port",
    "Voice control",
    "Warranty",
    "WLAN / Wi-Fi hotspot"
  ]
},
{
  "title": "BMW M3 Competition mit M xDrive Touring DAB Radio  ",
  "previewImage": "https://img.classistatic.de/api/v1/mo-prod/images/1a/1a1f5718-5d29-45f6-8555-d77f7709a1cd?rule=mo-1600.jpg",
  "category": "EstateCar",
  "brand": "BMW",
  "model": "M3",
  "url": "https://suchen.mobile.de/fahrzeuge/details.html?id=434468156",
  "price.total.amount": 99900,
  "priceRating": {
    "rating": "Good price",
    "priceRanges": {
      "Very good price": {
        "start": 75001,
        "end": 97500
      },
      "Good price": {
        "start": 97501,
        "end": 105000
      },
      "Fair price": {
        "start": 105001,
        "end": 116700
      },
      "Increased price": {
        "start": 116701,
        "end": 125300
      },
      "High price": {
        "start": 125301,
        "end": 139200
      }
    }
  },
  "description": "Ablagenpaket\nInnovationspaket\nAdaptives Licht\nBi-Xenon-Licht\nBordmonitor\nHead up Display\nKurvenlicht Dynamisch\nM DRIVE PROFESSIONAL\nTraktionskontrolle\nInnen- und Außenspiegelpaket\nConnected Package Professional\nM Driver's Package\nSitzheizung für Fahrer und Beifahrer\nSitzheizung Beifahrer\nSitzheizung Fahrer\nKomfortzugang\nAktive Sitzbelüftung vorn\nBelüftete Vordersitz/-sitze\nHarman Kardon Surround Sound System\nSoundsystem\nSitzverstellung, elektrisch mit Memory für Fahrersitz\nPARKING ASSISTANT PLUS\n360° Kamera\nParklenkassistent (aktiv)\nRückfahrkamera\nBMW Live Cockpit Professional\nDriving Assistant Professional\nBremsassistent, aktiv\nNotbremsassistent, City\nTempomat mit Abstandsregelung\nADAPTIVES M FAHRWERK\nConnectedDrive Services\nInternet Zugang\nDAB-Tuner\nBMW Drive Recorder\nM Compound-Bremse, rot hochglänzend\nInnenspiegel automatisch abblendend\nAblage für Wireless Charging\nTeleservices\nFernlichtassistent\nAutomatisches Fernlicht\nLordosenstütze für Fahrer und Beifahrer\nAlarmanlage\nAlarmanlage\nGESETZLICHER NOTRUF\nM Sicherheitsgurte\nPERSONAL ESIM\nReifendruck-Kontrolle\nM Interieurleisten 'Carbon Fibre'\nM Dachreling Hochglanz Shadow Line\nM Dachhimmel anthrazit\nReifenreparatur Set\n19\"/20\" M Schmiederäder Doppelspeiche 826 M Schwarz / MB\nM Sportsitze\n\nÄnderungen Zwischenverkauf und Irrtümer vorbehalten!\nGerne teilen wir Ihnen den detaillierten Fahrzeugzustand im Rahmen eines persönlichen Gespräches mit unserem Verkaufspersonal mit. Trotz größter Sorgfalt sind Inseratsfehler nicht ausgeschlossen, Irrtümer und Zwischenverkauf vorbehalten.",
  "dealerDetails": {
    "id": 462642,
    "name": "Autohaus Reisacher GmbH",
    "sellerType": "Dealer",
    "phones": [
      "+49 (0)8331 995995820"
    ],
    "languages": [
      "Deutsch",
      "English",
      "Français"
    ],
    "country": "DE",
    "address": "Europastrasse 1, DE-87700 Memmingen",
    "location": {
      "latitude": 47.998307,
      "longitude": 10.1524467
    },
    "activeSince": "1999-11-02T00:00:00.000Z",
    "homepageUrl": "https://home.mobile.de/home/redirect.html?customerId=462642",
    "iconUrl": null,
    "reviewPageUrl": "https://www.mobile.de/bewertungen/REISACHER-MEMMINGEN?lang=en",
    "score": {
      "total": 4,
      "responseTime": 4,
      "friendliness": 4.1,
      "advice": 3.8
    },
    "activeRatingCount": 52,
    "vehicleAsDescribedPercentage": 95,
    "recommendPercentage": 77,
    "soldVehicleCount": null,
    "reviews": []
  },
  "attributes": {
    "Vehicle condition": "New vehicle",
    "Category": "Estate car",
    "Vehicle Number": "153137",
    "Availability": "Now",
    "Origin": "German edition",
    "Mileage": "6 km",
    "Cubic Capacity": "2,993 ccm",
    "Power": "390 kW (530 hp)",
    "Drive type": "Internal combustion engine",
    "Fuel": "Petrol",
    "CO₂ class": "Based on CO₂ emissions (combined)",
    "Fuel consumption": [
      "10.4 l/100km (combined)",
      "15.8 l/100km (city)",
      "10.3 l/100km (suburban)",
      "8.8 l/100km (country road)",
      "9.8 l/100km (motorway)"
    ],
    "Number of Seats": "5",
    "Door Count": "4/5",
    "Transmission": "Automatic",
    "Emission Class": "Euro6",
    "Emissions Sticker": "4 (Green)",
    "Number of Vehicle Owners": "0",
    "Climatisation": "Automatic air conditioning",
    "Parking sensors": "Self-steering systems",
    "Airbags": "Front Airbags",
    "Colour (Manufacturer)": "Saphirschwarz metallic",
    "Colour": "Black Metallic",
    "Interior Design": "Full leather, Black",
    "Energy consumption (comb.)": "10.4 l/100km",
    "CO₂ emissions (comb.)": "234 g/km"
  },
  "features": [
    "ABS",
    "Adaptive cornering lights",
    "Alarm system",
    "Alloy wheels",
    "Autom. dimming interior mirror",
    "Bluetooth",
    "Central locking",
    "DAB radio",
    "Distance warning system",
    "Electric seat adjustment",
    "Electric side mirror",
    "Electric windows",
    "Emergency brake assist",
    "ESP",
    "Fog lamp",
    "Four-wheel drive",
    "Full Service History",
    "Hands-free kit",
    "Heated seats",
    "Immobilizer",
    "Isofix",
    "Keyless central locking",
    "LED headlights",
    "Light sensor",
    "Lumbar support",
    "Multifunction steering wheel",
    "Navigation system",
    "On-board computer",
    "Power Steering",
    "Roof rack",
    "Seat ventilation",
    "Sound system",
    "Sport seats",
    "Sports package",
    "Sports suspension",
    "Start-stop system",
    "Traction control",
    "Tuner/radio",
    "Warranty"
  ]
},
{
  "title": "BMW M3 A Competition M xDrive Tou el.Sitz+Mem,DAProf",
  "previewImage": "https://img.classistatic.de/api/v1/mo-prod/images/7d/7da0c4a4-4620-4647-90b6-5e9bce61dad4?rule=mo-1600.jpg",
  "category": "EstateCar",
  "brand": "BMW",
  "model": "M3",
  "url": "https://suchen.mobile.de/fahrzeuge/details.html?id=434468153",
  "price.total.amount": 99690,
  "priceRating": {
    "rating": "Good price",
    "priceRanges": {
      "Very good price": {
        "start": 74901,
        "end": 97400
      },
      "Good price": {
        "start": 97401,
        "end": 104900
      },
      "Fair price": {
        "start": 104901,
        "end": 116600
      },
      "Increased price": {
        "start": 116601,
        "end": 125200
      },
      "High price": {
        "start": 125201,
        "end": 139100
      }
    }
  },
  "description": "Innovationspaket\nAdaptives Licht\nBi-Xenon-Licht\nBordmonitor\nHead up Display\nKurvenlicht Dynamisch\nAblagenpaket\nM DRIVE PROFESSIONAL\nTraktionskontrolle\nInnen- und Außenspiegelpaket\nConnected Package Professional\nM Driver's Package\nSitzheizung für Fahrer und Beifahrer\nSitzheizung Beifahrer\nSitzheizung Fahrer\nKlimaautomatik\nAutomatische Umluft-Kontrolle\nKlimaautomatik\nKomfortzugang\nHarman Kardon Surround Sound System\nSoundsystem\nSitzverstellung, elektrisch mit Memory für Fahrersitz\nPARKING ASSISTANT\nParklenkassistent (aktiv)\nRückfahrkamera\nBMW Live Cockpit Professional\nDriving Assistant Professional\nBremsassistent, aktiv\nNotbremsassistent, City\nTempomat mit Abstandsregelung\nADAPTIVES M FAHRWERK\nLED-Scheinwerfer\nLED Abblendlicht\nLED Tagfahrlicht\nConnectedDrive Services\nInternet Zugang\nDAB-Tuner\nLenkradheizung\nLenkrad beheizt\nSonnenschutzverglasung\nM Compound-Bremse, schwarz hochglänzend\nHeckklappenbetätigung automatisch\nHeckklappe elektrisch\nInnenspiegel automatisch abblendend\nInstrumententafel Luxury\nAblage für Wireless Charging\nTeleservices\nFernlichtassistent\nAutomatisches Fernlicht\nLordosenstütze für Fahrer und Beifahrer\nAlarmanlage\nAlarmanlage\nGepäckraumpaket\nGESETZLICHER NOTRUF\nM Sicherheitsgurte\nPERSONAL ESIM\nReifendruck-Kontrolle\nM Interieurleisten 'Carbon Fibre'\nM Dachreling Hochglanz Shadow Line\nM Dachhimmel anthrazit\nReifenreparatur Set\n19\"/20\" M Schmiederäder Doppelspeiche 826 M Schwarz / MB\nM Sportsitze\nHeckscheibenwischer\nWegfahrsperre\nWegfahrsperre\nAirbag: 2 Seitenairbags vorne\nAirbag Fahrer- und Bei.seite\"Full-Size\"\nBeifahrerairbag\nFahrerairbag\nBremsleuchte, dritte\nServotronic: M Servotronic\nLackierung: Metallic\nLenksäule: elektrisch einstellbar\nAllradantrieb xDrive\nAllradantrieb permanent\nHeckscheibenheizung\nSteckdose (12 V)\nAnti-Blockier-System (ABS) inkl. Bremsas\nAnti-Blockier-System (ABS)\nSpeed Limiter\nGeschwindigkeitsbegrenzung\nOttopartikelfilter\nAirbag: Kopfairbags für 4 äuß.Sitzplät.\nKindersitzbefestigung ISOFIX\nKindersitzbefestigung/Isofix\nLenkrad: M Lederlenkrad mit Multifunkt.\nLenkrad in Leder\nMultifunktionslenkrad\nSportlenkrad\nM Compound Bremsen\nGetränkehalter in Mittelkonsole vorn\nBMW ID\nRegensensor\nRegensensor\nEinstiegs. mit Alu.einleger u Modellschr\nFahrwerk: Adaptives M Fahrwerk\nFahrwerksregelung elektronisch\nHeckleuchten in LED-Technik\nAmbientes Licht\nAmbiente Innenbeleuchtung\nM Interieurleisten \"Carbon Fibre\"\nCrash Sensor\nAirbag sonstiges\nDSC mit erweiterten Umfängen\nESP (Elektronisches Stabilitätsprogramm)\nGetriebe: 8-Gang Steptronic Sport Getr.\nAutomatik 8 Stufen\nPolster: Leder Merino Schwarz\nRäderzubehör: Radschraubensicherung\nFahrzeugschlüssel, Zentralverriegelung\nZentralverriegelung fernbedienbar\nM Hochglanz Shadow Line mit erw. Umfäng.\nHeimleuchten\nSitze: Fondsitze\nFensterheber, elektrisch\nFensterheber elektrisch hinten\nFensterheber elektrisch vorn\nGeschwindigkeitsregelung mit Bremsfunktion\nNotbremsassistent\nTempomat\n\nÄnderungen Zwischenverkauf und Irrtümer vorbehalten!\nGerne teilen wir Ihnen den detaillierten Fahrzeugzustand im Rahmen eines persönlichen Gespräches mit unserem Verkaufspersonal mit. Trotz größter Sorgfalt sind Inseratsfehler nicht ausgeschlossen, Irrtümer und Zwischenverkauf vorbehalten.",
  "dealerDetails": {
    "id": 774932,
    "name": "Autohaus Reisacher GmbH",
    "sellerType": "Dealer",
    "phones": [
      "+49 (0)8191 331883356"
    ],
    "languages": [
      "Deutsch",
      "English",
      "Türkçe"
    ],
    "country": "DE",
    "address": "Am Penzinger Feld 1, DE-86899 Landsberg am Lech",
    "location": {
      "latitude": 48.0529981,
      "longitude": 10.8964921
    },
    "activeSince": "2007-10-10T00:00:00.000Z",
    "homepageUrl": "https://home.mobile.de/home/redirect.html?customerId=774932",
    "iconUrl": null,
    "reviewPageUrl": "https://www.mobile.de/bewertungen/REISACHER-LANDSBERG?lang=en",
    "score": {
      "total": 4.2,
      "responseTime": 4.4,
      "friendliness": 4.4,
      "advice": 3.9
    },
    "activeRatingCount": 33,
    "vehicleAsDescribedPercentage": 86,
    "recommendPercentage": 82,
    "soldVehicleCount": null,
    "reviews": []
  },
  "attributes": {
    "Vehicle condition": "New vehicle",
    "Category": "Estate car",
    "Vehicle Number": "152896",
    "Availability": "Now",
    "Origin": "German edition",
    "Mileage": "7 km",
    "Cubic Capacity": "2,993 ccm",
    "Power": "390 kW (530 hp)",
    "Drive type": "Internal combustion engine",
    "Fuel": "Petrol",
    "CO₂ class": "Based on CO₂ emissions (combined)",
    "Fuel consumption": [
      "10.4 l/100km (combined)",
      "15.8 l/100km (city)",
      "10.3 l/100km (suburban)",
      "8.8 l/100km (country road)",
      "9.8 l/100km (motorway)"
    ],
    "Number of Seats": "5",
    "Door Count": "4/5",
    "Transmission": "Automatic",
    "Emission Class": "Euro6",
    "Emissions Sticker": "4 (Green)",
    "Number of Vehicle Owners": "0",
    "Climatisation": "Automatic air conditioning",
    "Parking sensors": "Camera, Self-steering systems",
    "Airbags": "Front and Side and More Airbags",
    "Colour (Manufacturer)": "M Portimao Blau metallic",
    "Colour": "Blue Metallic",
    "Interior Design": "Full leather, Black",
    "Energy consumption (comb.)": "10.4 l/100km",
    "CO₂ emissions (comb.)": "234 g/km"
  },
  "features": [
    "ABS",
    "Adaptive cornering lights",
    "Adaptive Cruise Control",
    "Alarm system",
    "Alloy wheels",
    "Ambient lighting",
    "Autom. dimming interior mirror",
    "Bluetooth",
    "Central locking",
    "DAB radio",
    "Distance warning system",
    "Electric seat adjustment",
    "Electric side mirror",
    "Electric tailgate",
    "Electric windows",
    "Emergency brake assist",
    "Emergency call system",
    "ESP",
    "Fog lamp",
    "Four-wheel drive",
    "Full Service History",
    "Hands-free kit",
    "Head-up display",
    "Heated seats",
    "Heated steering wheel",
    "High beam assist",
    "Immobilizer",
    "Induction charging for smartphones",
    "Isofix",
    "Keyless central locking",
    "Leather steering wheel",
    "LED headlights",
    "LED running lights",
    "Light sensor",
    "Lumbar support",
    "Multifunction steering wheel",
    "Navigation system",
    "On-board computer",
    "Power Steering",
    "Rain sensor",
    "Roof rack",
    "Sound system",
    "Speed limit control system",
    "Sport seats",
    "Sports package",
    "Sports suspension",
    "Start-stop system",
    "Traction control",
    "Tuner/radio",
    "Tyre pressure monitoring",
    "Warranty"
  ]
},
{
  "title": "BMW M3 Touring Sitzbelüftung, H&K Surround System, K",
  "previewImage": "https://img.classistatic.de/api/v1/mo-prod/images/be/becaf163-83ee-43f2-a1e0-1ff78346b6a6?rule=mo-1600.jpg",
  "category": "EstateCar",
  "brand": "BMW",
  "model": "M3",
  "url": "https://suchen.mobile.de/fahrzeuge/details.html?id=420331579",
  "price.total.amount": 99600,
  "priceRating": {
    "rating": "Good price",
    "priceRanges": {
      "Very good price": {
        "start": 76501,
        "end": 99500
      },
      "Good price": {
        "start": 99501,
        "end": 107100
      },
      "Fair price": {
        "start": 107101,
        "end": 119100
      },
      "Increased price": {
        "start": 119101,
        "end": 127900
      },
      "High price": {
        "start": 127901,
        "end": 142100
      }
    }
  },
  "description": "Antrieb, Fahrwerk\nAdaptives M Fahrwerk\nAllrad\nBremsanlage: Compound - M Bremssystem (Bremssättel Rot)\nM Drive Professional\nM Sportdifferential\nSportfahrwerk\n\nAußenausstattung\nDachreling Hochglanz Shadow-Line\nLM-Felgen\nSonnenschutzverglasung (hinten abgedunkelt)\n\nEditionen und Pakete\nAblagenpaket\nConnectedDrive Services (laufzeitgebundener Dienst)\nConnectedPackage Professional (laufzeitgebundener Dienst)\nExterieur-Paket M Carbon\nGepäckraum-Paket\nM Driver´s Package\n\nExterieur\nDachreling\n\nFahrerassistenz\nFahrassistenz-System: Driving Assistant Professional\nGesetzlicher Notruf\nHead-Up Display\nParkassistent-Paket Plus\nRückfahrkamera\nSpurverlassenswarnung\nSpurwechselwarnung\nTeleServices\n\nIndividualumfänge\nBMW Individual Dachreling Hochglanz Shadow Line\nBMW Individual Hochglanz Shadow Line\nBMW Individual Hochglanz Shadow Line mit erweiterten Umfängen\nDachhimmel Individual anthrazit\nScheinwerfer BMW Individual Shadow-Line\n\nKomfort, Innenausstattung\nAbstandsregeltempomat\nAktive Sitzbelüftung vorn\nAmbiente-Beleuchtung\nAußenspiegel elektr. anklappbar\nAutomatische Verriegelung beim Anfahren\nBMW Live Cockpit Professional\nDurchladeeinrichtung (Mittelarmlehne hinten)\nDurchladesystem\nEinparkhilfe selbstlenkendes System\nFensterheber elektrisch vorn + hinten\nFensterheber, elektrisch\nFondkopfstützen klappbar\nFreisprecheinrichtung Bluetooth mit USB-/Audio-Schnittstelle\nGalvanikapplikation für Bedienelemente\nGeschwindigkeits-Regelanlage mit Bremsfunktion\nHead-up-Display Full Color\nInduktionsladeschale für Smartphone (Wireless Charging)\nInnen- und Aussenspiegel automatisch abblendend\nInnenausstattung: Interieurleisten Carbon\nInnenspiegel mit Abblendautomatik\nIsofix-Aufnahmen für Kindersitz\nKeyless Entry\nKlimaautomatic\nKlimaautomatik 3-Zonen mit autom. Umluft-Control\nKomfortzugang (Öffnungs- und Schließsystem)\nLeder\nLederlenkrad\nLendenwirbelstütze Sitz vorn links und rechts, elektr. verstellbar\nLenkrad (Leder) mit Multifunktion M-Technic\nLenkrad heizbar\nLicht- und Regensensor\nLordose\nLordosenstuetze fuer Fahrer und Beifahrer\nM Sicherheitsgurte\nM Sportsitze\nMultifunktion für Lenkrad\nMultifunktionslenkrad\nRadioempfang digital (DAB+)\nScheibenwischer mit Regensensor\nSitzheizung fuer Fahrer und Beifahrer\nSitzverstellung, elektrisch mit Memory\nSonnenschutzrollo an Türscheiben hinten\nSonnenschutzverglasung\nSportsitze\nSpurhalteassistent\nTempomat\nVerglasung Akustikglas\nZentralverriegelung\n\nMultimedia\nBluetooth\nBMW Live Cockpit Professional (laufzeitgebundener Dienst)\nDAB Tuner\nFreisprecheinrichtung\nHarman Kardon Surround Sound System\nNavigationssystem\nRadio\nTelefon\nUSB Schnittstelle\n\nRäder\nAlufelgen\nLM-Felgen vorn/hinten: 9,5x19 / 10,5x20 (Doppelspeichen 825 M, Bicolor, Schwarz)\nRadschraubensicherung\nReifenreparatur-Set\n\nSitzbezug\nBMW Individual erweiterte Lederausstattung 'Merino' Tartufo\n\nSonstiges\nAbdeckkappen Außenspiegel M Carbon\nAblage für Wireless Charging \nActive Guard\nBlow by-Heizer\nCO2-Umfang\nDekodierung Zusatzfunktionen\nDeutsch / Bordliteratur\nDeutschland-Ausfuehrung\nElektrisch verstellbare Spiegel\nEntfall spezifischer Designumfänge Exterieur\nEU-spezifische Zusatzumfaenge\nFahrassistenz-System: aktiver Spurhalteassistent\nFahrassistenz-System: Ampel-Erkennung\nFahrassistenz-System: Ausweich-Assistent\nFahrassistenz-System: Einparkhilfe Seite\nFahrassistenz-System: Falschfahrwarnung\nFahrassistenz-System: Frontkollisionswarnung\nFahrassistenz-System: Heckaufprall-Vermeidung (Prävention Heckkollision)\nFahrassistenz-System: Kreuzungs-Assistent\nFahrassistenz-System: Park-Assistent\nFahrassistenz-System: Querverkehrs-Assistent\nFahrassistenz-System: Rückfahr-Assistent\nFahrassistenz-System: Rückfahrhilfe Notbremsfunktion (Active PDC)\nFahrassistenz-System: Spurwechselassistent\nFahrassistenz-System: Spurwechsel-Warnsystem\nGeschwindigkeits-Regelanlage, Aktiv mit Stop&Go-Funktion\nHeckdiffusor Carbon\nInduktionsladen für Smartphones\nInnenausstattung: Erweiterte Lederausstattung BMW Individual Leder Merino (Tartufo)\nInstrumententafel Luxury\nKältemittel\nKilometertacho\nMetallic-Lackierung\nÖlwartungsintervall 24 Monate/30.000 km\nPersonal eSIM \nReifendruckkontrollsystem\nRückfahrkamera\nRückfahrkamera (Top View)\nService-System: Remote 3D View\nSteuerung Infotainment\nSteuerung Karosserie\nSurround-Kamerasystem (Surround View)\nUltimate-Paket\n\nUmwelt, Sicherheit\nAbgasnorm EU6 RDE II\nABS\nAktiver Fussgängerschutz\nAlarmanlage\nAuto Start/Stop Funktion \nBeifahrerairbag\nBeifahrerairbag-Deaktivierung\nESP\nFahrassistenz-System: Fernlichtassistent\nFahrerairbag\nInnenspiegel, automatisch abblendend\nKindersitzbefestigung ISOFIX\nKopfairbag\nLED-Scheinwerfer\nLichtsensor\nNotbremsassistent\nPASM\nRegensensor\nReifen Druck Control\nScheinwerfer LED mit adaptiver Lichtverteilung\nSeitenairbag\nSicherheitssystem Active Protection\nTraction Control\nWarndreieck\nVerkauf nur in Verbindung mit BMW-Bank Leasing\n* kein Verkauf an Wiederverkäufer Irrtümer und Zwischenverkauf vorbehalten.",
  "dealerDetails": {
    "id": 461414,
    "name": "Autohaus Joas OHG",
    "sellerType": "Dealer",
    "phones": [
      "+49 (0)9071 582823588"
    ],
    "languages": [
      "Deutsch",
      "English"
    ],
    "country": "DE",
    "address": "Am Reitweg 10, DE-89407 Dillingen",
    "location": {
      "latitude": 48.5774351,
      "longitude": 10.5001204
    },
    "activeSince": "2002-09-11T00:00:00.000Z",
    "homepageUrl": "https://home.mobile.de/home/redirect.html?customerId=461414",
    "iconUrl": "https://img.classistatic.de/api/v1/mo-prod/images/6e/6e416c29-a61c-4674-9898-90607c116227?rule=mo-640.jpg",
    "reviewPageUrl": "https://www.mobile.de/bewertungen/AH-E-JOAS?lang=en",
    "score": {
      "total": 4.5,
      "responseTime": 4.5,
      "friendliness": 4.6,
      "advice": 4.4
    },
    "activeRatingCount": 37,
    "vehicleAsDescribedPercentage": 97,
    "recommendPercentage": 88,
    "soldVehicleCount": null,
    "reviews": []
  },
  "attributes": {
    "Vehicle condition": "New vehicle, Accident-free",
    "Category": "Estate car",
    "Model range": "G81",
    "Trim line": " Sitzbelüftung, H&K Surround System, Komfortzugang",
    "Vehicle Number": "98490",
    "Availability": "Now",
    "Origin": "German edition",
    "Mileage": "10 km",
    "Cubic Capacity": "2,993 ccm",
    "Power": "390 kW (530 hp)",
    "Drive type": "Internal combustion engine",
    "Fuel": "Petrol, E10-enabled",
    "CO₂ class": "Based on CO₂ emissions (combined)",
    "Fuel consumption": [
      "10.4 l/100km (combined)",
      "15.8 l/100km (city)",
      "10.3 l/100km (suburban)",
      "8.8 l/100km (country road)",
      "9.8 l/100km (motorway)"
    ],
    "Energy costs for 15,000 km annual mileage": "€2,802/Year",
    "Fuel price": "€1.80/l (annual average 2024)",
    "Possible CO₂ costs over the next 10 years (15,000 km/year)": [
      "€4,477 (assuming an average CO₂ price of €127/t)",
      "€2,115 (assuming a low average CO₂ price of €60/t)",
      "€7,050 (assuming a high average CO₂ price of €200/t)"
    ],
    "Vehicle tax": "€480/Year",
    "Number of Seats": "5",
    "Door Count": "4/5",
    "Transmission": "Automatic",
    "Emission Class": "Euro6",
    "Emissions Sticker": "4 (Green)",
    "Construction Year": "2025",
    "Number of Vehicle Owners": "0",
    "HU": "New",
    "Climatisation": "Automatic climatisation, 3 zones",
    "Parking sensors": "Self-steering systems, Rear, 360° camera, Front",
    "Airbags": "Front and Side and More Airbags",
    "Colour (Manufacturer)": "sapphireschwarz",
    "Colour": "Black Metallic",
    "Interior Design": "Full leather, Brown",
    "Weight": "1,940 kg",
    "Tank capacity": "59 l",
    "Energy consumption (comb.)": "10.4 l/100km",
    "CO₂ emissions (comb.)": "235 g/km"
  },
  "features": [
    "ABS",
    "Adaptive Cruise Control",
    "Adaptive lighting",
    "Alarm system",
    "Alloy wheels",
    "Ambient lighting",
    "Android Auto",
    "Apple CarPlay",
    "Arm rest",
    "Autom. dimming interior mirror",
    "Blind spot assist",
    "Bluetooth",
    "Central locking",
    "DAB radio",
    "Digital cockpit",
    "Distance warning system",
    "Dynamic chassis control",
    "Electric seat adjustment",
    "Electric side mirror",
    "Electric windows",
    "Emergency brake assist",
    "Emergency call system",
    "ESP",
    "Four-wheel drive",
    "Glare-free high beam headlights",
    "Hands-free kit",
    "Head-up display",
    "Heated seats",
    "Heated steering wheel",
    "High beam assist",
    "Hill-start assist",
    "Immobilizer",
    "Induction charging for smartphones",
    "Isofix",
    "Keyless central locking",
    "Lane change assist",
    "Leather steering wheel",
    "LED headlights",
    "LED running lights",
    "Light sensor",
    "Lumbar support",
    "Multifunction steering wheel",
    "Navigation system",
    "On-board computer",
    "Particulate filter",
    "Power Steering",
    "Rain sensor",
    "Roof rack",
    "Seat ventilation",
    "Sound system",
    "Speed limit control system",
    "Sport seats",
    "Sports package",
    "Sports suspension",
    "Start-stop system",
    "Summer tyres",
    "Tinted windows",
    "Touchscreen",
    "Traction control",
    "Tuner/radio",
    "Tyre pressure monitoring",
    "USB port",
    "Voice control"
  ]
},
{
  "title": "BMW M3 xDrive Competition Touring ehem UPE 116.120€ ",
  "previewImage": "https://img.classistatic.de/api/v1/mo-prod/images/72/7282b566-9c31-4633-b1fe-99af22fdcb2b?rule=mo-1600.jpg",
  "category": "EstateCar",
  "brand": "BMW",
  "model": "M3",
  "url": "https://suchen.mobile.de/fahrzeuge/details.html?id=423164046",
  "price.total.amount": 99400,
  "priceRating": {
    "rating": "Very good price",
    "priceRanges": {
      "Very good price": {
        "start": 77601,
        "end": 100900
      },
      "Good price": {
        "start": 100901,
        "end": 108700
      },
      "Fair price": {
        "start": 108701,
        "end": 120900
      },
      "Increased price": {
        "start": 120901,
        "end": 129800
      },
      "High price": {
        "start": 129801,
        "end": 144200
      }
    }
  },
  "description": "Getriebe\nAutomatik\nTechnik\nAllrad\nBordcomputer\nSperrdifferential\nAdaptives Daempfungssystem\nStart-Stop-Automatik\nVolldigitales Kombiinstrument\nAssistenten\nMüdigkeitserkennung\nPark-Lenk-Assistent\nRegensensor\nFernlichtassistent\nLichtsensor\nNotbremsassistent\nBerganfahrassistent\nSpurwechselassistent\nAbstandsregeltempomat\nAusparkassistent\nAbstands-/Kollisionswarner\nKomfort\nKlimaautomatik\nServolenkung\nZentralverriegelung\nElektrischer Fensterheber\nLederausstattung\nSitzheizung\nElektrische Aussenspiegel\nTeilbare Ruecksitzlehne\nTempomat\nMultifunktionslenkrad\nKeyless Go Startfunktion\nElektrische Sitze\nInnenspiegel autom. abblendbar\nMittelarmlehne\nInnenraumfilter\nLenksaeule einstellbar\nSportsitze\nParkDistanceControl vorne und hinten\nElektrische Heckklappe\nklimatisierte Sitze\nKeyless Entry\nMemory Sitze\nAmbientebeleuchtung\nLordosenstütze\nLederlenkrad\nGeschwindigkeitsbegrenzungsanlage\nKlimaautomatik-2-Zonen\nKlimaautomatik-3-Zonen\nFunkfernbedienung\nSicht\nLED-Hauptscheinwerfer\nadaptives Kurvenlicht\nLED-Tagfahrlicht\n360 Grad Kamera\nHEAD-UP-Display\nLED-Rueckleuchten\nScheinwerferregulierung\nColorverglasung\nPrivacyverglasung\nSicherheit\nABS\nAirbag\nBeifahrer-Airbag\nWegfahrsperre\nSeitenairbags\nAlarmanlage\nESP\nAntriebsschlupfregelung\nReifendruckkontrolle\nTraktionskontrolle\nKopfairbag\nKnieairbag\nKindersitzbefestigung\nAnhängerstabilisierung\nNotrufsystem\nPannenkit\nEntertainment\nNavigationssystem\nSoundsystem\nRadio\nTelefonvorbereitung\nUSB-Anschluss\nMP3\nHarman-Kardon\nBluetooth\nFreisprecheinrichtung\nSprachsteuerung\nDAB\nWLAN\nTouchscreen\nInduktionsladen für Smartphones\nMusikstreaming\nNavigationsvorbereitung\nUmwelt\nAbgasnorm Euro 6D\nGrüne Umweltplakette\nQualität\nGarantie\nScheckheftgepflegt\nHUAU neu\nNichtraucherfahrzeug\nSonstiges\nKatalysator\nMetallic\nAlufelgen\nDachreling\nGepaeckraumabdeckung\nStossfaenger in Wagenfarbe\nSportpaket\nSportfahrwerk\nLenkradheizung\nFahrerprofilauswahl\nGepäckraumabtrennung\n\nInt.KnNr: 2318716\nÄnderungen, Zwischenverkauf und Irrtümer vorbehalten.\nquality by dotzilla",
  "dealerDetails": {
    "id": 453713,
    "name": "Kohl automobile GmbH",
    "sellerType": "Dealer",
    "phones": [
      "+49 (0)241 9138014256"
    ],
    "languages": [
      "Deutsch",
      "English",
      "Français"
    ],
    "country": "DE",
    "address": "Neuenhofstr. 160, DE-52078 Aachen",
    "location": {
      "latitude": 50.7653702,
      "longitude": 6.1470706
    },
    "activeSince": "2001-06-07T00:00:00.000Z",
    "homepageUrl": "https://home.mobile.de/home/redirect.html?customerId=453713",
    "iconUrl": null,
    "reviewPageUrl": "https://www.mobile.de/bewertungen/KOHL-AACHEN?lang=en",
    "score": {
      "total": 4.2,
      "responseTime": 4.3,
      "friendliness": 4.3,
      "advice": 4
    },
    "activeRatingCount": 61,
    "vehicleAsDescribedPercentage": 90,
    "recommendPercentage": 77,
    "soldVehicleCount": null,
    "reviews": []
  },
  "attributes": {
    "Vehicle condition": "New vehicle, Accident-free",
    "Category": "Estate car",
    "Vehicle Number": "2318716",
    "Availability": "Now",
    "Origin": "German edition",
    "Mileage": "1 km",
    "Cubic Capacity": "2,993 ccm",
    "Power": "390 kW (530 hp)",
    "Drive type": "Internal combustion engine",
    "Fuel": "Petrol",
    "CO₂ class": "Based on CO₂ emissions (combined)",
    "Fuel consumption": [
      "10.3 l/100km (combined)",
      "15.4 l/100km (city)",
      "10.2 l/100km (suburban)",
      "8.9 l/100km (country road)",
      "9.7 l/100km (motorway)"
    ],
    "Energy costs for 15,000 km annual mileage": "€2,775/Year",
    "Fuel price": "€1.80/l (annual average 2024)",
    "Possible CO₂ costs over the next 10 years (15,000 km/year)": [
      "€4,439 (assuming an average CO₂ price of €127/t)",
      "€2,097 (assuming a low average CO₂ price of €60/t)",
      "€6,990 (assuming a high average CO₂ price of €200/t)"
    ],
    "Vehicle tax": "€472/Year",
    "Number of Seats": "5",
    "Door Count": "4/5",
    "Transmission": "Automatic",
    "Emission Class": "Euro6d",
    "Emissions Sticker": "4 (Green)",
    "Construction Year": "2025",
    "Number of Vehicle Owners": "0",
    "HU": "New",
    "Climatisation": "Automatic climatisation, 3 zones",
    "Parking sensors": "Rear, 360° camera, Self-steering systems, Front",
    "Airbags": "Front and Side and More Airbags",
    "Colour (Manufacturer)": "BLACK SAPPHIRE METALLIC",
    "Colour": "Black Metallic",
    "Interior Design": "Full leather, Black",
    "Cylinders": "6",
    "Energy consumption (comb.)": "10.3 l/100km",
    "CO₂ emissions (comb.)": "233 g/km"
  },
  "features": [
    "ABS",
    "Adaptive cornering lights",
    "Adaptive Cruise Control",
    "Alarm system",
    "Alloy wheels",
    "Ambient lighting",
    "Arm rest",
    "Autom. dimming interior mirror",
    "Bluetooth",
    "Cargo barrier",
    "Central locking",
    "DAB radio",
    "Digital cockpit",
    "Distance warning system",
    "Dynamic chassis control",
    "Electric seat adjustment",
    "Electric side mirror",
    "Electric tailgate",
    "Electric windows",
    "Eletric seat adjustment with memory function",
    "Emergency brake assist",
    "Emergency call system",
    "Emergency tyre repair kit",
    "ESP",
    "Fatigue warning system",
    "Folding exterior mirrors",
    "Four-wheel drive",
    "Full Service History",
    "Hands-free kit",
    "Head-up display",
    "Heated seats",
    "Heated steering wheel",
    "High beam assist",
    "Hill-start assist",
    "Immobilizer",
    "Induction charging for smartphones",
    "Integrated music streaming",
    "Isofix",
    "Keyless central locking",
    "Leather steering wheel",
    "LED headlights",
    "LED running lights",
    "Light sensor",
    "Lumbar support",
    "Multifunction steering wheel",
    "Navigation preparation",
    "Navigation system",
    "Non-smoker vehicle",
    "On-board computer",
    "Power Steering",
    "Rain sensor",
    "Rear traffic alert",
    "Roof rack",
    "Seat ventilation",
    "Sound system",
    "Speed limit control system",
    "Sport seats",
    "Sports package",
    "Sports suspension",
    "Start-stop system",
    "Tinted windows",
    "Touchscreen",
    "Traction control",
    "Tuner/radio",
    "Tyre pressure monitoring",
    "USB port",
    "Voice control",
    "Warranty",
    "WLAN / Wi-Fi hotspot"
  ]
},
{
  "title": "BMW M3 Competition M xDrive M Drivers P.*Head-Up*UPE",
  "previewImage": "https://img.classistatic.de/api/v1/mo-prod/images/5b/5b5a7661-8a26-4232-a863-8182d0d4e11f?rule=mo-1600.jpg",
  "category": "EstateCar",
  "brand": "BMW",
  "model": "M3",
  "url": "https://suchen.mobile.de/fahrzeuge/details.html?id=431868646",
  "price.total.amount": 99940,
  "priceRating": {
    "rating": "Very good price",
    "priceRanges": {
      "Very good price": {
        "start": 78501,
        "end": 102100
      },
      "Good price": {
        "start": 102101,
        "end": 110000
      },
      "Fair price": {
        "start": 110001,
        "end": 122300
      },
      "Increased price": {
        "start": 122301,
        "end": 131300
      },
      "High price": {
        "start": 131301,
        "end": 145900
      }
    }
  },
  "description": "Unverbindliche Preisempfehlung (UPE) d. Herstellers: 120.670,00 €\nAktionspreis zzgl. 1.020,00 € Bereitstellungspaket Zusätzliche Sonderkonditionen sind möglich für:\n\nfür Gewerbekunden zusätzliche Konditionen möglich\nFlottenkonditionen möglich ab min. 5 Fahrzeugen im Fuhrpark\nEinkaufsverbände (Maschinenringe, EDE, DMB, BAMAKA, BVMW)\nInhaber von Schwerbehindertenausweisen (ab 50%) bzw. deren Familienmitgliedern 1. Grades (bei Neuwagen)\nInhaber von einem gültigen Journalistenausweis (bei Neuwagen) Wichtiger Hinweis:\nBitte erfragen Sie vor Besichtigung den Standort des Fahrzeuges.\nIrrtümer, Änderungen und Zwischenverkauf vorbehalten.\n\nGern unterbreiten wir Ihnen auch ein interessantes Finanzierungsangebot. Besuchen Sie unsere Internetseite www.ehrl-gruppe.de und lassen Sie sich von weiteren unschlagbaren Angeboten überraschen.\nAntrieb, Fahrwerk\nAdaptives M Fahrwerk\nAllrad\nBremsanlage: Compound - M Bremssystem (Bremssättel Rot)\nM Drive Professional\nM Sportdifferential\nSportfahrwerk\n\nEditionen und Pakete\nAblagenpaket\nConnectedDrive Services (laufzeitgebundener Dienst)\nConnectedPackage Professional (laufzeitgebundener Dienst)\nGepäckraum-Paket\nInnovations-Paket (2)\nM Driver´s Package\n\nExterieur\nDach und Spiegelkappen schwarz\nDachreling\nElektrische Gepäckraumklappe\n\nFahrerassistenz\nBMW Drive Recorder (Dashcam)\nFahrassistenz-System: Driving Assistant Professional\nGesetzlicher Notruf\nHead-Up Display\nParkassistent-Paket Plus\nRückfahrkamera\nSpurverlassenswarnung\nSpurwechselwarnung\nTeleServices\n\nIndividualumfänge\nBMW Individual Dachreling Hochglanz Shadow Line\nBMW Individual Hochglanz Shadow Line\nBMW Individual Hochglanz Shadow Line mit erweiterten Umfängen\nDachhimmel Individual anthrazit\nScheinwerfer BMW Individual Shadow-Line\n\nKomfort, Innenausstattung\nAbstandsregeltempomat\nAutomatische Verriegelung beim Anfahren\nDurchladesystem\nEinparkhilfe selbstlenkendes System\nFensterheber, elektrisch\nFondkopfstützen klappbar\nGalvanikapplikation für Bedienelemente\nInnen- und Aussenspiegel automatisch abblendend\nInnenausstattung: Interieurleisten Carbon\nKeyless Entry\nKlimaautomatic\nKomfortzugang (Öffnungs- und Schließsystem)\nLeder\nLederlenkrad\nLenkrad (M Sport, Alcantara)\nLenkrad heizbar\nLordose\nLordosenstuetze fuer Fahrer und Beifahrer\nM Sicherheitsgurte\nM Sportsitze\nMultifunktionslenkrad\nSitzheizung fuer Fahrer und Beifahrer\nSitzverstellung, elektrisch mit Memory\nSonnenschutzverglasung\nSportsitze\nSpurhalteassistent\nTempomat\nVerglasung Akustikglas\nZentralverriegelung\n\nMultimedia\nBluetooth\nBMW Live Cockpit Professional (laufzeitgebundener Dienst)\nDAB Tuner\nFreisprecheinrichtung\nHarman Kardon Surround Sound System\nNavigationssystem\nRadio\nTelefon\nUSB Schnittstelle\n\nRäder\n19\"/20\" M Schmiederäder Doppelspeiche 826 M Schwarz / MB\nRadschraubensicherung\nReifenreparatur-Set\n\nSitzbezug\nVollleder Merino Feinnarbe Schwarz/ Schwarz\n\nSonstiges\nAblage für Wireless Charging \nActive Guard\nBlow by-Heizer\nBMW Digital Key\nCO2-Umfang\nDekodierung Zusatzfunktionen\nDeutsch / Bordliteratur\nElektrisch verstellbare Spiegel\nEU-spezifische Zusatzumfaenge\nFahrassistenz-System: aktiver Spurhalteassistent\nFahrassistenz-System: Ampel-Erkennung\nFahrassistenz-System: Ausweich-Assistent\nFahrassistenz-System: Einparkhilfe Seite\nFahrassistenz-System: Falschfahrwarnung\nFahrassistenz-System: Frontkollisionswarnung\nFahrassistenz-System: Heckaufprall-Vermeidung (Prävention Heckkollision)\nFahrassistenz-System: Kreuzungs-Assistent\nFahrassistenz-System: Park-Assistent\nFahrassistenz-System: Querverkehrs-Assistent\nFahrassistenz-System: Rückfahr-Assistent\nFahrassistenz-System: Rückfahrhilfe Notbremsfunktion (Active PDC)\nFahrassistenz-System: Spurwechselassistent\nFahrassistenz-System: Spurwechsel-Warnsystem\nGeschwindigkeits-Regelanlage, Aktiv mit Stop&Go-Funktion\nInduktionsladen für Smartphones\nKältemittel\nKilometertacho\nMetallic-Lackierung\nÖlwartungsintervall 24 Monate/30.000 km\nPersonal eSIM \nReifendruckkontrollsystem\nRückfahrkamera\nRückfahrkamera (Top View)\nService-System: Remote 3D View\nSitzbezug / Polsterung: Voll-Leder Merino\nSteuerung Infotainment\nSteuerung Karosserie\nSurround-Kamerasystem (Surround View)\n\nUmwelt, Sicherheit\nAbgasnorm EU6 RDE II\nABS\nAktiver Fussgängerschutz\nAlarmanlage\nAuto Start/Stop Funktion \nBeifahrerairbag\nBeifahrerairbag-Deaktivierung\nESP\nFahrassistenz-System: Fernlichtassistent\nFahrerairbag\nInnenspiegel, automatisch abblendend\nKindersitzbefestigung ISOFIX\nKopfairbag\nLED-Scheinwerfer\nLichtsensor\nNotbremsassistent\nPASM\nRegensensor\nReifen Druck Control\nScheinwerfer LED mit adaptiver Lichtverteilung\nSeitenairbag\nTraction Control\nWarndreieck\n\nLeasingbeispiel\n\nMtl. Leasingrate: 1.165,36 EUR inkl. MwSt.\nAnschaffungspreis 89.946,00 EUR\nSonderzahlung: 9.994,00 EUR\nLaufleistung p.a. 10.000km\nLaufzeit 36 Monate\nSollzinssatz p.a.: 5,99% (gebunden für die gesamte Vertragslaufzeit)\nEffektiver Jahreszins 6,16%\nGesamtbetrag 51.947,21 EUR\nEin unverbindliches Leasingbeispiel der",
  "dealerDetails": {
    "id": 461289,
    "name": "Autohaus Ehrl GmbH Halle BMW & MINI Vertragshändler",
    "sellerType": "Dealer",
    "phones": [
      "+49 (0)345 9639424747"
    ],
    "languages": [
      "Deutsch",
      "English"
    ],
    "country": "DE",
    "address": "Am Bruchfeld 1, DE-06179 Halle/ Zscherben",
    "location": {
      "latitude": 51.47169239999999,
      "longitude": 11.8833842
    },
    "activeSince": "1999-09-14T00:00:00.000Z",
    "homepageUrl": "https://home.mobile.de/home/redirect.html?customerId=461289",
    "iconUrl": null,
    "reviewPageUrl": "https://www.mobile.de/bewertungen/AUTOHAUS-EHRL?lang=en",
    "score": {
      "total": 4.3,
      "responseTime": 4.3,
      "friendliness": 4.5,
      "advice": 4.1
    },
    "activeRatingCount": 16,
    "vehicleAsDescribedPercentage": 86,
    "recommendPercentage": 80,
    "soldVehicleCount": null,
    "reviews": []
  },
  "attributes": {
    "Vehicle condition": "New vehicle, Accident-free",
    "Category": "Estate car",
    "Model range": "G81",
    "Trim line": "M xDrive M Drivers P.*Head-Up*UPE: 120.670€",
    "Vehicle Number": "B07830089370",
    "Availability": "Now",
    "Origin": "German edition",
    "Mileage": "0 km",
    "Cubic Capacity": "2,993 ccm",
    "Power": "390 kW (530 hp)",
    "Drive type": "Internal combustion engine",
    "Fuel": "Petrol, E10-enabled",
    "CO₂ class": "Based on CO₂ emissions (combined)",
    "Fuel consumption": [
      "10.4 l/100km (combined)",
      "15.8 l/100km (city)",
      "10.3 l/100km (suburban)",
      "8.8 l/100km (country road)",
      "9.8 l/100km (motorway)"
    ],
    "Energy costs for 15,000 km annual mileage": "€2,802/Year",
    "Fuel price": "€1.80/l (annual average 2024)",
    "Possible CO₂ costs over the next 10 years (15,000 km/year)": [
      "€4,477 (assuming an average CO₂ price of €127/t)",
      "€2,115 (assuming a low average CO₂ price of €60/t)",
      "€7,050 (assuming a high average CO₂ price of €200/t)"
    ],
    "Vehicle tax": "€480/Year",
    "Number of Seats": "5",
    "Door Count": "4/5",
    "Transmission": "Automatic",
    "Emission Class": "Euro6",
    "Emissions Sticker": "4 (Green)",
    "Construction Year": "2025",
    "Number of Vehicle Owners": "0",
    "HU": "New",
    "Climatisation": "Automatic climatisation, 4 zones",
    "Parking sensors": "Front, 360° camera, Rear, Self-steering systems",
    "Airbags": "Front and Side and More Airbags",
    "Colour (Manufacturer)": "M Isle of Man Grün ",
    "Colour": "Green Metallic",
    "Interior Design": "Full leather, Black",
    "Weight": "1,940 kg",
    "Cylinders": "6",
    "Tank capacity": "59 l",
    "Energy consumption (comb.)": "10.4 l/100km",
    "CO₂ emissions (comb.)": "235 g/km"
  },
  "features": [
    "ABS",
    "Adaptive Cruise Control",
    "Adaptive lighting",
    "Alarm system",
    "Alloy wheels",
    "Ambient lighting",
    "Apple CarPlay",
    "Arm rest",
    "Autom. dimming interior mirror",
    "Blind spot assist",
    "Bluetooth",
    "Cargo barrier",
    "CD player",
    "Central locking",
    "DAB radio",
    "Digital cockpit",
    "Distance warning system",
    "Dynamic chassis control",
    "Electric seat adjustment",
    "Electric side mirror",
    "Electric tailgate",
    "Electric windows",
    "Eletric seat adjustment with memory function",
    "Emergency brake assist",
    "Emergency call system",
    "ESP",
    "Folding exterior mirrors",
    "Four-wheel drive",
    "Glare-free high beam headlights",
    "Hands-free kit",
    "Head-up display",
    "Heated seats",
    "Heated steering wheel",
    "High beam assist",
    "Hill-start assist",
    "Immobilizer",
    "Induction charging for smartphones",
    "Isofix",
    "Keyless central locking",
    "Lane change assist",
    "Leather steering wheel",
    "LED headlights",
    "LED running lights",
    "Light sensor",
    "Lumbar support",
    "Multifunction steering wheel",
    "Navigation system",
    "On-board computer",
    "Particulate filter",
    "Power Steering",
    "Rain sensor",
    "Rear traffic alert",
    "Roof rack",
    "Sound system",
    "Speed limit control system",
    "Sport seats",
    "Sports package",
    "Sports suspension",
    "Start-stop system",
    "Summer tyres",
    "Tinted windows",
    "Touchscreen",
    "Traction control",
    "Traffic sign recognition",
    "Tuner/radio",
    "Tyre pressure monitoring",
    "USB port",
    "Voice control",
    "Warranty"
  ]
},
{
  "title": "BMW M3 Competition M XDR M Drivers P. / Touring",
  "previewImage": "https://img.classistatic.de/api/v1/mo-prod/images/87/8798f03c-25de-4d7b-8f82-407717c5d68e?rule=mo-1600.jpg",
  "category": "EstateCar",
  "brand": "BMW",
  "model": "M3",
  "url": "https://suchen.mobile.de/fahrzeuge/details.html?id=431169763",
  "price.total.amount": 99900,
  "priceRating": {
    "rating": "Good price",
    "priceRanges": {
      "Very good price": {
        "start": 76001,
        "end": 98800
      },
      "Good price": {
        "start": 98801,
        "end": 106400
      },
      "Fair price": {
        "start": 106401,
        "end": 118400
      },
      "Increased price": {
        "start": 118401,
        "end": 127100
      },
      "High price": {
        "start": 127101,
        "end": 141200
      }
    }
  },
  "description": "Antrieb, Fahrwerk\nAdaptives M Fahrwerk\nAllrad\nM Compound-Bremse, schwarz hochglänzend\nM Drive Professional\nM Sportdifferential\nSportfahrwerk\n\nAußenausstattung\nDachreling Hochglanz Shadow-Line\nHeckklappenbetätigung automatisch\nLM-Felgen\nSonnenschutzverglasung (hinten abgedunkelt)\n\nEditionen und Pakete\nAblagenpaket\nConnectedDrive Services (laufzeitgebundener Dienst)\nConnectedPackage Professional (laufzeitgebundener Dienst)\nInnovationspaket II\nM Driver's Package \n\nExterieur\nDach und Spiegelkappen schwarz\nDachreling\nElektrische Gepäckraumklappe\n\nFahrerassistenz\nBMW Drive Recorder\nDriving Assistant Professional\nGesetzlicher Notruf\nHead-Up Display\nParking Assistant Plus\nRückfahrkamera\nSpurverlassenswarnung\nSpurwechselwarnung\nTeleServices\n\nIndividualumfänge\nBMW Individual Dachreling Hochglanz Shadow Line\nBMW Individual Hochglanz Shadow Line\nBMW Individual Hochglanz Shadow Line mit erweiterten Umfängen\nBMW Individual Leuchten Shadow Line\nDachhimmel Individual anthrazit\n\nKomfort, Innenausstattung\nAbstandsregeltempomat\nAktive Sitzbelüftung vorn\nAkustikkomfort-Verglasung\nAmbiente-Beleuchtung\nAußenspiegel elektr. anklappbar\nAutomatische Verriegelung beim Anfahren\nBMW Live Cockpit Professional\nDurchladeeinrichtung (Mittelarmlehne hinten)\nDurchladesystem\nEinparkhilfe selbstlenkendes System\nFensterheber elektrisch vorn + hinten\nFensterheber, elektrisch\nFondkopfstützen klappbar\nFreisprecheinrichtung Bluetooth mit USB-/Audio-Schnittstelle\nGalvanikapplikation für Bedienelemente\nGepäckraum-Abtrennung (Netz)\nGeschwindigkeits-Regelanlage mit Bremsfunktion\nHead-up-Display Full Color\nInduktionsladeschale für Smartphone (Wireless Charging)\nInnen- und Aussenspiegel automatisch abblendend\nInnenspiegel mit Abblendautomatik\nInterieurleisten Carbon Fibre\nIsofix-Aufnahmen für Kindersitz\nKeyless Entry\nKlimaautomatic\nKlimaautomatik 3-Zonen mit autom. Umluft-Control\nKomfortzugang\nLeder\nLederlenkrad\nLendenwirbelstütze Sitz vorn links und rechts, elektr. verstellbar\nLenkrad (Leder) mit Multifunktion M-Technic\nLenkradheizung\nLicht- und Regensensor\nLordose\nLordosenstuetze fuer Fahrer und Beifahrer\nM Sicherheitsgurte\nM Sportsitze\nMultifunktion für Lenkrad\nMultifunktionslenkrad\nRadioempfang digital (DAB+)\nScheibenwischer mit Regensensor\nService-System: Augmented Reality für Navigation\nSitze vorn elektr. verstellbar (mit Memory)\nSitzheizung fuer Fahrer und Beifahrer\nSitzheizung vorn\nSitzverstellung, elektrisch mit Memory\nSonnenschutzverglasung\nSound-System Harman-Kardon\nSportsitze\nSpurhalteassistent\nStart/Stop-Anlage (Funktion)\nTempomat\nZentralverriegelung\nZentralverriegelung mit Diebstahlsicherung und Crashsensor\n\nMultimedia\nBluetooth\nBMW Live Cockpit Professional (laufzeitgebundener Dienst)\nDAB Tuner\nFreisprecheinrichtung\nHarman Kardon Surround Sound System\nNavigationssystem\nRadio\nTelefon\nUSB Schnittstelle\n\nRäder\nRadschraubensicherung\nReifenreparatur-Set\n\nSicherheit/Umwelt\nAdaptives Fahrwerk M-Technic\nAirbag Beifahrerseite abschaltbar\nAirbag Fahrer-/Beifahrerseite\nAlarmanlage\nAnti-Blockier-System (ABS)\nAntriebsart: Allradantrieb\nAntriebsart: xDrive (Allrad)\nDiebstahl-Warnanlage\nDynamische Stabilitäts-Control (DSC)\nDynamische Stabilitäts-Control (DSC) mit erweiterter Umfang\nFahrassistenz-System: Active Guard (Bremsassistent)\nGeschwindigkeits-Begrenzeranlage (Speed Limit Device)\nKnieairbag Fahrerseite\n\nSitzbezug\nVOLLLED.MERINO/SILVERSTONE\n\nSonstiges\nAblage für Wireless Charging \nActive Guard\nAktive Sitzbelüftung vorn\nBlow by-Heizer\nBMW Drive Recorder (Dashcam)\nBMW Individual-Sonderlackierung Aventurin-Rot II Metallic\nBremsanlage: Compound - M Bremssystem (Bremssättel Schwarz)\nCO2-Umfang\nDekodierung Zusatzfunktionen\nDeutsch / Bordliteratur\nElektrisch verstellbare Spiegel\nEU-spezifische Zusatzumfaenge\nFahrassistenz-System: Driving Assistant Professional\nFahrassistenz-System: Fernlichtassistent\nInduktionsladen für Smartphones\nInnenausstattung: Interieurleisten Carbon\nInnovations-Paket (2)\nKältemittel\nKilometertacho\nLenkrad heizbar\nLM-Felgen vorn/hinten: 9,5x19 / 10,5x20 (Doppelspeichen 825 M, Bicolor, Schwarz)\nM Driver´s Package\nMetallic-Lackierung\nÖlwartungsintervall 24 Monate/30.000 km\nParkassistent-Paket Plus\nPersonal eSIM \nReifendruckkontrollsystem\nScheinwerfer BMW Individual Shadow-Line\nSicherheitssystem Active Protection\nSitzbezug / Polsterung: Voll-Leder Merino Silverstone / Schwarz\nSteuerung Infotainment\nSteuerung Karosserie\nVerglasung Akustikglas\n\nUmwelt, Sicherheit\nAbgasnorm EU6 RDE II\nABS\nActive Protection\nAdaptiver LED-Scheinwerfer\nAktiver Fussgängerschutz\nAlarmanlage\nAuto Start/Stop Funktion \nBeifahrerairbag\nBeifahrerairbag-Deaktivierung\nESP\nFahrerairbag\nFernlichtassistent\nInnenspiegel, automatisch abblendend\nKindersitzbefestigung ISOFIX\nKopfairbag\nLED-Scheinwerfer\nLichtsensor\nNotbremsassistent\nPASM\nRegensensor\nReifen Druck Control\nSeitenairbag\nTraction Control\nWarndreieck\nIrrtümer und Zwischenverkauf vorbehalten.",
  "dealerDetails": {
    "id": 452090,
    "name": "Gottstein GmbH Automobile & Motorräder",
    "sellerType": "Dealer",
    "phones": [
      "+49 (0)7751 306942368"
    ],
    "languages": [
      "Deutsch"
    ],
    "country": "DE",
    "address": "Karl Ziegler Strasse 4, DE-79761 Waldshut-Tiengen",
    "location": {
      "latitude": 47.6162465,
      "longitude": 8.2457357
    },
    "activeSince": "2001-01-10T00:00:00.000Z",
    "homepageUrl": "https://home.mobile.de/home/redirect.html?customerId=452090",
    "iconUrl": null,
    "reviewPageUrl": "https://www.mobile.de/bewertungen/GOTTSTEIN?lang=en",
    "score": {
      "total": 4.7,
      "responseTime": 4.7,
      "friendliness": 4.8,
      "advice": 4.7
    },
    "activeRatingCount": 31,
    "vehicleAsDescribedPercentage": 100,
    "recommendPercentage": 93,
    "soldVehicleCount": null,
    "reviews": []
  },
  "attributes": {
    "Vehicle condition": "New vehicle, Accident-free",
    "Category": "Estate car",
    "Model range": "G81",
    "Trim line": "M XDR M Drivers P. / Touring ",
    "Vehicle Number": "55000584",
    "Availability": "Now",
    "Origin": "German edition",
    "Mileage": "0 km",
    "Cubic Capacity": "2,993 ccm",
    "Power": "390 kW (530 hp)",
    "Drive type": "Internal combustion engine",
    "Fuel": "Petrol, E10-enabled",
    "CO₂ class": "Based on CO₂ emissions (combined)",
    "Fuel consumption": [
      "10.4 l/100km (combined)",
      "15.8 l/100km (city)",
      "10.3 l/100km (suburban)",
      "8.8 l/100km (country road)",
      "9.8 l/100km (motorway)"
    ],
    "Energy costs for 15,000 km annual mileage": "€2,802/Year",
    "Fuel price": "€1.80/l (annual average 2024)",
    "Possible CO₂ costs over the next 10 years (15,000 km/year)": [
      "€4,477 (assuming an average CO₂ price of €127/t)",
      "€2,115 (assuming a low average CO₂ price of €60/t)",
      "€7,050 (assuming a high average CO₂ price of €200/t)"
    ],
    "Number of Seats": "5",
    "Door Count": "4/5",
    "Transmission": "Automatic",
    "Emission Class": "Euro6",
    "Emissions Sticker": "4 (Green)",
    "Construction Year": "2025",
    "Number of Vehicle Owners": "0",
    "HU": "New",
    "Climatisation": "Automatic climatisation, 3 zones",
    "Parking sensors": "Camera, Rear, Front, Self-steering systems",
    "Airbags": "Front and Side and More Airbags",
    "Colour (Manufacturer)": "AVENTURINROT III",
    "Colour": "Red Metallic",
    "Interior Design": "Full leather, Black",
    "Weight": "1,940 kg",
    "Tank capacity": "59 l",
    "Energy consumption (comb.)": "10.4 l/100km",
    "CO₂ emissions (comb.)": "235 g/km"
  },
  "features": [
    "ABS",
    "Adaptive Cruise Control",
    "Adaptive lighting",
    "Alarm system",
    "Alloy wheels",
    "Ambient lighting",
    "Arm rest",
    "Autom. dimming interior mirror",
    "Blind spot assist",
    "Bluetooth",
    "Cargo barrier",
    "Central locking",
    "DAB radio",
    "Digital cockpit",
    "Distance warning system",
    "Dynamic chassis control",
    "Electric seat adjustment",
    "Electric side mirror",
    "Electric tailgate",
    "Electric windows",
    "Emergency brake assist",
    "Emergency call system",
    "ESP",
    "Four-wheel drive",
    "Glare-free high beam headlights",
    "Hands-free kit",
    "Head-up display",
    "Heated seats",
    "Heated steering wheel",
    "High beam assist",
    "Hill-start assist",
    "Immobilizer",
    "Induction charging for smartphones",
    "Isofix",
    "Keyless central locking",
    "Lane change assist",
    "Leather steering wheel",
    "LED headlights",
    "LED running lights",
    "Light sensor",
    "Lumbar support",
    "Multifunction steering wheel",
    "Navigation system",
    "On-board computer",
    "Particulate filter",
    "Power Steering",
    "Rain sensor",
    "Roof rack",
    "Seat ventilation",
    "Sound system",
    "Speed limit control system",
    "Sport seats",
    "Sports package",
    "Sports suspension",
    "Start-stop system",
    "Summer tyres",
    "Tinted windows",
    "Touchscreen",
    "Traction control",
    "Tuner/radio",
    "Tyre pressure monitoring",
    "USB port",
    "Voice control"
  ]
},
{
  "title": "BMW M3 Competition Touring UPE: 119.280€",
  "previewImage": "https://img.classistatic.de/api/v1/mo-prod/images/54/54255d86-de17-4e7f-a61f-2617a370556a?rule=mo-1600.jpg",
  "category": "EstateCar",
  "brand": "BMW",
  "model": "M3",
  "url": "https://suchen.mobile.de/fahrzeuge/details.html?id=420439087",
  "price.total.amount": 99940,
  "priceRating": {
    "rating": "Good price",
    "priceRanges": {
      "Very good price": {
        "start": 76601,
        "end": 99600
      },
      "Good price": {
        "start": 99601,
        "end": 107200
      },
      "Fair price": {
        "start": 107201,
        "end": 119200
      },
      "Increased price": {
        "start": 119201,
        "end": 128000
      },
      "High price": {
        "start": 128001,
        "end": 142200
      }
    }
  },
  "description": "Unverbindliche Preisempfehlung (UPE) d. Herstellers: 119.280,00€\nAktionspreis zzgl. 1.020,00 € Bereitstellungspaket\nZusätzliche Sonderkonditionen sind möglich für:\n\nfür Gewerbekunden zusätzliche Konditionen möglich\nFlottenkonditionen möglich ab min. 5 Fahrzeugen im Fuhrpark\nEinkaufsverbände (Maschinenringe, EDE, DMB, BAMAKA, BVMW)\nInhaber von Schwerbehindertenausweisen (ab 50%) bzw. deren Familienmitgliedern 1. Grades (bei Neuwagen)\nInhaber von einem gültigen Journalistenausweis (bei Neuwagen) Wichtiger Hinweis:\nBitte erfragen Sie vor Besichtigung den Standort des Fahrzeuges.\nIrrtümer, Änderungen und Zwischenverkauf vorbehalten.\n\nGern unterbreiten wir Ihnen auch ein interessantes Finanzierungsangebot. Besuchen Sie unsere Internetseite www.ehrl-gruppe.de und lassen Sie sich von weiteren unschlagbaren Angeboten überraschen.\nSonstiges\nAblage für Wireless Charging \nActive Guard\nBlow by-Heizer\nCO2-Umfang\nCompetition\nDekodierung Zusatzfunktionen\nDeutsch / Bordliteratur\nDeutschland-Ausfuehrung\nEU-spezifische Zusatzumfaenge\nGetriebe Automatik - mit Steptronic und Drivelogic (8-Stufen)\nKältemittel\nKarosserie: 5-türig\nKilometertacho\nModellpflege\nMotor 3,0 Ltr. - 390 kW 24V\nMotor 3,0 Ltr. - 390 kW 24V TwinPower Turbo (S58)\nÖlwartungsintervall 24 Monate/30.000 km\nPersonal eSIM \nSchadstoffarm nach Abgasnorm Euro 6e\nSteuerung Infotainment\nSteuerung Karosserie\n\nAntrieb, Fahrwerk\nAdaptives M Fahrwerk\nAllrad\nM Compound-Bremse, rot hochglänzend\nM Drive Professional\nM Sportdifferential\n\nEditionen und Pakete\nAblagenpaket\nConnectedDrive Services (laufzeitgebundener Dienst)\nConnectedPackage Professional (laufzeitgebundener Dienst)\nInnovationspaket II\nM Driver's Package \n\nExterieur\nDach und Spiegelkappen schwarz\nDachreling\n\nFahrerassistenz\nBMW Drive Recorder\nDriving Assistant Professional\nGesetzlicher Notruf\nParking Assistant Plus\nTeleServices\n\nIndividualumfänge\nBMW Individual Dachreling Hochglanz Shadow Line\nBMW Individual Hochglanz Shadow Line\nBMW Individual Hochglanz Shadow Line mit erweiterten Umfängen\nBMW Individual Leuchten Shadow Line\nDachhimmel Individual anthrazit\n\nKomfort, Innenausstattung\nAktive Sitzbelüftung vorn\nFondkopfstützen klappbar\nGalvanikapplikation für Bedienelemente\nInnen- und Aussenspiegel automatisch abblendend\nInterieurleisten Carbon Fibre\nKeyless Entry\nKlimaautomatic\nKomfortzugang\nLenkradheizung\nLordose\nLordosenstuetze fuer Fahrer und Beifahrer\nM Sicherheitsgurte\nM Sportsitze\nSitzheizung fuer Fahrer und Beifahrer\nSitzverstellung, elektrisch mit Memory\nSonnenschutzverglasung\nSportsitze\n\nMultimedia\nBMW Live Cockpit Professional (laufzeitgebundener Dienst)\nDAB Tuner\nHarman Kardon Surround Sound System\n\nRäder\n19\"/20\" M Schmiederäder Doppelspeiche 826 M Schwarz / MB\nRadschraubensicherung\nReifenreparatur-Set\n\nSicherheit/Umwelt\nAntriebsart: Allradantrieb\nAntriebsart: xDrive (Allrad)\nOtto-Partikelfilter (OPF)\n\nSitzbezug\nVollleder Merino Feinnarbe Schwarz/ Schwarz\n\nUmwelt, Sicherheit\nAbgasnorm EU6 RDE II\nAdaptiver LED-Scheinwerfer\nAktiver Fussgängerschutz\nAlarmanlage\nBeifahrerairbag-Deaktivierung\nFernlichtassistent\nInnenspiegel, automatisch abblendend\nReifen Druck Control\nWarndreieck\n\nLeasingbeispiel\n\nMtl. Leasingrate: 1.183,30 EUR inkl. MwSt.\nAnschaffungspreis 89.946,00 EUR\nSonderzahlung: 9.994,00 EUR\nLaufleistung p.a. 10.000km\nLaufzeit 36 Monate\nSollzinssatz p.a.: 5,99% (gebunden für die gesamte Vertragslaufzeit)\nEffektiver Jahreszins 6,16%\nGesamtbetrag 52.592,81 EUR\nEin unverbindliches Leasingbeispiel der BMW Bank GmbH - Lilienthalallee 26 - 80939 München.\n\n\n\nWichtiger Hinweis\n\nWir legen größten Wert auf die sorgfältige und präzise Eingabe unserer Fahrzeugdaten. Dennoch können Fehler in der Datenübermittlung oder Eingabe nie vollständig ausgeschlossen werden. Daher sind alle Angaben in unseren Inseraten als unverbindliche Beschreibungen zu verstehen und stellen keine zugesicherten Eigenschaften im rechtlichen Sinne dar. Irrtümer, Übertragungsfehler sowie ein möglicher Zwischenverkauf bleiben vorbehalten. Um sicherzustellen, dass Ihr Wunschfahrzeug verfügbar ist, bitten wir Sie, vor einer Besichtigung einen Termin mit uns zu vereinbaren.\n\n\n\nFinanzierung oder Leasing? Wir beraten Sie gern!\n\n\n\nBesuchen Sie auch unsere Website www.ehrl-gruppe.de und entdecken Sie viele weitere topaktuelle Angebote, exklusive Aktionen und detaillierte Informationen rund um unsere Fahrzeuge. Es lohnt sich!",
  "dealerDetails": {
    "id": 453526,
    "name": "Autohaus C. Ehrl GmbH BMW Vertragshändler",
    "sellerType": "Dealer",
    "phones": [
      "+49 (0)30 9210370837"
    ],
    "languages": [
      "Deutsch",
      "English"
    ],
    "country": "DE",
    "address": "Heerstrasse  350, DE-13593 Berlin",
    "location": {
      "latitude": 52.5179063,
      "longitude": 13.1750337
    },
    "activeSince": "2002-11-18T00:00:00.000Z",
    "homepageUrl": "https://home.mobile.de/home/redirect.html?customerId=453526",
    "iconUrl": null,
    "reviewPageUrl": "https://www.mobile.de/bewertungen/W-EHRL-GMBH?lang=en",
    "score": {
      "total": 4.9,
      "responseTime": 4.9,
      "friendliness": 4.9,
      "advice": 4.8
    },
    "activeRatingCount": 14,
    "vehicleAsDescribedPercentage": 92,
    "recommendPercentage": 100,
    "soldVehicleCount": null,
    "reviews": []
  },
  "attributes": {
    "Vehicle condition": "New vehicle, Accident-free",
    "Category": "Estate car",
    "Model range": "G81",
    "Trim line": "Touring UPE: 119.280€",
    "Vehicle Number": "B332062603255",
    "Availability": "Now",
    "Origin": "German edition",
    "Mileage": "0 km",
    "Cubic Capacity": "2,993 ccm",
    "Power": "390 kW (530 hp)",
    "Drive type": "Internal combustion engine",
    "Fuel": "Petrol, E10-enabled",
    "CO₂ class": "Based on CO₂ emissions (combined)",
    "Fuel consumption": [
      "10.4 l/100km (combined)",
      "15.8 l/100km (city)",
      "10.3 l/100km (suburban)",
      "8.8 l/100km (country road)",
      "9.8 l/100km (motorway)"
    ],
    "Energy costs for 15,000 km annual mileage": "€2,802/Year",
    "Fuel price": "€1.80/l (annual average 2024)",
    "Possible CO₂ costs over the next 10 years (15,000 km/year)": [
      "€4,477 (assuming an average CO₂ price of €127/t)",
      "€2,115 (assuming a low average CO₂ price of €60/t)",
      "€7,050 (assuming a high average CO₂ price of €200/t)"
    ],
    "Number of Seats": "5",
    "Door Count": "4/5",
    "Transmission": "Automatic",
    "Emissions Sticker": "4 (Green)",
    "Number of Vehicle Owners": "0",
    "HU": "New",
    "Climatisation": "Automatic air conditioning",
    "Parking sensors": "360° camera, Front, Self-steering systems, Rear",
    "Airbags": "Front and Side Airbags",
    "Colour (Manufacturer)": "BLACK SAPPHIRE",
    "Colour": "Black Metallic",
    "Interior Design": "Full leather, Black",
    "Weight": "1,940 kg",
    "Tank capacity": "59 l",
    "Energy consumption (comb.)": "10.4 l/100km",
    "CO₂ emissions (comb.)": "235 g/km"
  },
  "features": [
    "ABS",
    "Adaptive Cruise Control",
    "Adaptive lighting",
    "Alarm system",
    "Alloy wheels",
    "Apple CarPlay",
    "Arm rest",
    "Autom. dimming interior mirror",
    "Blind spot assist",
    "Bluetooth",
    "Central locking",
    "DAB radio",
    "Digital cockpit",
    "Distance warning system",
    "Electric seat adjustment",
    "Electric side mirror",
    "Electric tailgate",
    "Electric windows",
    "Emergency brake assist",
    "Emergency call system",
    "ESP",
    "Fatigue warning system",
    "Four-wheel drive",
    "Glare-free high beam headlights",
    "Hands-free kit",
    "Heated seats",
    "Heated steering wheel",
    "High beam assist",
    "Hill-start assist",
    "Immobilizer",
    "Induction charging for smartphones",
    "Isofix",
    "Keyless central locking",
    "Lane change assist",
    "Leather steering wheel",
    "LED headlights",
    "LED running lights",
    "Light sensor",
    "Lumbar support",
    "Multifunction steering wheel",
    "Navigation system",
    "On-board computer",
    "Particulate filter",
    "Power Steering",
    "Rain sensor",
    "Roof rack",
    "Seat ventilation",
    "Sound system",
    "Sport seats",
    "Sports package",
    "Sports suspension",
    "Start-stop system",
    "Tinted windows",
    "Touchscreen",
    "Traction control",
    "Traffic sign recognition",
    "Tuner/radio",
    "Tyre pressure monitoring",
    "USB port",
    "Voice control",
    "Warranty"
  ]
},
{
  "title": "BMW M3 Touring Competition HJS GRAIL SCHNITZER PPF",
  "previewImage": "https://img.classistatic.de/api/v1/mo-prod/images/f2/f2b3309a-0ee4-4feb-a00b-7bef7ced847d?rule=mo-1600.jpg",
  "category": "EstateCar",
  "brand": "BMW",
  "model": "M3",
  "url": "https://suchen.mobile.de/fahrzeuge/details.html?id=431902551",
  "price.total.amount": 99950,
  "priceRating": {
    "rating": "Very good price",
    "priceRanges": {
      "Very good price": {
        "start": 79601,
        "end": 103500
      },
      "Good price": {
        "start": 103501,
        "end": 111400
      },
      "Fair price": {
        "start": 111401,
        "end": 123900
      },
      "Increased price": {
        "start": 123901,
        "end": 133000
      },
      "High price": {
        "start": 133001,
        "end": 147800
      }
    }
  },
  "description": "Tuning\nAC Schnitzer Leistungssteigerung auf 590PS\nGRAIL Klappenabgasanlage mit Fahrprofilsteuerung\nAC Schnitzer Aero Kit (Frontsplitter / Fahrwerksfedern / Distanzscheiben)\nHJS ECE Tuning Downpipes\nPPF foliert\n\n\nHighlights\nBMW Individual-Sonderlackierung\nDriving Assistant Professional\nM Race Track Paket (M Schalensitze Carbon, M Carbon-Keramik Bremsanlage)\nScheinwerfer Laserlicht\nSitzbezug: Voll-Leder Merino\nSound-System Harman-Kardon\n\n\nSonderausstattung\nBMW Individual-Sonderlackierung Frozen Portimao Blue Matt\nBMW Live Cockpit Professional (BMW Curved Display, Control-Display)\nDriving Assistant Professional (Spurwechselassistent, Falschfahrwarnung, Geschwindigkeits-Begrenzeranlage (Speed Limit Device), Geschwindigkeits-Regelanlage, Aktiv mit Stop&Go-Funktion, Frontkollisionswarnung, Heckaufprall-Vermeidung (Prävention Heckkollision), Kreuzungs-Assistent, Querverkehrs-Assistent, Ausweich-Assistent, Ampel-Erkennung, Spurwechsel-Warnsystem, aktiver Spurhalteassistent)\nFernlichtassistent\nKomfortzugang (Öffnungs- und Schließsystem)\nMatt-Lackierung Frozen Portimao Blau\nLenkrad heizbar\nM Race Track Paket (M Driver's Package, Head-up-Display, Interieurleisten Carbon, M Schalensitze Carbon, M Carbon-Keramik Bremsanlage, M Drive Professional (Fahrprofilauswahl), LM-Felgen, Reifensystem Performance)\nParkassistent-Paket (Rückfahrkamera, Rückfahr-Assistent)\nReifen-Reparaturset (Mobility-Pack)\nScheinwerfer BMW Individual Shadow-Line\nScheinwerfer Laserlicht\nSicherheitsgurte M\nSicherheitssystem Active Protection\nSitzbezug: Voll-Leder Merino\nSonnenschutzverglasung (hinten abgedunkelt)\nSound-System Harman-Kardon\n\n\nSerienausstattung\nAdaptives Fahrwerk M-Technic\nAirbag Beifahrerseite abschaltbar\nAktives M Differential\nAlarmanlage\nAmbiente-Beleuchtung\nAnti-Blockier-System (ABS)\nAllradantrieb xDrive\nAusstattungs-Paket: Connected Professional (Service-System: Remote Services, Service-System: Concierge Services, Service-System: Real Time Traffic Information (RTTI), Service-System: Remote 3D View)\nAußenausstattung: Shadow-Line Hochglanz (erweiterter Umfang)\nAußenspiegel elektr. verstell- und heizbar\nDAB-Tuner (Radioempfang digital)\nDachhimmel Anthrazit (BMW Individual)\nDachreling Hochglanz Shadow-Line\nDynamische Stabilitäts-Control (DSC) mit erweiterter Umfang\nActive Guard (Bremsassistent)\nAufmerksamkeits-Assistent\nFensterheber elektrisch\nFreisprecheinrichtung Bluetooth mit USB-/Audio-Schnittstelle\nGeschwindigkeits-Begrenzeranlage (Speed Limit Device)\nHeckklappenbetätigung automatisch\nInduktionsladeschale für Smartphone (Wireless Charging)\nInnenspiegel mit Abblendautomatik\nInstrumentenkombination (erweiterter Umfang)\nIsofix-Aufnahmen für Kindersitz an Rücksitz\nKlimaautomatik 3-Zonen mit autom. Umluft-Control\nKnieairbag Fahrerseite\nKopf-Airbag-System vorn und hinten\nLenkrad (Leder) mit Multifunktion M-Technic\nLenksäule (Lenkrad) elektr. verstellbar\nM Drive Professional (Fahrprofilauswahl)\nPark-Distance-Control (PDC) vorn und hinten\nParkbremse elektrisch\nReifendruck-Kontrollsystem\nReifenpannen-Anzeige\nSchaltpunktanzeige\nScheibenwischer mit Regensensor\nSeitenairbag vorn\nService-System: ConnectedDrive Services\nService-System: Gesetzlicher Notruf\nService-System: Intelligenter Notruf inkl. TeleServices\nSitze vorn elektr. verstellbar (mit Memory) (Lendenwirbelstütze Sitze vorn, elektr. verstellbar)\nSitzheizung vorn + hinten\nSpiegel-Paket (Außenspiegel elektr. anklappbar, Abblendautomatik links, Bordsteinautomatik rechts)\nSportdifferential\nWidescreen Display\nWärme-/Sonnenschutzverglasung\n\n\n\nWir verkaufen Ihnen die Diamanten auf dem Automarkt, denn jedes unserer Fahrzeuge ist etwas Besonderes. Für ein angenehmes Kauferlebnis beraten wir Sie gerne zu Finanzierungs- oder Leasingmöglichkeiten und bieten Ihnen die perfekte Garantieversicherung für Ihr Auto. Bei Bedarf unterbreiten wir Ihnen ein faires Angebot zur Inzahlungnahme. Im Sportwagenbereich liegt unsere Stärke in der professionellen Präsentation und Vermarktung Ihres Diamanten und erzielen hierdurch das bestmögliche Ergebnis für Sie. Profitieren Sie von unserer langjährigen Erfahrung im Handel und der Begeisterung für gepflegte und geprüfte Fahrzeuge. Gerne überzeugen wir Sie von unserem Service in einem vereinbarten Termin und freuen uns über jeden Kontakt: Die Fahrzeugbeschreibung dient lediglich der allgemeinen Identifizierung des Fahrzeuges und stellt keine Gewährleistung im kaufrechtlichen Sinne dar. Die Angaben erheben nicht den Anspruch auf Vollständigkeit. Die gemachten Angaben, Beschreibungen und Bilder sind unverbindlich und dienen nicht als zugesicherte Eigenschaften. Der Verkäufer übernimmt keine Haftung keine Gewährleistung für Tipp- und Da",
  "dealerDetails": {
    "id": 16131580,
    "name": "Markus Kraska Automobile",
    "sellerType": "Dealer",
    "phones": [
      "+49 (0)8341 997718746"
    ],
    "languages": [
      "Deutsch",
      "English"
    ],
    "country": "DE",
    "address": "Carl- Benz- Straße 3, DE-87656 Germaringen",
    "location": {
      "latitude": 47.92158480000001,
      "longitude": 10.652243
    },
    "activeSince": "2017-03-30T00:00:00.000Z",
    "homepageUrl": "https://home.mobile.de/home/redirect.html?customerId=16131580",
    "iconUrl": "https://img.classistatic.de/api/v1/mo-prod/images/63/63b6f4fc-98fa-4116-ab0a-3cacacd7ca6d?rule=mo-640.jpg",
    "reviewPageUrl": "https://www.mobile.de/bewertungen/MARKUSKRASKAAUTOMOBILETUNING?lang=en",
    "score": {
      "total": 4.8,
      "responseTime": 4.8,
      "friendliness": 4.9,
      "advice": 4.8
    },
    "activeRatingCount": 48,
    "vehicleAsDescribedPercentage": 100,
    "recommendPercentage": 100,
    "soldVehicleCount": null,
    "reviews": []
  },
  "attributes": {
    "Vehicle condition": "Used vehicle, Accident-free",
    "Category": "Estate car",
    "Model range": "11GB",
    "Trim line": "xDrive Competition",
    "Vehicle Number": "2025-041-M3T",
    "Availability": "Now",
    "Origin": "EU edition",
    "Mileage": "8,800 km",
    "Cubic Capacity": "2,993 ccm",
    "Power": "434 kW (590 hp)",
    "Drive type": "Internal combustion engine",
    "Fuel": "Petrol",
    "Number of Seats": "5",
    "Door Count": "4/5",
    "Transmission": "Automatic",
    "Emission Class": "Euro6",
    "Emissions Sticker": "4 (Green)",
    "First Registration": "01/2024",
    "Number of Vehicle Owners": "2",
    "HU": "01/2027",
    "Climatisation": "Automatic climatisation, 3 zones",
    "Parking sensors": "Self-steering systems, Rear, 360° camera, Front",
    "Airbags": "Front and Side and More Airbags",
    "Colour (Manufacturer)": "FROZEN PORTIMAO BLAU",
    "Colour": "Blue Metallic",
    "Interior Design": "Full leather, Black",
    "Weight": "1,940 kg"
  },
  "features": [
    "ABS",
    "Adaptive cornering lights",
    "Adaptive Cruise Control",
    "Alarm system",
    "Alloy wheels",
    "Ambient lighting",
    "Android Auto",
    "Apple CarPlay",
    "Arm rest",
    "Autom. dimming interior mirror",
    "Blind spot assist",
    "Bluetooth",
    "Cargo barrier",
    "Central locking",
    "DAB radio",
    "Digital cockpit",
    "Distance warning system",
    "Electric seat adjustment",
    "Electric side mirror",
    "Electric tailgate",
    "Electric windows",
    "Eletric seat adjustment with memory function",
    "Emergency brake assist",
    "Emergency call system",
    "Emergency tyre repair kit",
    "ESP",
    "Fatigue warning system",
    "Folding exterior mirrors",
    "Four-wheel drive",
    "Glare-free high beam headlights",
    "Hands-free kit",
    "Headlight washer system",
    "Head-up display",
    "Heated seats",
    "Heated steering wheel",
    "High beam assist",
    "Hill-start assist",
    "Immobilizer",
    "Induction charging for smartphones",
    "Integrated music streaming",
    "Isofix",
    "Keyless central locking",
    "Lane change assist",
    "Laser headlights",
    "Leather steering wheel",
    "LED running lights",
    "Light sensor",
    "Multifunction steering wheel",
    "Navigation system",
    "Non-smoker vehicle",
    "On-board computer",
    "Paddle shifters",
    "Particulate filter",
    "Power Steering",
    "Rain sensor",
    "Roof rack",
    "Sound system",
    "Speed limit control system",
    "Sport seats",
    "Sports package",
    "Sports suspension",
    "Start-stop system",
    "Summer tyres",
    "Tinted windows",
    "Touchscreen",
    "Traction control",
    "Traffic sign recognition",
    "Tuner/radio",
    "Tyre pressure monitoring",
    "USB port",
    "Voice control",
    "Winter package",
    "WLAN / Wi-Fi hotspot"
  ]
},
{
  "title": "BMW M3 Touring xD Competition H&K Race Track Carbon",
  "previewImage": "https://img.classistatic.de/api/v1/mo-prod/images/21/217a3ed6-d8e8-4a8c-86cc-55348e9340fa?rule=mo-1600.jpg",
  "category": "EstateCar",
  "brand": "BMW",
  "model": "M3",
  "url": "https://suchen.mobile.de/fahrzeuge/details.html?id=428029413",
  "price.total.amount": 99950,
  "priceRating": {
    "rating": "Increased price",
    "priceRanges": {
      "Very good price": {
        "start": 62901,
        "end": 81800
      },
      "Good price": {
        "start": 81801,
        "end": 88100
      },
      "Fair price": {
        "start": 88101,
        "end": 98000
      },
      "Increased price": {
        "start": 98001,
        "end": 105200
      },
      "High price": {
        "start": 105201,
        "end": 116900
      }
    }
  },
  "description": "Highlights\n\nSOFORT verfügbar\nDeutsches Fahrzeug aus 1. Hand\nUnfallfrei\nBMW Live Cockpit Professional\nDriving Assistant Professional\nInnovations-Paket (Laserlicht)\nM Race Track Paket\nSound-System Harman-Kardon\n\n\nSonderausstattung\nBMW Live Cockpit Professional (BMW Curved Display, Control-Display mit Farbmonitor (14,9 Zoll))\nDriving Assistant Professional (Spurwechselassistent, Falschfahrwarnung, Geschwindigkeits-Begrenzeranlage (Speed Limit Device), Geschwindigkeits-Regelanlage, Aktiv mit Stop&Go-Funktion, Frontkollisionswarnung, Heckaufprall-Vermeidung (Prävention Heckkollision), Kreuzungs-Assistent, Querverkehrs-Assistent, Ausweich-Assistent, Ampel-Erkennung, Spurwechsel-Warnsystem, aktiver Spurhalteassistent)\nInnovations-Paket (Scheinwerfer Laserlicht, Fernlichtassistent, Komfortzugang (Öffnungs- und Schließsystem))\nLenkrad heizbar\nM Race Track Paket (M Driver's Package, Head-up-Display, Interieurleisten Carbon, M Schalensitze Carbon, Bremsanlage: M Carbon-Keramik, M Drive Professional (Fahrprofilauswahl), LM-Felgen, Reifensystem Performance)\nMetallic-Lackierung Brooklyn Grey\nParkassistent-Paket Plus (Service-System: Remote 3D View, Rückfahrkamera (Top View), Surround-Kamerasystem (Surround View), Rückfahr-Assistent)\nReifen-Reparaturset (Mobility-Pack)\nScheinwerfer BMW Individual Shadow-Line\nSicherheitsgurte M\nSicherheitssystem Active Protection\nSitzbezug: Voll-Leder Merino schwarz\nSonnenschutzverglasung (hinten abgedunkelt)\nSound-System Harman-Kardon\n\n\nSerienausstattung\nAdaptives Fahrwerk M-Technic\nAirbag Beifahrerseite abschaltbar\nAktives M Differential\nAlarmanlage\nAmbiente-Beleuchtung\nAnti-Blockier-System (ABS)\nAllradantrieb xDrive\nAußenausstattung: Shadow-Line Hochglanz (erweiterter Umfang)\nAußenspiegel elektr. verstell- und heizbar\nBedienelemente galvanisiert\nBordcomputer\nDAB-Tuner (Radioempfang digital)\nDachhimmel Anthrazit (BMW Individual)\nDachreling Hochglanz Shadow-Line\nDiebstahlsicherung für Räder (Felgenschlösser)\nDurchladeeinrichtung (Mittelarmlehne hinten)\nDynamische Stabilitäts-Control (DSC) mit erweiterter Umfang\nEinstiegsleisten mit Einleger in Aluminium mit Schriftzug M\nActive Guard (Bremsassistent)\nAufmerksamkeits-Assistent\nFensterheber elektrisch\nFreisprecheinrichtung Bluetooth mit USB-/Audio-Schnittstelle\nHeckklappenbetätigung automatisch\nInduktionsladeschale für Smartphone (Wireless Charging)\nInnenspiegel mit Abblendautomatik\nIsofix-Aufnahmen für Kindersitz an Rücksitz\nKlimaautomatik 3-Zonen mit autom. Umluft-Control\nKnieairbag Fahrerseite\nKopf-Airbag-System vorn und hinten\nLenkrad (Leder) mit Multifunktion M-Technic\nM Drive Professional (Fahrprofilauswahl)\nPark-Distance-Control (PDC) vorn und hinten\nParkbremse elektrisch\nSchaltpunktanzeige\nScheibenwischer mit Regensensor\nSeitenairbag vorn\nService-System: ConnectedDrive Services\nService-System: Gesetzlicher Notruf\nService-System: Intelligenter Notruf inkl. TeleServices\nSitze vorn elektr. verstellbar (mit Memory)\nSitzheizung vorn\nSpiegel-Paket (Außenspiegel elektr. anklappbar, Abblendautomatik links, Bordsteinautomatik rechts)\nSportdifferential\nZentralverriegelung mit Fernbedienung\n\n\n\nWir verkaufen Ihnen die Diamanten auf dem Automarkt, denn jedes unserer Fahrzeuge ist etwas Besonderes. Für ein angenehmes Kauferlebnis beraten wir Sie gerne zu Finanzierungs- oder Leasingmöglichkeiten und bieten Ihnen die perfekte Garantieversicherung für Ihr Auto. Bei Bedarf unterbreiten wir Ihnen ein faires Angebot zur Inzahlungnahme. Im Sportwagenbereich liegt unsere Stärke in der professionellen Präsentation und Vermarktung Ihres Diamanten und erzielen hierdurch das bestmögliche Ergebnis für Sie. Profitieren Sie von unserer langjährigen Erfahrung im Handel und der Begeisterung für gepflegte und geprüfte Fahrzeuge. Gerne überzeugen wir Sie von unserem Service in einem vereinbarten Termin und freuen uns über jeden Kontakt: Die Fahrzeugbeschreibung dient lediglich der allgemeinen Identifizierung des Fahrzeuges und stellt keine Gewährleistung im kaufrechtlichen Sinne dar. Die Angaben erheben nicht den Anspruch auf Vollständigkeit. Die gemachten Angaben, Beschreibungen und Bilder sind unverbindlich und dienen nicht als zugesicherte Eigenschaften. Der Verkäufer übernimmt keine Haftung keine Gewährleistung für Tipp- und Datenübermittlungsfehler. Ausstattungen sind gegebenenfalls gesondert zu prüfen Das Angebot ist unverbindlich.",
  "dealerDetails": {
    "id": 16131580,
    "name": "Markus Kraska Automobile",
    "sellerType": "Dealer",
    "phones": [
      "+49 (0)8341 997761459"
    ],
    "languages": [
      "Deutsch",
      "English"
    ],
    "country": "DE",
    "address": "Carl- Benz- Straße 3, DE-87656 Germaringen",
    "location": {
      "latitude": 47.92158480000001,
      "longitude": 10.652243
    },
    "activeSince": "2017-03-30T00:00:00.000Z",
    "homepageUrl": "https://home.mobile.de/home/redirect.html?customerId=16131580",
    "iconUrl": "https://img.classistatic.de/api/v1/mo-prod/images/63/63b6f4fc-98fa-4116-ab0a-3cacacd7ca6d?rule=mo-640.jpg",
    "reviewPageUrl": "https://www.mobile.de/bewertungen/MARKUSKRASKAAUTOMOBILETUNING?lang=en",
    "score": {
      "total": 4.8,
      "responseTime": 4.8,
      "friendliness": 4.9,
      "advice": 4.8
    },
    "activeRatingCount": 48,
    "vehicleAsDescribedPercentage": 100,
    "recommendPercentage": 100,
    "soldVehicleCount": null,
    "reviews": []
  },
  "attributes": {
    "Vehicle condition": "Used vehicle, Accident-free",
    "Category": "Estate car, Employee's Car",
    "Model range": "11GB",
    "Trim line": "xDrive Competition",
    "Vehicle Number": "2025-391-ON",
    "Availability": "Now",
    "Origin": "German edition",
    "Mileage": "6,251 km",
    "Cubic Capacity": "2,993 ccm",
    "Power": "375 kW (510 hp)",
    "Drive type": "Internal combustion engine",
    "Fuel": "Petrol",
    "CO₂ class": "Based on CO₂ emissions (combined)",
    "Fuel consumption": [
      "10.2 l/100km (combined)",
      "15.3 l/100km (city)",
      "10.2 l/100km (suburban)",
      "8.7 l/100km (country road)",
      "9.6 l/100km (motorway)"
    ],
    "Energy costs for 15,000 km annual mileage": "€3,071/Year",
    "Fuel price": "€2.01/l (annual average 2024)",
    "Possible CO₂ costs over the next 10 years (15,000 km/year)": [
      "€4,401 (assuming an average CO₂ price of €127/t)",
      "€2,079 (assuming a low average CO₂ price of €60/t)",
      "€6,930 (assuming a high average CO₂ price of €200/t)"
    ],
    "Vehicle tax": "€464/Year",
    "Number of Seats": "5",
    "Door Count": "4/5",
    "Transmission": "Automatic",
    "Emission Class": "Euro6",
    "Emissions Sticker": "4 (Green)",
    "First Registration": "02/2024",
    "Number of Vehicle Owners": "1",
    "HU": "02/2027",
    "Climatisation": "Automatic climatisation, 3 zones",
    "Parking sensors": "360° camera, Rear, Front",
    "Airbags": "Front and Side and More Airbags",
    "Colour (Manufacturer)": "BROOKLYN GRAU METALLIC",
    "Colour": "Grey Metallic",
    "Interior Design": "Full leather, Black",
    "Weight": "1,940 kg",
    "Cylinders": "6",
    "Energy consumption (comb.)": "10.2 l/100km",
    "CO₂ emissions (comb.)": "231 g/km"
  },
  "features": [
    "ABS",
    "Adaptive cornering lights",
    "Adaptive Cruise Control",
    "Alarm system",
    "Alloy wheels",
    "Ambient lighting",
    "Android Auto",
    "Apple CarPlay",
    "Arm rest",
    "Autom. dimming interior mirror",
    "Blind spot assist",
    "Bluetooth",
    "Cargo barrier",
    "Central locking",
    "DAB radio",
    "Digital cockpit",
    "Distance warning system",
    "Dynamic chassis control",
    "Electric seat adjustment",
    "Electric side mirror",
    "Electric tailgate",
    "Electric windows",
    "Eletric seat adjustment with memory function",
    "Emergency brake assist",
    "Emergency call system",
    "Emergency tyre repair kit",
    "ESP",
    "Fatigue warning system",
    "Folding exterior mirrors",
    "Four-wheel drive",
    "Full Service History",
    "Glare-free high beam headlights",
    "Hands-free kit",
    "Headlight washer system",
    "Head-up display",
    "Heated seats",
    "Heated steering wheel",
    "High beam assist",
    "Hill-start assist",
    "Immobilizer",
    "Induction charging for smartphones",
    "Integrated music streaming",
    "Isofix",
    "Keyless central locking",
    "Lane change assist",
    "Laser headlights",
    "Leather steering wheel",
    "LED running lights",
    "Light sensor",
    "Multifunction steering wheel",
    "Navigation system",
    "Non-smoker vehicle",
    "On-board computer",
    "Paddle shifters",
    "Power Steering",
    "Rain sensor",
    "Roof rack",
    "Sound system",
    "Speed limit control system",
    "Sport seats",
    "Sports package",
    "Sports suspension",
    "Start-stop system",
    "Summer tyres",
    "Tinted windows",
    "Touchscreen",
    "Traction control",
    "Traffic sign recognition",
    "Tuner/radio",
    "Tyre pressure monitoring",
    "USB port",
    "Voice control",
    "Warranty",
    "Winter package",
    "WLAN / Wi-Fi hotspot"
  ]
},
{
  "title": "BMW M3 Competition MDrivers Carbon Keramik 5YWartung",
  "previewImage": "https://img.classistatic.de/api/v1/mo-prod/images/0e/0ee8c327-a05b-447f-8d75-778947331057?rule=mo-1600.jpg",
  "category": "EstateCar",
  "brand": "BMW",
  "model": "M3",
  "url": "https://suchen.mobile.de/fahrzeuge/details.html?id=427760560",
  "price.total.amount": 99990,
  "priceRating": {
    "rating": "High price",
    "priceRanges": {
      "Very good price": {
        "start": 59301,
        "end": 77100
      },
      "Good price": {
        "start": 77101,
        "end": 83000
      },
      "Fair price": {
        "start": 83001,
        "end": 92300
      },
      "Increased price": {
        "start": 92301,
        "end": 99100
      },
      "High price": {
        "start": 99101,
        "end": 110100
      }
    }
  },
  "description": "UPE 146.635,71 € \nFahrzeugnummer für Anfragen: 9165\nBMW M3 Touring xDrive Competition M-Drivers Carbon Keramik\nDeutsches Fahrzeug - Deutsche Zulassung\nUnfallfrei\nBesichtigungstermin auf Rücksprache\nScheckheft gepflegt\nBMW Winterräder auf Anfrage\nBMW Service inklusive 4 Jahre 120.000km\nNetto - Export - Preis: 84.000,-- €\nweitere XXL-Bilder finden Sie auf unserer Webseite: autohausherpich.de\n\nFOX1E BMW Individual Frozen Portimao Bluel Metallic\nPX3G5 Vollleder Merino Yas Marina Blau/Schwarz\n\nO8TF Aktiver Fussgängerschutz\n0801 Deutschland-Aus führung\n07R7 Innovationspaket\n07ME M Driver's Package\n07M9 M Hochglanz Shadow Line mit erweitel rten Umfängen\n0775 M Dachhimmel anthrazit\n0760 M Hochglanz Shadow Line\n071C M Carbon Exterieurpaket\n0712 M Sportsitze\n06VB Interne Steuerung\n06U3 BMW Live Cockpit Professional\n06NX Ablage für Wireless Charging\n06C4 Connected Package Professional\nОбАК ConnectedDrive Services\n0688 Harman Kardon Surround Sound Systemi\n0654 DAB- Tuner\n05DN Parking Assistant Plus\n05DC Fondkopfstützen klappbar\n05DA Deaktivierung Beifahrerairbag\n05AZ BMW Laserlicht\n05AV Active Guard\n05AS Driving Assistant\n05AL Active Protection\n05AC Fernlichtassistent\n0544 Geschwindigkeitsregelung mit Bremstiunktion\n0534 Klimaautomatik\n04NE Blow by-Heizer\n04МС M Interieurleisten Carbon Fibre\n040O M Sicherheicsgurte\n0494 Sitzheizung für Fahrer und Beifahrel\n0493 Ablagenpaket\n0488 Lordosenstütze für Fahrer und Beifalhrer\n0459 Sitzverstellung, elektrisch mit Memory für Fahrersitz\n0453 Aktive Sitzbelüftung vorn\n0431 Innenspiegel automatisch abblendendl\n0430 Innen- und Außenspiegelpaket\n0428 Warndreieck und Verbandkasten\n0420 Sonnenschutzverglasung\n0418 Gepäckraumpaket\n03MF M Leuchten Shadow Line\n03МС M Dachreling Hochglanz Shadow Line 1\nОЗКА Akustikverglasung\n0383 Dach und Spiegelkappen schwarz\n0322 Komfortzugang\n0302 Alarmanlage\n02VC Adaptives M Fahrwerk\n02T4 M Sportdifferenzial\n02PA Radschraubensicherung\n02NK M Carbon-Keramik-Bremse\n0248 Lenkradheizung\n0230 EU spezifische Umfänge\n01U0 19''/20'' M Schmiederäder Doppelspeici he 826 M Schwarz / MB\n01MB M Drive Professional\n\n+++ Händler seit 1989 +++ Händler bei mobile.de seit 2001 +++ \nALLE FAHRZEUGE INKL. KOSTENLOSEM SAFETYPAKET\n\n0,00 EUR Auslieferungskosten \n0,00 EUR Fußmatten\n0,00 EUR Trio Verbandstasche (Warnweste / Warndreieck / Verbandskasten)\n0,00 EUR deutsches Handbuch\n\ndeutschlandweite Anlieferung ab 199 EUR\nWinterräder (auf Anfrage)\nKomplettfolierungen / Scheiben tönen / Firmenwerbung\nAnhängerkupplung Nachrüstung (starr oder abnehmbar oder schwenkbar)\nFinanzierung bis 96 Monate auch ohne Anzahlung\nLeasing bis 60 Monate auch ohne Anzahlung\nInzahlungnahme möglich\nweitere Infos und Ausstattung senden wir Ihnen zu - fragen Sie uns\nWichtiger Hinweis – Wichtige InformationTrotz sorgfältiger Überprüfung aller Details in unserem Angebot kann es vorkommen, dass sich Fehler einschleichen. Teilweise werden diese durch Übertragungsfehler in den Systemen der verschiedenen Plattformanbieter verursacht. Daher möchten wir darauf hinweisen, dass sich alle Angaben ohne Gewähr verstehen und keinen Rechtsanspruch darstellen. \nRechtliches:Diese Verkaufsanzeige stellt kein Angebot im Sinne des §145 BGB dar. Vielmehr handelt es sich um Informationen zur Vertragsanbahnung. Die hier gemachten Angaben sind ohne Gewähr und stellen somit keine zugesicherten Eigenschaften dar.",
  "dealerDetails": {
    "id": 465114,
    "name": "Autohaus Herpich GmbH",
    "sellerType": "Dealer",
    "phones": [
      "+49 (0)6062 263109622"
    ],
    "languages": [
      "Deutsch",
      "Pусский",
      "English"
    ],
    "country": "DE",
    "address": "Neckarstraße 81, DE-64711 Erbach",
    "location": {
      "latitude": 49.6490446,
      "longitude": 8.9929896
    },
    "activeSince": "2001-04-04T00:00:00.000Z",
    "homepageUrl": "https://home.mobile.de/home/redirect.html?customerId=465114",
    "iconUrl": null,
    "reviewPageUrl": "https://www.mobile.de/bewertungen/HERPICH-MOTORSPORT?lang=en",
    "score": {
      "total": 4.7,
      "responseTime": 4.8,
      "friendliness": 4.7,
      "advice": 4.6
    },
    "activeRatingCount": 29,
    "vehicleAsDescribedPercentage": 96,
    "recommendPercentage": 96,
    "soldVehicleCount": null,
    "reviews": []
  },
  "attributes": {
    "Vehicle condition": "Used vehicle, Accident-free",
    "Category": "Estate car",
    "Model range": "Baureihe M3 Touring (G81)(2022->)",
    "Trim line": "xDrive Competition",
    "Vehicle Number": "9165",
    "Availability": "Now",
    "Origin": "German edition",
    "Mileage": "33,270 km",
    "Cubic Capacity": "2,993 ccm",
    "Power": "375 kW (510 hp)",
    "Drive type": "Internal combustion engine",
    "Fuel": "Petrol",
    "CO₂ class": "Based on CO₂ emissions (combined)",
    "Fuel consumption": [
      "10.1 l/100km (combined)",
      "15.3 l/100km (city)",
      "10.1 l/100km (suburban)",
      "8.6 l/100km (country road)",
      "9.5 l/100km (motorway)"
    ],
    "Energy costs for 15,000 km annual mileage": "€2,908/Year",
    "Fuel price": "€1.92/l (annual average 2024)",
    "Possible CO₂ costs over the next 10 years (15,000 km/year)": [
      "€3,950 (assuming an average CO₂ price of €115/t)",
      "€1,718 (assuming a low average CO₂ price of €50/t)",
      "€6,526 (assuming a high average CO₂ price of €190/t)"
    ],
    "Number of Seats": "5",
    "Door Count": "4/5",
    "Transmission": "Automatic",
    "Emission Class": "Euro6d",
    "Emissions Sticker": "4 (Green)",
    "First Registration": "07/2024",
    "Number of Vehicle Owners": "1",
    "HU": "07/2027",
    "Climatisation": "Automatic climatisation, 3 zones",
    "Parking sensors": "Rear, 360° camera, Front",
    "Airbags": "Front and Side Airbags",
    "Colour (Manufacturer)": "FROZEN PORTIMAO BLAU METAL",
    "Colour": "Blue Metallic",
    "Interior Design": "Full leather, Blue",
    "Weight": "1,940 kg",
    "Cylinders": "6",
    "Energy consumption (comb.)": "10.1 l/100km",
    "CO₂ emissions (comb.)": "229 g/km"
  },
  "features": [
    "ABS",
    "Adaptive Cruise Control",
    "Alarm system",
    "Alloy wheels",
    "Ambient lighting",
    "Android Auto",
    "Apple CarPlay",
    "Arm rest",
    "Autom. dimming interior mirror",
    "Blind spot assist",
    "Bluetooth",
    "Cargo barrier",
    "Central locking",
    "DAB radio",
    "Digital cockpit",
    "Distance warning system",
    "Dynamic chassis control",
    "Electric seat adjustment",
    "Electric side mirror",
    "Electric tailgate",
    "Electric windows",
    "Eletric seat adjustment with memory function",
    "Emergency brake assist",
    "ESP",
    "Folding exterior mirrors",
    "Four-wheel drive",
    "Full Service History",
    "Hands-free kit",
    "Head-up display",
    "Heated seats",
    "Heated steering wheel",
    "High beam assist",
    "Hill-start assist",
    "Immobilizer",
    "Induction charging for smartphones",
    "Isofix",
    "Keyless central locking",
    "Lane change assist",
    "Leather steering wheel",
    "LED headlights",
    "LED running lights",
    "Light sensor",
    "Lumbar support",
    "Multifunction steering wheel",
    "Navigation system",
    "On-board computer",
    "Paddle shifters",
    "Power Steering",
    "Rain sensor",
    "Roof rack",
    "Seat ventilation",
    "Sound system",
    "Speed limit control system",
    "Sport seats",
    "Sports package",
    "Sports suspension",
    "Start-stop system",
    "Summer tyres",
    "Tinted windows",
    "Touchscreen",
    "Traction control",
    "Traffic sign recognition",
    "Tuner/radio",
    "Tyre pressure monitoring",
    "USB port",
    "Voice control",
    "Warranty"
  ]
},
{
  "title": "BMW M3 xDrive Competition Touring ehem UPE 115.230€ ",
  "previewImage": "https://img.classistatic.de/api/v1/mo-prod/images/ad/ad7d9229-9f9a-45c3-8d0d-1e8ab8978539?rule=mo-1600.jpg",
  "category": "EstateCar",
  "brand": "BMW",
  "model": "M3",
  "url": "https://suchen.mobile.de/fahrzeuge/details.html?id=432531454",
  "price.total.amount": 99999,
  "priceRating": {
    "rating": "Good price",
    "priceRanges": {
      "Very good price": {
        "start": 76101,
        "end": 98900
      },
      "Good price": {
        "start": 98901,
        "end": 106500
      },
      "Fair price": {
        "start": 106501,
        "end": 118500
      },
      "Increased price": {
        "start": 118501,
        "end": 127200
      },
      "High price": {
        "start": 127201,
        "end": 141300
      }
    }
  },
  "description": "Getriebe\nAutomatik\nTechnik\nAllrad\nBordcomputer\nSperrdifferential\nAdaptives Daempfungssystem\nStart-Stop-Automatik\nVolldigitales Kombiinstrument\nAssistenten\nMüdigkeitserkennung\nPark-Lenk-Assistent\nRegensensor\nFernlichtassistent\nLichtsensor\nNotbremsassistent\nBerganfahrassistent\nSpurwechselassistent\nAbstandsregeltempomat\nAusparkassistent\nAbstands-/Kollisionswarner\nKomfort\nKlimaautomatik\nServolenkung\nZentralverriegelung\nElektrischer Fensterheber\nLederausstattung\nSitzheizung\nElektrische Aussenspiegel\nTeilbare Ruecksitzlehne\nTempomat\nMultifunktionslenkrad\nKeyless Go Startfunktion\nElektrische Sitze\nInnenspiegel autom. abblendbar\nMittelarmlehne\nInnenraumfilter\nLenksaeule einstellbar\nSportsitze\nParkDistanceControl vorne und hinten\nElektrische Heckklappe\nKeyless Entry\nMemory Sitze\nAmbientebeleuchtung\nLordosenstütze\nLederlenkrad\nGeschwindigkeitsbegrenzungsanlage\nKlimaautomatik-2-Zonen\nKlimaautomatik-3-Zonen\nFunkfernbedienung\nSicht\nLED-Hauptscheinwerfer\nadaptives Kurvenlicht\nLED-Tagfahrlicht\n360 Grad Kamera\nHEAD-UP-Display\nLED-Rueckleuchten\nScheinwerferregulierung\nColorverglasung\nPrivacyverglasung\nSicherheit\nABS\nAirbag\nBeifahrer-Airbag\nWegfahrsperre\nSeitenairbags\nAlarmanlage\nESP\nAntriebsschlupfregelung\nReifendruckkontrolle\nTraktionskontrolle\nKopfairbag\nKnieairbag\nKindersitzbefestigung\nAnhängerstabilisierung\nNotrufsystem\nPannenkit\nEntertainment\nNavigationssystem\nSoundsystem\nRadio\nTelefonvorbereitung\nUSB-Anschluss\nMP3\nHarman-Kardon\nBluetooth\nFreisprecheinrichtung\nSprachsteuerung\nDAB\nWLAN\nTouchscreen\nInduktionsladen für Smartphones\nMusikstreaming\nNavigationsvorbereitung\nUmwelt\nAbgasnorm Euro 6D\nGrüne Umweltplakette\nQualität\nGarantie\nScheckheftgepflegt\nHUAU neu\nNichtraucherfahrzeug\nSonstiges\nKatalysator\nMetallic\nAlufelgen\nDachreling\nGepaeckraumabdeckung\nStossfaenger in Wagenfarbe\nSportpaket\nSportfahrwerk\nLenkradheizung\nFahrerprofilauswahl\nGepäckraumabtrennung\n\nInt.KnNr: 2362131\nÄnderungen, Zwischenverkauf und Irrtümer vorbehalten.\nquality by dotzilla",
  "dealerDetails": {
    "id": 453713,
    "name": "Kohl automobile GmbH",
    "sellerType": "Dealer",
    "phones": [
      "+49 (0)241 9809447334"
    ],
    "languages": [
      "Deutsch",
      "English",
      "Français"
    ],
    "country": "DE",
    "address": "Neuenhofstr. 160, DE-52078 Aachen",
    "location": {
      "latitude": 50.7653702,
      "longitude": 6.1470706
    },
    "activeSince": "2001-06-07T00:00:00.000Z",
    "homepageUrl": "https://home.mobile.de/home/redirect.html?customerId=453713",
    "iconUrl": null,
    "reviewPageUrl": "https://www.mobile.de/bewertungen/KOHL-AACHEN?lang=en",
    "score": {
      "total": 4.2,
      "responseTime": 4.3,
      "friendliness": 4.3,
      "advice": 4
    },
    "activeRatingCount": 61,
    "vehicleAsDescribedPercentage": 90,
    "recommendPercentage": 77,
    "soldVehicleCount": null,
    "reviews": []
  },
  "attributes": {
    "Vehicle condition": "New vehicle, Accident-free",
    "Category": "Estate car",
    "Vehicle Number": "2362131",
    "Availability": "Now",
    "Origin": "German edition",
    "Mileage": "0 km",
    "Cubic Capacity": "2,993 ccm",
    "Power": "390 kW (530 hp)",
    "Drive type": "Internal combustion engine",
    "Fuel": "Petrol",
    "CO₂ class": "Based on CO₂ emissions (combined)",
    "Fuel consumption": [
      "10.3 l/100km (combined)",
      "15.4 l/100km (city)",
      "10.2 l/100km (suburban)",
      "8.9 l/100km (country road)",
      "9.7 l/100km (motorway)"
    ],
    "Energy costs for 15,000 km annual mileage": "€2,775/Year",
    "Fuel price": "€1.80/l (annual average 2024)",
    "Possible CO₂ costs over the next 10 years (15,000 km/year)": [
      "€4,439 (assuming an average CO₂ price of €127/t)",
      "€2,097 (assuming a low average CO₂ price of €60/t)",
      "€6,990 (assuming a high average CO₂ price of €200/t)"
    ],
    "Vehicle tax": "€472/Year",
    "Number of Seats": "5",
    "Door Count": "4/5",
    "Transmission": "Automatic",
    "Emission Class": "Euro6d",
    "Emissions Sticker": "4 (Green)",
    "Construction Year": "2025",
    "Number of Vehicle Owners": "0",
    "HU": "New",
    "Climatisation": "Automatic climatisation, 3 zones",
    "Parking sensors": "Front, Self-steering systems, Rear, 360° camera",
    "Airbags": "Front and Side and More Airbags",
    "Colour (Manufacturer)": "AVENTURINROT III METALLIC",
    "Colour": "Red Metallic",
    "Interior Design": "Full leather, Black",
    "Cylinders": "6",
    "Energy consumption (comb.)": "10.3 l/100km",
    "CO₂ emissions (comb.)": "233 g/km"
  },
  "features": [
    "ABS",
    "Adaptive cornering lights",
    "Adaptive Cruise Control",
    "Alarm system",
    "Alloy wheels",
    "Ambient lighting",
    "Arm rest",
    "Autom. dimming interior mirror",
    "Bluetooth",
    "Cargo barrier",
    "Central locking",
    "DAB radio",
    "Digital cockpit",
    "Distance warning system",
    "Dynamic chassis control",
    "Electric seat adjustment",
    "Electric side mirror",
    "Electric tailgate",
    "Electric windows",
    "Eletric seat adjustment with memory function",
    "Emergency brake assist",
    "Emergency call system",
    "Emergency tyre repair kit",
    "ESP",
    "Fatigue warning system",
    "Folding exterior mirrors",
    "Four-wheel drive",
    "Full Service History",
    "Hands-free kit",
    "Head-up display",
    "Heated seats",
    "Heated steering wheel",
    "High beam assist",
    "Hill-start assist",
    "Immobilizer",
    "Induction charging for smartphones",
    "Integrated music streaming",
    "Isofix",
    "Keyless central locking",
    "Leather steering wheel",
    "LED headlights",
    "LED running lights",
    "Light sensor",
    "Lumbar support",
    "Multifunction steering wheel",
    "Navigation preparation",
    "Navigation system",
    "Non-smoker vehicle",
    "On-board computer",
    "Power Steering",
    "Rain sensor",
    "Rear traffic alert",
    "Roof rack",
    "Sound system",
    "Speed limit control system",
    "Sport seats",
    "Sports package",
    "Sports suspension",
    "Start-stop system",
    "Tinted windows",
    "Touchscreen",
    "Traction control",
    "Tuner/radio",
    "Tyre pressure monitoring",
    "USB port",
    "Voice control",
    "Warranty",
    "WLAN / Wi-Fi hotspot"
  ]
},
{
  "title": "BMW M3 Limousine DKG Competition *Laser * Glasdach *",
  "previewImage": "https://img.classistatic.de/api/v1/mo-prod/images/60/60e1f654-f613-4b83-a05f-8c94acd05599?rule=mo-1600.jpg",
  "category": "Limousine",
  "brand": "BMW",
  "model": "M3",
  "url": "https://suchen.mobile.de/fahrzeuge/details.html?id=431388773",
  "price.total.amount": 100000,
  "priceRating": {
    "rating": "Fair price",
    "priceRanges": {
      "Very good price": {
        "start": 67701,
        "end": 88000
      },
      "Good price": {
        "start": 88001,
        "end": 94800
      },
      "Fair price": {
        "start": 94801,
        "end": 105400
      },
      "Increased price": {
        "start": 105401,
        "end": 113100
      },
      "High price": {
        "start": 113101,
        "end": 125700
      }
    }
  },
  "description": "Allgemein\nAllgemein Bremsenergierückgewinnung\nAmbientbeleuchtung\nBluetooth Audio-Streaming\nDigitaler Tacho\nDigitales Radio\nLaserscheinwerfer\nOptik-Paket\nSpoiler-Paket\nSprachsteuerung\nVerkehrszeichenassistent\nVerkehrszeichenerkennung\nHerstellergarantie\nZustand: sehr gut\n\nFahrwerk\nAdaptives Dämpfungssystem\nSpurhalteassistent\n\nSicherheit\n3. Bremsleuchte\nAlarmanlage\nAußentemperaturanzeige\nBremsassistent\nDifferential-Sperre\nel. Parkbremse\nInnenspiegel automatisch abblendbar\nKollisionswarnung\nKopfstützen im Fonds\nLED-Scheinwerfer\nNotrufsystem\nReifendruckkontrolle\nRückleuchten LED\nSonnenblende\nSpiegel automatisch abblendbar\nTagfahrlicht\nTotwinkel-Assistent\n\nAirbag\nBeifahrerairbag\nFenster-/Kopfairbags im Fond\nFenster-/Kopfairbags vorne\nKnieairbag Fahrerseite\nSeitenairbags vorne\n9 Airbags\n\nKomfort\nFarbmonitor für Navigationssystem\nSchaltwippen\nabgedunkelte Scheiben im Fond\nAufbereitet\nAußenspiegel anklappbar\nAußenspiegel beheizbar\nAußenspiegel elektr.\nAußenspiegel elektr. anklappbar\nColorverglasung\nDurchlademoeglichkeit\nFahrersitz höhenverstellbar\nFollow me home Funktion\nGeschwindigkeits-Begrenzungsanlage\nInnenraumfilter\nKeyless Entry\nKeyless Start\nKeyless-Go\nLederlenkrad\nLenksäule einstellbar\nLordosenstütze\nMittelarmlehne\nScheibenwaschanlage beheizbar\nSitz links/rechts orthopaedisch\nSitzbank hinten geteilt\nSondermodell\nSoundsystem\nUSB Anschluss\nVerkehrsschilderkennung\nVordersitze höhenverstellbar\nTelefon\n\nALLE\nAußenspiegel abblendbar\nBremsbelaganzeige\nUhr & Drehzahlmesser\nWärmeschutzglas\nHeckantrieb\nAbstandswarner\nInduktionsladen für Smartphones\nVolldigitales Kombiinstrument\n\nSonstiges\n4 Einstiegstüren\nAbbiegelicht\nBerganfahrhilfe\nFernlichtregulierung\nMüdigkeitserkennung\nRaeder/Breitreifen\nSportauspuff\nSportlenkrad\n\nDiverses\nAbgedunkelte Scheiben (Privacy Verglasung)\nGebrauchtfahrzeug\n\n\n* ++ BMW-Werksgarantie bis 21.05.2027 ++\nABS Antiblockiersystem\nHeckantrieb\nEinparkhilfe Sensoren hinten\nEinparkhilfe Sensoren vorne\n4-türig\nSuper\nMetallic\nMemorypaket\nGetriebe Automatik-8-Gang\nFensterheber elektrisch\nZentralverriegelung mit Fernbed.\n\nAirbag\n\nBeifahrerairbag\nFahrerairbag\nFenster-/Kopfairbags im Fond\nFenster-/Kopfairbags vorne\nKnieairbag Fahrerseite\nSeitenairbags vorne\n\nAllgemein\n\nAmbientbeleuchtung\nDigitales Radio\n\nKomfort\n\nAußenspiegel beheizbar\nAußenspiegel elektr.\nBluetooth Freisprecheinrichtung\nBordcomputer/ Reiserechner\nColorverglasung\nDurchlademoeglichkeit\nLederlenkrad\nLenksäule mech/elektrisch einstellbar\nMultifunktionslenkrad\nRegensensor\nSitzheizung Vordersitze\nSportsitze\nTempomat\n\nSicherheit\n\nAlarmanlage\nDifferential-Sperre\nel. Parkbremse\nISOFIX Kindersitzhalterung\nKopfstützen im Fonds\nLED-Scheinwerfer\nReifendruckkontrolle\nSpiegel automatisch abblendbar\nWegfahrsperre\n\nDie Fahrzeugbeschreibung dient lediglich der allgemeinen Identifizierung des Fahrzeuges und stellt keine Gewährleistung im kaufrechtlichen Sinne dar. Die Angaben und Bilder erheben nicht den Anspruch auf Vollständigkeit sind unverbindlich und dienen nicht als zugesicherte Eigenschaften. Der Verkäufer übernimmt\nkeine Haftung/Gewährleistung für Tipp- und Datenübermittlungsfehler. Irrtümer sowie Zwischenverkauf und Änderungen vorbehalten !!",
  "dealerDetails": {
    "id": 471197,
    "name": "Autohaus Schaumberger GmbH",
    "sellerType": "Dealer",
    "phones": [
      "+49 (0)8191 331885328"
    ],
    "languages": [
      "Deutsch",
      "English"
    ],
    "country": "DE",
    "address": "Max-von-Eyth-Straße 2, DE-86899 Landsberg",
    "location": {
      "latitude": 48.06458689999999,
      "longitude": 10.8601404
    },
    "activeSince": "2000-10-27T00:00:00.000Z",
    "homepageUrl": "https://home.mobile.de/home/redirect.html?customerId=471197",
    "iconUrl": null,
    "reviewPageUrl": "https://www.mobile.de/bewertungen/SCHAUMBERGER?lang=en",
    "score": {
      "total": 5,
      "responseTime": 5,
      "friendliness": 5,
      "advice": 5
    },
    "activeRatingCount": 37,
    "vehicleAsDescribedPercentage": 100,
    "recommendPercentage": 100,
    "soldVehicleCount": null,
    "reviews": []
  },
  "attributes": {
    "Vehicle condition": "Used vehicle, Accident-free",
    "Category": "Saloon",
    "Vehicle Number": "004",
    "Mileage": "10 km",
    "Cubic Capacity": "2,993 ccm",
    "Power": "375 kW (510 hp)",
    "Drive type": "Internal combustion engine",
    "Fuel": "Petrol",
    "CO₂ class": "Based on CO₂ emissions (combined)",
    "Fuel consumption": [
      "9.8 l/100km (combined)",
      "15.2 l/100km (city)",
      "9.9 l/100km (suburban)",
      "8.4 l/100km (country road)",
      "9.0 l/100km (motorway)"
    ],
    "Energy costs for 15,000 km annual mileage": "€2,641/Year",
    "Fuel price": "€1.80/l (annual average 2025)",
    "Possible CO₂ costs over the next 10 years (15,000 km/year)": [
      "€4,249 (assuming an average CO₂ price of €127/t)",
      "€2,008 (assuming a low average CO₂ price of €60/t)",
      "€6,691 (assuming a high average CO₂ price of €200/t)"
    ],
    "Vehicle tax": "€432/Year",
    "Number of Seats": "5",
    "Door Count": "4/5",
    "Transmission": "Automatic",
    "Emission Class": "Euro6",
    "Emissions Sticker": "4 (Green)",
    "First Registration": "05/2024",
    "Number of Vehicle Owners": "1",
    "HU": "New",
    "Climatisation": "Automatic climatisation, 2 zones",
    "Parking sensors": "Rear, Front",
    "Airbags": "Front and Side and More Airbags",
    "Colour (Manufacturer)": "skyscrapergrau",
    "Colour": "Grey Metallic",
    "Interior Design": "Full leather, Grey",
    "Cylinders": "6",
    "Energy consumption (comb.)": "9.8 l/100km",
    "CO₂ emissions (comb.)": "223 g/km"
  },
  "features": [
    "ABS",
    "Adaptive cornering lights",
    "Alarm system",
    "Alloy wheels",
    "Ambient lighting",
    "Arm rest",
    "Autom. dimming interior mirror",
    "Blind spot assist",
    "Bluetooth",
    "Central locking",
    "Cruise control",
    "DAB radio",
    "Digital cockpit",
    "Distance warning system",
    "Dynamic chassis control",
    "Electric seat adjustment",
    "Electric side mirror",
    "Electric windows",
    "Eletric seat adjustment with memory function",
    "Emergency brake assist",
    "Emergency call system",
    "ESP",
    "Fatigue warning system",
    "Folding exterior mirrors",
    "Full Service History",
    "Hands-free kit",
    "Heated seats",
    "High beam assist",
    "Hill-start assist",
    "Immobilizer",
    "Induction charging for smartphones",
    "Isofix",
    "Keyless central locking",
    "Lane change assist",
    "Laser headlights",
    "Leather steering wheel",
    "LED running lights",
    "Light sensor",
    "Lumbar support",
    "Multifunction steering wheel",
    "Navigation system",
    "Non-smoker vehicle",
    "On-board computer",
    "Paddle shifters",
    "Particulate filter",
    "Power Steering",
    "Rain sensor",
    "Rear wheel drive",
    "Sound system",
    "Speed limit control system",
    "Sport seats",
    "Sports package",
    "Sports suspension",
    "Start-stop system",
    "Sunroof",
    "Tinted windows",
    "Traction control",
    "Traffic sign recognition",
    "Tuner/radio",
    "Tyre pressure monitoring",
    "USB port",
    "Voice control",
    "Warranty"
  ]
},
{
  "title": "BMW M3 xDrive Competition Touring UPE 116.190€ EU6e ",
  "previewImage": "https://img.classistatic.de/api/v1/mo-prod/images/f4/f4684119-b8b8-4dd1-a64a-319a2512645f?rule=mo-1600.jpg",
  "category": "EstateCar",
  "brand": "BMW",
  "model": "M3",
  "url": "https://suchen.mobile.de/fahrzeuge/details.html?id=432173052",
  "price.total.amount": 100000,
  "priceRating": {
    "rating": "Very good price",
    "priceRanges": {
      "Very good price": {
        "start": 77701,
        "end": 101000
      },
      "Good price": {
        "start": 101001,
        "end": 108800
      },
      "Fair price": {
        "start": 108801,
        "end": 121000
      },
      "Increased price": {
        "start": 121001,
        "end": 129900
      },
      "High price": {
        "start": 129901,
        "end": 144300
      }
    }
  },
  "description": "Getriebe\nAutomatik\nTechnik\nAllrad\nBordcomputer\nSperrdifferential\nAdaptives Daempfungssystem\nStart-Stop-Automatik\nVolldigitales Kombiinstrument\nAssistenten\nMüdigkeitserkennung\nPark-Lenk-Assistent\nRegensensor\nFernlichtassistent\nLichtsensor\nNotbremsassistent\nBerganfahrassistent\nSpurwechselassistent\nAbstandsregeltempomat\nAusparkassistent\nAbstands-/Kollisionswarner\nKomfort\nKlimaautomatik\nServolenkung\nZentralverriegelung\nElektrischer Fensterheber\nLederausstattung\nSitzheizung\nElektrische Aussenspiegel\nTeilbare Ruecksitzlehne\nTempomat\nMultifunktionslenkrad\nKeyless Go Startfunktion\nElektrische Sitze\nInnenspiegel autom. abblendbar\nMittelarmlehne\nInnenraumfilter\nLenksaeule einstellbar\nSportsitze\nParkDistanceControl vorne und hinten\nElektrische Heckklappe\nKeyless Entry\nMemory Sitze\nAmbientebeleuchtung\nLordosenstütze\nLederlenkrad\nGeschwindigkeitsbegrenzungsanlage\nKlimaautomatik-2-Zonen\nKlimaautomatik-3-Zonen\nFunkfernbedienung\nSicht\nLED-Hauptscheinwerfer\nadaptives Kurvenlicht\nLED-Tagfahrlicht\n360 Grad Kamera\nHEAD-UP-Display\nLED-Rueckleuchten\nScheinwerferregulierung\nColorverglasung\nPrivacyverglasung\nSicherheit\nABS\nAirbag\nBeifahrer-Airbag\nWegfahrsperre\nSeitenairbags\nAlarmanlage\nESP\nAntriebsschlupfregelung\nReifendruckkontrolle\nTraktionskontrolle\nKopfairbag\nKnieairbag\nKindersitzbefestigung\nAnhängerstabilisierung\nNotrufsystem\nPannenkit\nEntertainment\nNavigationssystem\nSoundsystem\nRadio\nTelefonvorbereitung\nUSB-Anschluss\nMP3\nHarman-Kardon\nBluetooth\nFreisprecheinrichtung\nSprachsteuerung\nDAB\nWLAN\nTouchscreen\nInduktionsladen für Smartphones\nMusikstreaming\nNavigationsvorbereitung\nUmwelt\nAbgasnorm Euro 6D\nGrüne Umweltplakette\nQualität\nGarantie\nScheckheftgepflegt\nHUAU neu\nNichtraucherfahrzeug\nSonstiges\nKatalysator\nMetallic\nAlufelgen\nDachreling\nGepaeckraumabdeckung\nStossfaenger in Wagenfarbe\nSportpaket\nSportfahrwerk\nLenkradheizung\nFahrerprofilauswahl\nGepäckraumabtrennung\n\nInt.KnNr: 2362129\nÄnderungen, Zwischenverkauf und Irrtümer vorbehalten.\nquality by dotzilla",
  "dealerDetails": {
    "id": 453713,
    "name": "Kohl automobile GmbH",
    "sellerType": "Dealer",
    "phones": [
      "+49 (0)241 9809149089"
    ],
    "languages": [
      "Deutsch",
      "English",
      "Français"
    ],
    "country": "DE",
    "address": "Neuenhofstr. 160, DE-52078 Aachen",
    "location": {
      "latitude": 50.7653702,
      "longitude": 6.1470706
    },
    "activeSince": "2001-06-07T00:00:00.000Z",
    "homepageUrl": "https://home.mobile.de/home/redirect.html?customerId=453713",
    "iconUrl": null,
    "reviewPageUrl": "https://www.mobile.de/bewertungen/KOHL-AACHEN?lang=en",
    "score": {
      "total": 4.2,
      "responseTime": 4.3,
      "friendliness": 4.3,
      "advice": 4
    },
    "activeRatingCount": 61,
    "vehicleAsDescribedPercentage": 90,
    "recommendPercentage": 77,
    "soldVehicleCount": null,
    "reviews": []
  },
  "attributes": {
    "Vehicle condition": "New vehicle, Accident-free",
    "Category": "Estate car",
    "Vehicle Number": "2362129",
    "Availability": "Now",
    "Origin": "German edition",
    "Mileage": "1 km",
    "Cubic Capacity": "2,993 ccm",
    "Power": "390 kW (530 hp)",
    "Drive type": "Internal combustion engine",
    "Fuel": "Petrol",
    "CO₂ class": "Based on CO₂ emissions (combined)",
    "Fuel consumption": [
      "10.4 l/100km (combined)",
      "15.8 l/100km (city)",
      "10.3 l/100km (suburban)",
      "8.8 l/100km (country road)",
      "9.8 l/100km (motorway)"
    ],
    "Energy costs for 15,000 km annual mileage": "€2,802/Year",
    "Fuel price": "€1.80/l (annual average 2024)",
    "Possible CO₂ costs over the next 10 years (15,000 km/year)": [
      "€4,439 (assuming an average CO₂ price of €127/t)",
      "€2,097 (assuming a low average CO₂ price of €60/t)",
      "€6,990 (assuming a high average CO₂ price of €200/t)"
    ],
    "Vehicle tax": "€472/Year",
    "Number of Seats": "5",
    "Door Count": "4/5",
    "Transmission": "Automatic",
    "Emission Class": "Euro6d",
    "Emissions Sticker": "4 (Green)",
    "Construction Year": "2025",
    "Number of Vehicle Owners": "0",
    "HU": "New",
    "Climatisation": "Automatic climatisation, 3 zones",
    "Parking sensors": "Front, Self-steering systems, Rear, 360° camera",
    "Airbags": "Front and Side and More Airbags",
    "Colour (Manufacturer)": "DRAVITGRAU METALLIC",
    "Colour": "Grey Metallic",
    "Interior Design": "Full leather, Black",
    "Cylinders": "6",
    "Energy consumption (comb.)": "10.4 l/100km",
    "CO₂ emissions (comb.)": "233 g/km"
  },
  "features": [
    "ABS",
    "Adaptive cornering lights",
    "Adaptive Cruise Control",
    "Alarm system",
    "Alloy wheels",
    "Ambient lighting",
    "Arm rest",
    "Autom. dimming interior mirror",
    "Bluetooth",
    "Cargo barrier",
    "Central locking",
    "DAB radio",
    "Digital cockpit",
    "Distance warning system",
    "Dynamic chassis control",
    "Electric seat adjustment",
    "Electric side mirror",
    "Electric tailgate",
    "Electric windows",
    "Eletric seat adjustment with memory function",
    "Emergency brake assist",
    "Emergency call system",
    "Emergency tyre repair kit",
    "ESP",
    "Fatigue warning system",
    "Folding exterior mirrors",
    "Four-wheel drive",
    "Full Service History",
    "Hands-free kit",
    "Head-up display",
    "Heated seats",
    "Heated steering wheel",
    "High beam assist",
    "Hill-start assist",
    "Immobilizer",
    "Induction charging for smartphones",
    "Integrated music streaming",
    "Isofix",
    "Keyless central locking",
    "Leather steering wheel",
    "LED headlights",
    "LED running lights",
    "Light sensor",
    "Lumbar support",
    "Multifunction steering wheel",
    "Navigation preparation",
    "Navigation system",
    "Non-smoker vehicle",
    "On-board computer",
    "Power Steering",
    "Rain sensor",
    "Rear traffic alert",
    "Roof rack",
    "Sound system",
    "Speed limit control system",
    "Sport seats",
    "Sports package",
    "Sports suspension",
    "Start-stop system",
    "Tinted windows",
    "Touchscreen",
    "Traction control",
    "Tuner/radio",
    "Tyre pressure monitoring",
    "USB port",
    "Voice control",
    "Warranty",
    "WLAN / Wi-Fi hotspot"
  ]
},
{
  "title": "BMW M3 Competion  xDrive, einzigartig!, Top",
  "previewImage": "https://img.classistatic.de/api/v1/mo-prod/images/ef/ef0b773a-fcca-419b-be92-4d478baccfd7?rule=mo-1600.jpg",
  "category": "EstateCar",
  "brand": "BMW",
  "model": "M3",
  "url": "https://suchen.mobile.de/fahrzeuge/details.html?id=413951523",
  "price.total.amount": 99999,
  "priceRating": {
    "rating": "Increased price",
    "priceRanges": {
      "Very good price": {
        "start": 61301,
        "end": 79600
      },
      "Good price": {
        "start": 79601,
        "end": 85800
      },
      "Fair price": {
        "start": 85801,
        "end": 95400
      },
      "Increased price": {
        "start": 95401,
        "end": 102400
      },
      "High price": {
        "start": 102401,
        "end": 113800
      }
    }
  },
  "description": "Top- Fahrzeug inkl. 20 Zoll Winterkompletträder.\n\nSonderlackierung Brewster - Grün!\n\nFahrzeug wurde nur bei schönem Wetter bewegt.\n\nWeitere Fragen gerne bei telefonischer Anfrage.",
  "dealerDetails": {
    "id": 23316847,
    "sellerType": "Private Seller",
    "country": "DE",
    "address": "DE-41541 Dormagen",
    "location": {
      "latitude": 51.132252,
      "longitude": 6.8268745
    },
    "iconUrl": null,
    "reviewPageUrl": null,
    "score": null,
    "activeRatingCount": null,
    "vehicleAsDescribedPercentage": null,
    "recommendPercentage": null,
    "soldVehicleCount": null,
    "reviews": []
  },
  "attributes": {
    "Vehicle condition": "Used vehicle, Accident-free",
    "Category": "Estate car",
    "Mileage": "11,800 km",
    "Cubic Capacity": "2,993 ccm",
    "Power": "375 kW (510 hp)",
    "Drive type": "Internal combustion engine",
    "Fuel": "Petrol",
    "Number of Seats": "5",
    "Door Count": "4/5",
    "Transmission": "Automatic",
    "Emissions Sticker": "4 (Green)",
    "First Registration": "07/2023",
    "Number of Vehicle Owners": "1",
    "HU": "07/2026",
    "Climatisation": "Automatic climatisation, 3 zones",
    "Parking sensors": "360° camera, Front, Self-steering systems, Rear",
    "Airbags": "Front and Side and More Airbags",
    "Colour": "Green",
    "Interior Design": "Full leather, Beige"
  },
  "features": [
    "ABS",
    "Adaptive cornering lights",
    "Adaptive Cruise Control",
    "Alarm system",
    "Alloy wheels",
    "Ambient lighting",
    "Android Auto",
    "Apple CarPlay",
    "Arm rest",
    "Autom. dimming interior mirror",
    "Blind spot assist",
    "Bluetooth",
    "Cargo barrier",
    "Central locking",
    "DAB radio",
    "Digital cockpit",
    "Distance warning system",
    "Electric seat adjustment",
    "Electric side mirror",
    "Electric tailgate",
    "Electric windows",
    "Emergency brake assist",
    "Emergency call system",
    "ESP",
    "Fatigue warning system",
    "Four-wheel drive",
    "Full Service History",
    "Glare-free high beam headlights",
    "Hands-free kit",
    "Head-up display",
    "Heated seats",
    "Heated steering wheel",
    "High beam assist",
    "Hill-start assist",
    "Immobilizer",
    "Induction charging for smartphones",
    "Isofix",
    "Keyless central locking",
    "Lane change assist",
    "Laser headlights",
    "Leather steering wheel",
    "LED running lights",
    "Light sensor",
    "Lumbar support",
    "Multifunction steering wheel",
    "Navigation system",
    "Non-smoker vehicle",
    "On-board computer",
    "Paddle shifters",
    "Panoramic roof",
    "Particulate filter",
    "Power Steering",
    "Rain sensor",
    "Roof rack",
    "Sound system",
    "Speed limit control system",
    "Sport seats",
    "Sports package",
    "Sports suspension",
    "Start-stop system",
    "Summer tyres",
    "Touchscreen",
    "Traction control",
    "Traffic sign recognition",
    "Tuner/radio",
    "Tyre pressure monitoring",
    "USB port",
    "Voice control",
    "Warranty",
    "Winter tyres"
  ]
},
{
  "title": "BMW M3 Comp. xDrive Touring INDIVIDUAL H&K Las 360°",
  "previewImage": "https://img.classistatic.de/api/v1/mo-prod/images/45/45678b64-d63b-48ba-9510-7e2b4e5ee522?rule=mo-1600.jpg",
  "category": "EstateCar",
  "brand": "BMW",
  "model": "M3",
  "url": "https://suchen.mobile.de/fahrzeuge/details.html?id=361170460",
  "price.total.amount": 99960,
  "priceRating": {
    "rating": "Increased price",
    "priceRanges": {
      "Very good price": {
        "start": 62501,
        "end": 81300
      },
      "Good price": {
        "start": 81301,
        "end": 87500
      },
      "Fair price": {
        "start": 87501,
        "end": 97300
      },
      "Increased price": {
        "start": 97301,
        "end": 104500
      },
      "High price": {
        "start": 104501,
        "end": 116100
      }
    }
  },
  "description": "Deutsches Fahrzeug!\nBMW M3 G81 COMPETITION TOURING X-DRIVE 510 PS\n!!!AB SOFORT VERFÜGBAR!!!\nERSTATTUNGSFÄHIGE MWST.\n\nAußenfarbe: Frozen Pure Grey\nInnenfarbe: Leder Merino Silverstone / Schwarz\n\nOPTIONEN UND AUSSTATTUNG: M3 Competition Innovation Pack, M Carbon Interieur Paket: - Carbon Lenkrad - Carbon-Mittelkonsole - Carbon-Armaturenbrett, Drive Assist, Tempomat - Front-/Heckkollisionswarner mit Bremsfunktion - Geschwindigkeitsbegrenzungsanzeige - Warnung - Querverkehrswarnung hinten - Toter-Winkel-Detektor - Aktiver Insasse Schutzpaket Parkassistent - Parksensoren vorne/hinten + Kamera 360° - Einparkautomatik - 19''/20'' Schmiedefelgen Doppelspeiche schwarz - M Verbundbremsen in schwarz - M Sport-Sperrdifferenzial - M SelectDrive Fahrwerk - BMW Laserlichter - Lichter abblendbares Fahrlicht - M Shadow Line Leuchten - M Sportsitze - Elektrische Vordersitze mit Fahrer-Memory - Vordersitze beheizbar - Einstellbares Schlaufenband - Schwarze Sicherheitsgurte mit Keder in M-Farbe - Verzinkte Verkleidung der Bedienelemente - Lenkrad in Multifunktionsleder - Lenkradheizung - Carbon Lenkradpaddles - BMW Live Cockpit Navigation Pro - Apple CarPlay - DAB+ Digitalradio - ConnectedDrive Services - BMW Ortungssystem - Induktion Smartphone-Ladegerät - Comfort Access - Harman/Kardon Audiosystem - Verglasungsisolierung - Schallschutzverglasung - Intelligent Notruf - Gepäckraumpaket - Reifendruckkontrolle - Diebstahlwarnanlage - Spiegel anklappbar - Innen- und Außenspiegel abblendbar - 3-Zonen-Klimaautomatik - Himmelanthrazit M Dachhaube - M Alu-Einstiegsleisten - Elektrische Heckklappe …\n\nfür weitere Details bitte telefonsich oder schriftlich kontaktieren.\n\nFinanzierung auch ohne Anzahlung und Inzahlungnahme möglich.\n\nDie Fahrzeugbeschreibung dient lediglich der allgemeinen Identifizierung des Fahrzeuges und stellt keine Gewährleistung im kaufrechtlichen Sinne dar.\nDie Angaben erheben nicht den Anspruch auf Vollständigkeit.\nDie gemachten Angaben/ Beschreibungen und Bildern sind unverbindlich und dienen nicht als zugesicherte Eigenschaften.\nDer Verkäufer übernimmt keine Haftung/ Gewährleistung für Tipp- und Datenübermittlungsfehler.\nAusstattungen sind ggfs. gesondert zu prüfen\n+Verfügbarkeit ist vor der Besichtigung immer zu prüfen+\n+E-Mails können unbeantwortet bleiben – telefonische Kontaktaufnahme wird bevorzugt+\n\n*Finanzierung auch ohne Anzahlung und Inzahlungnahme möglich.*\n*Bundesweiter Transport gegen Aufpreis möglich*",
  "dealerDetails": {
    "id": 9849609,
    "name": "SVPerformance",
    "sellerType": "Dealer",
    "phones": [
      "+49 (0)9071 582812722"
    ],
    "messengers": {
      "WHATS_APP": "+49 (0)173 3441829"
    },
    "languages": [
      "Deutsch",
      "English"
    ],
    "country": "DE",
    "address": "Am Mittelfeld 57, DE-89407 Dillingen",
    "location": {
      "latitude": 48.58477999999999,
      "longitude": 10.50269
    },
    "activeSince": "2013-04-30T00:00:00.000Z",
    "homepageUrl": "https://home.mobile.de/home/redirect.html?customerId=9849609",
    "iconUrl": null,
    "reviewPageUrl": null,
    "score": null,
    "activeRatingCount": null,
    "vehicleAsDescribedPercentage": null,
    "recommendPercentage": null,
    "soldVehicleCount": null,
    "reviews": []
  },
  "attributes": {
    "Vehicle condition": "Used vehicle, Accident-free",
    "Category": "Estate car",
    "Model range": "G81",
    "Trim line": "M3 Competion",
    "Availability": "Available in 1 week after order",
    "Origin": "German edition",
    "Mileage": "7,900 km",
    "Cubic Capacity": "2,993 ccm",
    "Power": "375 kW (510 hp)",
    "Drive type": "Internal combustion engine",
    "Fuel": "Petrol",
    "Number of Seats": "5",
    "Door Count": "4/5",
    "Transmission": "Automatic",
    "Emission Class": "Euro6d-TEMP",
    "Emissions Sticker": "4 (Green)",
    "First Registration": "02/2024",
    "Number of Vehicle Owners": "1",
    "HU": "New",
    "Climatisation": "Automatic climatisation, 3 zones",
    "Parking sensors": "Rear, Front, Self-steering systems",
    "Airbags": "Front and Side and More Airbags",
    "Colour (Manufacturer)": "Frozen Pure Grey",
    "Colour": "Grey Metallic",
    "Interior Design": "Full leather, Grey"
  },
  "features": [
    "ABS",
    "Adaptive cornering lights",
    "Alarm system",
    "Alloy wheels",
    "Ambient lighting",
    "Android Auto",
    "Apple CarPlay",
    "Arm rest",
    "Autom. dimming interior mirror",
    "Blind spot assist",
    "Bluetooth",
    "Cargo barrier",
    "Central locking",
    "Cruise control",
    "DAB radio",
    "Digital cockpit",
    "Distance warning system",
    "Electric seat adjustment",
    "Electric side mirror",
    "Electric tailgate",
    "Electric windows",
    "Emergency brake assist",
    "Emergency call system",
    "Emergency tyre repair kit",
    "ESP",
    "Fatigue warning system",
    "Four-wheel drive",
    "Full Service History",
    "Glare-free high beam headlights",
    "Hands-free kit",
    "Head-up display",
    "Heated seats",
    "Heated steering wheel",
    "High beam assist",
    "Hill-start assist",
    "Immobilizer",
    "Induction charging for smartphones",
    "Isofix",
    "Keyless central locking",
    "Lane change assist",
    "Leather steering wheel",
    "LED headlights",
    "LED running lights",
    "Light sensor",
    "Lumbar support",
    "Multifunction steering wheel",
    "Navigation system",
    "Non-smoker vehicle",
    "On-board computer",
    "Paddle shifters",
    "Particulate filter",
    "Power Steering",
    "Rain sensor",
    "Seat ventilation",
    "Sound system",
    "Speed limit control system",
    "Sport seats",
    "Sports package",
    "Sports suspension",
    "Start-stop system",
    "Summer tyres",
    "Touchscreen",
    "Traction control",
    "Traffic sign recognition",
    "TV",
    "Tyre pressure monitoring",
    "USB port",
    "Voice control",
    "Warranty",
    "WLAN / Wi-Fi hotspot"
  ]
},
{
  "title": "BMW M3 Competition | CARBON | SITZBELÜFT. | 290 km/h",
  "previewImage": "https://img.classistatic.de/api/v1/mo-prod/images/6c/6c91ea57-24ee-4dab-9024-48a4a02b55b9?rule=mo-1600.jpg",
  "category": "Limousine",
  "brand": "BMW",
  "model": "M3",
  "url": "https://suchen.mobile.de/fahrzeuge/details.html?id=434175367",
  "price.total.amount": 100300,
  "priceRating": {
    "rating": "Fair price",
    "priceRanges": {
      "Very good price": {
        "start": 65501,
        "end": 85200
      },
      "Good price": {
        "start": 85201,
        "end": 91700
      },
      "Fair price": {
        "start": 91701,
        "end": 102000
      },
      "Increased price": {
        "start": 102001,
        "end": 109500
      },
      "High price": {
        "start": 109501,
        "end": 121700
      }
    }
  },
  "description": "Um die Fahrzeuge live zu besichtigen, vereinbaren Sie bitte einen Termin.\n\nDIE ADRESSE AUF DER ANZEIGE IST NICHT DIE BESUCH ADRESSE, UM DAS FAHRZEUG LIVE ZU SEHEN.\nBITTE VEREINBAREN SIE IMMER EINEN TERMIN ZUR BESICHTIGUNG UNSERER FAHRZEUGE.\n\nBitte kontaktieren Sie uns unter +4915256066758, um einen Termin zu vereinbaren.\nTo arrange a live viewing of the vehicles, please make an appointment.\n\nTHE ADDRESS MENTIONED ON THE AD IS NOT THE VISIT ADRESS TO VIEW THE VEHICLE LIVE.\nPLEASE ALWAYS MAKE AN APPOINTMENT TO VIEW OUR VEHICLES.\n\nPlease contact us at +4915256066758 to make an appointment.\nTechnical Information\n\nEngine Design - 6 number of cylinders\nCylinder Capacity - 2993 cm3\nPower - 390 kW (530 HP)\nNm Torque - 650 Nm\nTop Speed - 290 km/h\nAcceleration 0-100 km/h - 3.5 s\nOptionen \n\nInnovationspaket\n\n• Driving Assistant Paket Professional\n• Komfortzugang\n• Automatische Heckklappenbetätigung\n• Fernlichtassistent\n• Adaptive LED-Scheinwerfer\n\nAußenausstattung.\n\n• Automatische Heckklappenbetätigung\n• M Carbon-Exterieurpaket\n• M Shadow Line Hochglanz\n• Sonnenschutzverglasung hinten\n• M Shadow Line Hochglanz mit zusätzlichen Elementen\n• Komfortzugang\n\nInnenausstattung.\n\n• Akustikverglasung\n• M Sicherheitsgurte\n• M Dachhimmel Anthrazit\n• M Sportsitze\n• Elektrische Vordersitze mit Memory-Funktion für Fahrersitz\n• Ablagenpaket\n• Beheizbare Vordersitze\n• Bedienelemente mit galvanisierter Oberfläche\n• Spiegelpaket\n• Automatisch abblendender Innenspiegel\n• Aktive Belüftung der Vordersitze\n• Lendenwirbelstütze vorne\n• Umklappbare Kopfstützen hinten\n\nElektrische Ausstattung.\n\n• Driving Assistant Pack Professional\n• M Lights Shadow Line\n• Parking Assistant Pack Plus\n• Alarmanlage\n• Automatische Klimaanlage mit 3 Zonen\n• Fernlichtassistent\n• Automatische Heckklappenbetätigung\n• Adaptive LED-Scheinwerfer\n\nGetriebe, Fahrwerk und Lenkung.\n\n• Beheizbares Lenkrad\n• M Drive Professional\n• M Compound-Bremsen, schwarz\n• M Driver-Paket\n• M Sportdifferenzial\n• Adaptives Fahrwerk M\n\nBordtelekommunikation.\n\n• DAB-Tuner\n• Harman/Kardon Surround Sound System\n• ConnectedPackage Professional\n• Persönliche eSIM\n• Intelligenter Notruf – eCall\n• ConnectedDrive Services\n• Ablagefach für kabelloses Laden\n• BMW Live Cockpit Navigation Professional mit Head-Up Display\n• BMW Service Inclusive\n• Garantie 3 Jahre, ohne Kilometerbegrenzung",
  "dealerDetails": {
    "id": 27748351,
    "name": "AVM Elegance GmbH",
    "sellerType": "Dealer",
    "phones": [
      "+49 (0)2161 277196411"
    ],
    "messengers": {
      "WHATS_APP": "+49 (0)1525 6066758"
    },
    "languages": [
      "Deutsch"
    ],
    "country": "DE",
    "address": "Bismarckstrasse 100, DE-41061 Mönchengladbach",
    "location": {
      "latitude": 51.1982771,
      "longitude": 6.4395984
    },
    "activeSince": "2021-11-23T00:00:00.000Z",
    "homepageUrl": "https://home.mobile.de/home/redirect.html?customerId=27748351",
    "iconUrl": "https://img.classistatic.de/api/v1/mo-prod/images/18/1845392b-6ad6-448e-9e68-8fd55418111f?rule=mo-640.jpg",
    "reviewPageUrl": "https://www.mobile.de/bewertungen/AVMELEGANCEGMBH?lang=en",
    "score": {
      "total": 3.7,
      "responseTime": 3.8,
      "friendliness": 3.8,
      "advice": 3.5
    },
    "activeRatingCount": 4,
    "vehicleAsDescribedPercentage": 66,
    "recommendPercentage": 75,
    "soldVehicleCount": null,
    "reviews": []
  },
  "attributes": {
    "Vehicle condition": "Used vehicle, Accident-free",
    "Category": "Saloon",
    "Model range": "G80",
    "Trim line": "M3 Competition",
    "Availability": "Now",
    "Origin": "German edition",
    "Mileage": "17,900 km",
    "Cubic Capacity": "2,993 ccm",
    "Power": "390 kW (530 hp)",
    "Drive type": "Internal combustion engine",
    "Fuel": "Petrol, E10-enabled",
    "CO₂ class": "Based on CO₂ emissions (combined)",
    "Fuel consumption": [
      "10.1 l/100km (combined)",
      "15.3 l/100km (city)",
      "8.7 l/100km (suburban)"
    ],
    "Number of Seats": "5",
    "Door Count": "4/5",
    "Transmission": "Automatic",
    "Emission Class": "Euro 6e",
    "Emissions Sticker": "4 (Green)",
    "First Registration": "03/2025",
    "Number of Vehicle Owners": "1",
    "Climatisation": "Automatic climatisation, 3 zones",
    "Parking sensors": "Rear, Front, Self-steering systems, 360° camera",
    "Airbags": "Front and Side and More Airbags",
    "Colour (Manufacturer)": "Frozen Black Metallic",
    "Colour": "Black Matte",
    "Interior Design": "Full leather, Other",
    "Weight": "1,855 kg",
    "Date of last service (date)": "04/2025",
    "Last service (mileage)": "2,100 km",
    "Cylinders": "6",
    "Tank capacity": "59 l",
    "Energy consumption (comb.)": "10.1 l/100km",
    "CO₂ emissions (comb.)": "228 g/km"
  },
  "features": [
    "ABS",
    "Adaptive cornering lights",
    "Adaptive Cruise Control",
    "Alarm system",
    "Alloy wheels",
    "Ambient lighting",
    "Android Auto",
    "Apple CarPlay",
    "Arm rest",
    "Autom. dimming interior mirror",
    "Auxiliary heating",
    "Blind spot assist",
    "Bluetooth",
    "Central locking",
    "DAB radio",
    "Digital cockpit",
    "Distance warning system",
    "Dynamic chassis control",
    "Electric seat adjustment",
    "Electric side mirror",
    "Electric tailgate",
    "Electric windows",
    "Eletric seat adjustment with memory function",
    "Emergency brake assist",
    "Emergency call system",
    "Emergency tyre repair kit",
    "ESP",
    "Fatigue warning system",
    "Folding exterior mirrors",
    "Four-wheel drive",
    "Full Service History",
    "Glare-free high beam headlights",
    "Hands-free kit",
    "Headlight washer system",
    "Head-up display",
    "Heated seats",
    "Heated steering wheel",
    "High beam assist",
    "Hill-start assist",
    "Immobilizer",
    "Induction charging for smartphones",
    "Integrated music streaming",
    "Isofix",
    "Lane change assist",
    "Laser headlights",
    "Leather steering wheel",
    "LED running lights",
    "Light sensor",
    "Lumbar support",
    "Multifunction steering wheel",
    "Navigation system",
    "Non-smoker vehicle",
    "On-board computer",
    "Paddle shifters",
    "Power Steering",
    "Rain sensor",
    "Rear traffic alert",
    "Seat ventilation",
    "Sound system",
    "Speed limit control system",
    "Sport seats",
    "Sports package",
    "Sports suspension",
    "Start-stop system",
    "Summer tyres",
    "Tinted windows",
    "Touchscreen",
    "Traction control",
    "Traffic sign recognition",
    "Tyre pressure monitoring",
    "USB port",
    "Voice control",
    "Warranty",
    "Winter package",
    "WLAN / Wi-Fi hotspot"
  ]
},
{
  "title": "BMW M3 Touring Competition M Facelift Ultimate Pa...",
  "previewImage": "https://img.classistatic.de/api/v1/mo-prod/images/53/53bb04e3-aa1f-4acd-a787-880a96aa63e8?rule=mo-1600.jpg",
  "category": "EstateCar",
  "brand": "BMW",
  "model": "M3",
  "url": "https://suchen.mobile.de/fahrzeuge/details.html?id=425031702",
  "price.total.amount": 99990,
  "priceRating": {
    "rating": "Fair price",
    "priceRanges": {
      "Very good price": {
        "start": 68701,
        "end": 89400
      },
      "Good price": {
        "start": 89401,
        "end": 96200
      },
      "Fair price": {
        "start": 96201,
        "end": 107000
      },
      "Increased price": {
        "start": 107001,
        "end": 114900
      },
      "High price": {
        "start": 114901,
        "end": 127700
      }
    }
  },
  "description": "Preise inklusive Mehrwertsteuer. Irrtümer und Zwischenverkauf vorbehalten. Bilder dienen nur zur Illustration. Weitere 1000 Fahrzeuge im Vorlauf!\n\nAchtung: Es handelt sich hier um einen Vorführwagen, eine Besichtigung ist nur nach einer Terminvereinbarung möglich\n\nSonderausstattung:\n**[3KA] Akustikverglasung\n\n* [3M6] M Compound Bremse Schwarz hochglanz \n* [5AL] Active Protection \n* [453] Sitzbelüftung vorne \n* [6DR] BMW Drive Recorder \n* [9DE] Ultimate Package \n[248] Lenkrad beheizbar\n[552] Adaptive LED-Scheinwerfer\n[322] Komfortzugang\n[3MF] M Leuchten Shodowline\n[418] Gepäckraumpaket\n[4MC] M Interieurleisten Carbon\n[5DN] Parking Assistent Plus\n[71C] M Carbon Exterieur Paket\n[7ME] Driver's Package (Aufhebung der Höchstgeschwindigkeit auf 280 km/h)\n\n\n\n* [5AC] Fernlichtassistent \n* [5AU] Driving Assistent Professional \n* [07CG] Repair incl. 3 Jahre / 200.000 km \n\n\nSerienausstattung:**\n19/20 Zoll M Schmiede Leichtmetallräder, M Hochglanz Shadowline, M Hochglanz Shodowline mit erweiterten Umfängen, Multifunktions-Lederlenkrad, Dachhimmel Anthrazit, M Live Cockpit Professional (Navi, Head-up-Display, Bordcomputer, Sprachbedienung, Notrufsystem eCall, USB-Schnittstelle), Induktionsladen für Smartphone, Harman Kardon Surround Soundsystem, Personal eSIM, Connected Package Professional, DAB+, adaptives M Fahrwerk, Fahrsicherheitsassistent, Parking Assistent, Schaltpunktanzeige, Geschwindigkeitsregelanlage inkl. Geschwindigkeitsbegrenzung, Active Guard, Airbag für Fahrer und Beifahrer, Seitenairbag vorn mit Kopfairbag, Beifahrerairbag-Deaktivierung, Isofix, M Sicherheitsgurte, Reifendruckkontrolle, Tire-Mobility-Set, Diebstahlwarnanlage, LED-Rückleuchten, LED-Tagfahrlicht, Ambientebeleuchtung, Außenspiegel elektrisch anklappbar, Außenspiegel elektrisch einstell- und beheizbar, Sicherheitsinnenspiegel automatisch abblendend, Lichtsensor, Regensensor, M Sportsitze, Lendenwirbelstütze für die Vordersitzlehnen, Vordersitze elektrisch verstellbar, Fahrersitz mit Memory, Sitzheizung vorn, Vordersitze höhenverstellbar, Galvanikapplikationen für Bedienelemente, Wärmeschutzverglasung, Klimaanlage 3-Zonen-Climatronic, Getränkehalter, Ablagenpaket, Heckklappe elektrisch, Mittelarmlehne vorne, Fensterheber vorn und hinten elektrisch, Zentralverriegelung mit Funkfernbedienung, ABS, ESC, ASR, Wegfahrsperre, Servolenkung, Rücksitzlehne geteilt umklappbar, Scheibenbremsen vorn und hinten, Heckscheiben Wisch-Waschanlage, Heckscheibe beheizbar, Scheiben ab der B-Säule abgedunkelt, Dachreling, Scheibenwischer-Intervallschaltung, ParkPilot vorn und hinten\n\n\nUnsere Services beim Kauf eines BMW M3 als Neuwagen:\n» Rückruf-Service » Inzahlungnahme » Finanzierung & Leasing\nFelgengröße: 19 Zoll, Scheiben, Verglasung: Akustikverglasung, Fahrwerk- und Regelungssysteme: Antischlupfregelung (ASR), Außenspiegel: Außenspiegel automatisch abblendend, Außenspiegel: Außenspiegel beheizbar, Außentemperaturanzeige, Assistenzsysteme: Ausweichassistent (ESA), Bremsen: Bremsbelaganzeige, Fahrwerk- und Regelungssysteme: Differentialsperre (ASD), Durchlademöglichkeit, Bremsen: Elektronische Parkbremse, Fahrprofilauswahl, Audioanlage: Farbdisplay, Follow-Me-Home-Funktion, Assistenzsysteme: Fußgängererkennung, Scheiben, Verglasung: Getönte Scheiben, Lenkrad: höhenverstellbar, Sitze: Verstellbarkeit: Höhenverstellbarer Fahrer- und Beifahrersitz, Lenkrad: in Sportausführung, Laderaumabdeckung, Lichttechnik: LED-Rückleuchten, Herstellerpaket: Optik-Paket, Assistenzsysteme: Querverkehrsassistent (RCTA), Schwarze Optik, Herstellerpaket: Spoiler-Paket, Assistenzsysteme: Spurwechselassistent, Assistenzsysteme: Stauassistent, Uhr & Drehzahlmesser, Zustand: unfallfrei, Airbags: Vorhangairbag, Scheiben, Verglasung: Wärmeschutzglas\nLagerfahrzeug",
  "dealerDetails": {
    "id": 458199,
    "name": "Automarkt Dinser GmbH EU-Neuwagen",
    "sellerType": "Dealer",
    "phones": [
      "+49 (0)7522 773941556"
    ],
    "messengers": {
      "WHATS_APP": "+49 (0)175 5233433"
    },
    "languages": [
      "Čeština",
      "Deutsch",
      "Pусский",
      "English",
      "Italiano",
      "Türkçe"
    ],
    "country": "DE",
    "address": "Franz-Walchner-Straße 8, DE-88239 Wangen",
    "location": {
      "latitude": 47.6946746,
      "longitude": 9.8241455
    },
    "activeSince": "2006-10-09T00:00:00.000Z",
    "homepageUrl": "https://home.mobile.de/home/redirect.html?customerId=458199",
    "iconUrl": null,
    "reviewPageUrl": "https://www.mobile.de/bewertungen/AUTOMARKT-DINSER-IM-ALLGAEU?lang=en",
    "score": {
      "total": 4.9,
      "responseTime": 4.9,
      "friendliness": 5,
      "advice": 4.9
    },
    "activeRatingCount": 23,
    "vehicleAsDescribedPercentage": 100,
    "recommendPercentage": 100,
    "soldVehicleCount": null,
    "reviews": []
  },
  "attributes": {
    "Vehicle condition": "Used vehicle, Accident-free",
    "Category": "Estate car",
    "Model range": "M3",
    "Trim line": "Touring Competition M",
    "Vehicle Number": "29911",
    "Origin": "EU edition",
    "Mileage": "4,300 km",
    "Cubic Capacity": "2,993 ccm",
    "Power": "390 kW (530 hp)",
    "Drive type": "Internal combustion engine",
    "Fuel": "Petrol",
    "CO₂ class": "Based on CO₂ emissions (combined)",
    "Fuel consumption": [
      "10.4 l/100km (combined)",
      "15.8 l/100km (city)",
      "10.3 l/100km (suburban)",
      "8.8 l/100km (country road)",
      "9.8 l/100km (motorway)"
    ],
    "Energy costs for 15,000 km annual mileage": "€2,713/Year",
    "Fuel price": "€1.74/l (annual average 2024)",
    "Possible CO₂ costs over the next 10 years (15,000 km/year)": [
      "€4,477 (assuming an average CO₂ price of €127/t)",
      "€2,115 (assuming a low average CO₂ price of €60/t)",
      "€7,050 (assuming a high average CO₂ price of €200/t)"
    ],
    "Vehicle tax": "€480/Year",
    "Number of Seats": "5",
    "Door Count": "4/5",
    "Transmission": "Automatic",
    "Emission Class": "Euro6",
    "Emissions Sticker": "4 (Green)",
    "First Registration": "02/2025",
    "Number of Vehicle Owners": "1",
    "HU": "02/2028",
    "Climatisation": "Automatic climatisation, 3 zones",
    "Parking sensors": "Front, 360° camera, Rear, Self-steering systems",
    "Airbags": "Front and Side Airbags",
    "Colour (Manufacturer)": "[X1E] BMW Individual Fro...",
    "Colour": "Blue",
    "Interior Design": "Full leather, Black",
    "Cylinders": "6",
    "Energy consumption (comb.)": "10.4 l/100km",
    "CO₂ emissions (comb.)": "235 g/km"
  },
  "features": [
    "ABS",
    "Adaptive cornering lights",
    "Adaptive Cruise Control",
    "Alarm system",
    "Alloy wheels",
    "Ambient lighting",
    "Android Auto",
    "Apple CarPlay",
    "Arm rest",
    "Autom. dimming interior mirror",
    "Blind spot assist",
    "Bluetooth",
    "Cargo barrier",
    "Central locking",
    "DAB radio",
    "Digital cockpit",
    "Distance warning system",
    "Dynamic chassis control",
    "Electric seat adjustment",
    "Electric side mirror",
    "Electric tailgate",
    "Electric windows",
    "Eletric seat adjustment with memory function",
    "Emergency brake assist",
    "Emergency call system",
    "Emergency tyre repair kit",
    "ESP",
    "Fatigue warning system",
    "Folding exterior mirrors",
    "Four-wheel drive",
    "Full Service History",
    "Glare-free high beam headlights",
    "Hands-free kit",
    "Head-up display",
    "Heated seats",
    "Heated steering wheel",
    "High beam assist",
    "Hill-start assist",
    "Immobilizer",
    "Induction charging for smartphones",
    "Isofix",
    "Keyless central locking",
    "Lane change assist",
    "Leather steering wheel",
    "LED headlights",
    "LED running lights",
    "Light sensor",
    "Lumbar support",
    "Multifunction steering wheel",
    "Navigation system",
    "Non-smoker vehicle",
    "On-board computer",
    "Paddle shifters",
    "Particulate filter",
    "Power Steering",
    "Rain sensor",
    "Roof rack",
    "Seat ventilation",
    "Sound system",
    "Speed limit control system",
    "Sport seats",
    "Sports package",
    "Sports suspension",
    "Start-stop system",
    "Summer tyres",
    "Tinted windows",
    "Touchscreen",
    "Traction control",
    "Traffic sign recognition",
    "Tyre pressure monitoring",
    "USB port",
    "Voice control",
    "Warranty",
    "WLAN / Wi-Fi hotspot"
  ]
},
{
  "title": "BMW M3 xDrive Competition Touring ehem UPE 116.190€ ",
  "previewImage": "https://img.classistatic.de/api/v1/mo-prod/images/f4/f4684119-b8b8-4dd1-a64a-319a2512645f?rule=mo-1600.jpg",
  "category": "EstateCar",
  "brand": "BMW",
  "model": "M3",
  "url": "https://suchen.mobile.de/fahrzeuge/details.html?id=432164292",
  "price.total.amount": 100000,
  "priceRating": {
    "rating": "Very good price",
    "priceRanges": {
      "Very good price": {
        "start": 77701,
        "end": 101000
      },
      "Good price": {
        "start": 101001,
        "end": 108800
      },
      "Fair price": {
        "start": 108801,
        "end": 121000
      },
      "Increased price": {
        "start": 121001,
        "end": 129900
      },
      "High price": {
        "start": 129901,
        "end": 144300
      }
    }
  },
  "description": "Getriebe\nAutomatik\nTechnik\nAllrad\nBordcomputer\nSperrdifferential\nAdaptives Daempfungssystem\nStart-Stop-Automatik\nVolldigitales Kombiinstrument\nAssistenten\nMüdigkeitserkennung\nPark-Lenk-Assistent\nRegensensor\nFernlichtassistent\nLichtsensor\nNotbremsassistent\nBerganfahrassistent\nSpurwechselassistent\nAbstandsregeltempomat\nAusparkassistent\nAbstands-/Kollisionswarner\nKomfort\nKlimaautomatik\nServolenkung\nZentralverriegelung\nElektrischer Fensterheber\nLederausstattung\nSitzheizung\nElektrische Aussenspiegel\nTeilbare Ruecksitzlehne\nTempomat\nMultifunktionslenkrad\nKeyless Go Startfunktion\nElektrische Sitze\nInnenspiegel autom. abblendbar\nMittelarmlehne\nInnenraumfilter\nLenksaeule einstellbar\nSportsitze\nParkDistanceControl vorne und hinten\nElektrische Heckklappe\nKeyless Entry\nMemory Sitze\nAmbientebeleuchtung\nLordosenstütze\nLederlenkrad\nGeschwindigkeitsbegrenzungsanlage\nKlimaautomatik-2-Zonen\nKlimaautomatik-3-Zonen\nFunkfernbedienung\nSicht\nLED-Hauptscheinwerfer\nadaptives Kurvenlicht\nLED-Tagfahrlicht\n360 Grad Kamera\nHEAD-UP-Display\nLED-Rueckleuchten\nScheinwerferregulierung\nColorverglasung\nPrivacyverglasung\nSicherheit\nABS\nAirbag\nBeifahrer-Airbag\nWegfahrsperre\nSeitenairbags\nAlarmanlage\nESP\nAntriebsschlupfregelung\nReifendruckkontrolle\nTraktionskontrolle\nKopfairbag\nKnieairbag\nKindersitzbefestigung\nAnhängerstabilisierung\nNotrufsystem\nPannenkit\nEntertainment\nNavigationssystem\nSoundsystem\nRadio\nTelefonvorbereitung\nUSB-Anschluss\nMP3\nHarman-Kardon\nBluetooth\nFreisprecheinrichtung\nSprachsteuerung\nDAB\nWLAN\nTouchscreen\nInduktionsladen für Smartphones\nMusikstreaming\nNavigationsvorbereitung\nUmwelt\nAbgasnorm Euro 6D\nGrüne Umweltplakette\nQualität\nGarantie\nScheckheftgepflegt\nHUAU neu\nNichtraucherfahrzeug\nSonstiges\nKatalysator\nMetallic\nAlufelgen\nDachreling\nGepaeckraumabdeckung\nStossfaenger in Wagenfarbe\nSportpaket\nSportfahrwerk\nLenkradheizung\nFahrerprofilauswahl\nGepäckraumabtrennung\n\nInt.KnNr: 2362130\nÄnderungen, Zwischenverkauf und Irrtümer vorbehalten.\nquality by dotzilla",
  "dealerDetails": {
    "id": 453713,
    "name": "Kohl automobile GmbH",
    "sellerType": "Dealer",
    "phones": [
      "+49 (0)241 9809776050"
    ],
    "languages": [
      "Deutsch",
      "English",
      "Français"
    ],
    "country": "DE",
    "address": "Neuenhofstr. 160, DE-52078 Aachen",
    "location": {
      "latitude": 50.7653702,
      "longitude": 6.1470706
    },
    "activeSince": "2001-06-07T00:00:00.000Z",
    "homepageUrl": "https://home.mobile.de/home/redirect.html?customerId=453713",
    "iconUrl": null,
    "reviewPageUrl": "https://www.mobile.de/bewertungen/KOHL-AACHEN?lang=en",
    "score": {
      "total": 4.2,
      "responseTime": 4.3,
      "friendliness": 4.3,
      "advice": 4
    },
    "activeRatingCount": 61,
    "vehicleAsDescribedPercentage": 90,
    "recommendPercentage": 77,
    "soldVehicleCount": null,
    "reviews": []
  },
  "attributes": {
    "Vehicle condition": "New vehicle, Accident-free",
    "Category": "Estate car",
    "Vehicle Number": "2362130",
    "Availability": "Now",
    "Origin": "German edition",
    "Mileage": "1 km",
    "Cubic Capacity": "2,993 ccm",
    "Power": "390 kW (530 hp)",
    "Drive type": "Internal combustion engine",
    "Fuel": "Petrol",
    "CO₂ class": "Based on CO₂ emissions (combined)",
    "Fuel consumption": [
      "10.4 l/100km (combined)",
      "15.4 l/100km (city)",
      "10.3 l/100km (suburban)",
      "8.8 l/100km (country road)",
      "9.8 l/100km (motorway)"
    ],
    "Energy costs for 15,000 km annual mileage": "€2,802/Year",
    "Fuel price": "€1.80/l (annual average 2024)",
    "Possible CO₂ costs over the next 10 years (15,000 km/year)": [
      "€4,439 (assuming an average CO₂ price of €127/t)",
      "€2,097 (assuming a low average CO₂ price of €60/t)",
      "€6,990 (assuming a high average CO₂ price of €200/t)"
    ],
    "Vehicle tax": "€472/Year",
    "Number of Seats": "5",
    "Door Count": "4/5",
    "Transmission": "Automatic",
    "Emission Class": "Euro6d",
    "Emissions Sticker": "4 (Green)",
    "Construction Year": "2025",
    "Number of Vehicle Owners": "0",
    "HU": "New",
    "Climatisation": "Automatic climatisation, 3 zones",
    "Parking sensors": "Self-steering systems, Rear, 360° camera, Front",
    "Airbags": "Front and Side and More Airbags",
    "Colour (Manufacturer)": "DRAVITGRAU METALLIC",
    "Colour": "Grey Metallic",
    "Interior Design": "Full leather, Black",
    "Cylinders": "6",
    "Energy consumption (comb.)": "10.4 l/100km",
    "CO₂ emissions (comb.)": "233 g/km"
  },
  "features": [
    "ABS",
    "Adaptive cornering lights",
    "Adaptive Cruise Control",
    "Alarm system",
    "Alloy wheels",
    "Ambient lighting",
    "Arm rest",
    "Autom. dimming interior mirror",
    "Bluetooth",
    "Cargo barrier",
    "Central locking",
    "DAB radio",
    "Digital cockpit",
    "Distance warning system",
    "Dynamic chassis control",
    "Electric seat adjustment",
    "Electric side mirror",
    "Electric tailgate",
    "Electric windows",
    "Eletric seat adjustment with memory function",
    "Emergency brake assist",
    "Emergency call system",
    "Emergency tyre repair kit",
    "ESP",
    "Fatigue warning system",
    "Folding exterior mirrors",
    "Four-wheel drive",
    "Full Service History",
    "Hands-free kit",
    "Head-up display",
    "Heated seats",
    "Heated steering wheel",
    "High beam assist",
    "Hill-start assist",
    "Immobilizer",
    "Induction charging for smartphones",
    "Integrated music streaming",
    "Isofix",
    "Keyless central locking",
    "Leather steering wheel",
    "LED headlights",
    "LED running lights",
    "Light sensor",
    "Lumbar support",
    "Multifunction steering wheel",
    "Navigation preparation",
    "Navigation system",
    "Non-smoker vehicle",
    "On-board computer",
    "Power Steering",
    "Rain sensor",
    "Rear traffic alert",
    "Roof rack",
    "Sound system",
    "Speed limit control system",
    "Sport seats",
    "Sports package",
    "Sports suspension",
    "Start-stop system",
    "Tinted windows",
    "Touchscreen",
    "Traction control",
    "Tuner/radio",
    "Tyre pressure monitoring",
    "USB port",
    "Voice control",
    "Warranty",
    "WLAN / Wi-Fi hotspot"
  ]
},
{
  "title": "BMW M3 Competition M XDR M Drivers P. / Touring",
  "previewImage": "https://img.classistatic.de/api/v1/mo-prod/images/4c/4c6f3482-b87d-455c-a555-67346aadb46f?rule=mo-1600.jpg",
  "category": "EstateCar",
  "brand": "BMW",
  "model": "M3",
  "url": "https://suchen.mobile.de/fahrzeuge/details.html?id=433637427",
  "price.total.amount": 99900,
  "priceRating": {
    "rating": "Very good price",
    "priceRanges": {
      "Very good price": {
        "start": 77601,
        "end": 100800
      },
      "Good price": {
        "start": 100801,
        "end": 108600
      },
      "Fair price": {
        "start": 108601,
        "end": 120800
      },
      "Increased price": {
        "start": 120801,
        "end": 129600
      },
      "High price": {
        "start": 129601,
        "end": 144000
      }
    }
  },
  "description": "Antrieb, Fahrwerk\nAdaptives M Fahrwerk\nAllrad\nM Compound-Bremse, schwarz hochglänzend\nM Drive Professional\nM Sportdifferential\nSportfahrwerk\n\nAußenausstattung\nDachreling Hochglanz Shadow-Line\nHeckklappenbetätigung automatisch\nLM-Felgen\nSonnenschutzverglasung (hinten abgedunkelt)\n\nEditionen und Pakete\nAblagenpaket\nConnectedDrive Services (laufzeitgebundener Dienst)\nConnectedPackage Professional (laufzeitgebundener Dienst)\nInnovationspaket II\nM Driver's Package \n\nExterieur\nDach und Spiegelkappen schwarz\nDachreling\nElektrische Gepäckraumklappe\n\nFahrerassistenz\nBMW Drive Recorder\nDriving Assistant Professional\nGesetzlicher Notruf\nHead-Up Display\nParking Assistant Plus\nRückfahrkamera\nSpurverlassenswarnung\nSpurwechselwarnung\nTeleServices\n\nIndividualumfänge\nBMW Individual Dachreling Hochglanz Shadow Line\nBMW Individual Hochglanz Shadow Line\nBMW Individual Hochglanz Shadow Line mit erweiterten Umfängen\nBMW Individual Leuchten Shadow Line\nDachhimmel Individual anthrazit\n\nKomfort, Innenausstattung\nAbstandsregeltempomat\nAktive Sitzbelüftung vorn\nAkustikkomfort-Verglasung\nAmbiente-Beleuchtung\nAußenspiegel elektr. anklappbar\nAutomatische Verriegelung beim Anfahren\nBMW Live Cockpit Professional\nDurchladeeinrichtung (Mittelarmlehne hinten)\nDurchladesystem\nEinparkhilfe selbstlenkendes System\nFensterheber elektrisch vorn + hinten\nFensterheber, elektrisch\nFondkopfstützen klappbar\nFreisprecheinrichtung Bluetooth mit USB-/Audio-Schnittstelle\nGalvanikapplikation für Bedienelemente\nGepäckraum-Abtrennung (Netz)\nGeschwindigkeits-Regelanlage mit Bremsfunktion\nHead-up-Display Full Color\nInduktionsladeschale für Smartphone (Wireless Charging)\nInnen- und Aussenspiegel automatisch abblendend\nInnenspiegel mit Abblendautomatik\nInterieurleisten Carbon Fibre\nIsofix-Aufnahmen für Kindersitz\nKeyless Entry\nKlimaautomatic\nKlimaautomatik 3-Zonen mit autom. Umluft-Control\nKomfortzugang\nLeder\nLederlenkrad\nLendenwirbelstütze Sitz vorn links und rechts, elektr. verstellbar\nLenkrad (Leder) mit Multifunktion M-Technic\nLenkradheizung\nLicht- und Regensensor\nLordose\nLordosenstuetze fuer Fahrer und Beifahrer\nM Sicherheitsgurte\nM Sportsitze\nMultifunktion für Lenkrad\nMultifunktionslenkrad\nRadioempfang digital (DAB+)\nScheibenwischer mit Regensensor\nService-System: Augmented Reality für Navigation\nSitze vorn elektr. verstellbar (mit Memory)\nSitzheizung fuer Fahrer und Beifahrer\nSitzheizung vorn\nSitzverstellung, elektrisch mit Memory\nSonnenschutzverglasung\nSound-System Harman-Kardon\nSportsitze\nSpurhalteassistent\nStart/Stop-Anlage (Funktion)\nTempomat\nZentralverriegelung\nZentralverriegelung mit Diebstahlsicherung und Crashsensor\n\nMultimedia\nBluetooth\nBMW Live Cockpit Professional (laufzeitgebundener Dienst)\nDAB Tuner\nFreisprecheinrichtung\nHarman Kardon Surround Sound System\nNavigationssystem\nRadio\nTelefon\nUSB Schnittstelle\n\nRäder\nRadschraubensicherung\nReifenreparatur-Set\n\nSicherheit/Umwelt\nAdaptives Fahrwerk M-Technic\nAirbag Beifahrerseite abschaltbar\nAirbag Fahrer-/Beifahrerseite\nAlarmanlage\nAnti-Blockier-System (ABS)\nAntriebsart: Allradantrieb\nAntriebsart: xDrive (Allrad)\nDiebstahl-Warnanlage\nDynamische Stabilitäts-Control (DSC)\nDynamische Stabilitäts-Control (DSC) mit erweiterter Umfang\nFahrassistenz-System: Active Guard (Bremsassistent)\nGeschwindigkeits-Begrenzeranlage (Speed Limit Device)\nKnieairbag Fahrerseite\nKopf-Airbag-System hinten\nKopf-Airbag-System vorn\n\nSitzbezug\nVOLLLEDER MERINO\n\nSonstiges\nAblage für Wireless Charging \nActive Guard\nAktive Sitzbelüftung vorn\nBlow by-Heizer\nBMW Drive Recorder (Dashcam)\nBremsanlage: Compound - M Bremssystem (Bremssättel Schwarz)\nCO2-Umfang\nDekodierung Zusatzfunktionen\nDeutsch / Bordliteratur\nDeutschland-Ausfuehrung\nElektrisch verstellbare Spiegel\nEU-spezifische Zusatzumfaenge\nFahrassistenz-System: Driving Assistant Professional\nFahrassistenz-System: Fernlichtassistent\nInduktionsladen für Smartphones\nInnenausstattung: Interieurleisten Carbon\nInnovations-Paket (2)\nKältemittel\nKilometertacho\nLenkrad heizbar\nLM-Felgen vorn/hinten: 9,5x19 / 10,5x20 (Doppelspeichen 825 M, Bicolor, Schwarz)\nM Driver´s Package\nMetallic-Lackierung\nÖlwartungsintervall 24 Monate/30.000 km\nParkassistent-Paket Plus\nPersonal eSIM \nReifendruckkontrollsystem\nScheinwerfer BMW Individual Shadow-Line\nSicherheitssystem Active Protection\nSitzbezug / Polsterung: Voll-Leder Merino\nSteuerung Infotainment\nSteuerung Karosserie\nVerglasung Akustikglas\n\nUmwelt, Sicherheit\nAbgasnorm EU6 RDE II\nABS\nActive Protection\nAdaptiver LED-Scheinwerfer\nAktiver Fussgängerschutz\nAlarmanlage\nAuto Start/Stop Funktion \nBeifahrerairbag\nBeifahrerairbag-Deaktivierung\nESP\nFahrerairbag\nFernlichtassistent\nInnenspiegel, automatisch abblendend\nKindersitzbefestigung ISOFIX\nKopfairbag\nLED-Scheinwerfer\nLichtsensor\nNotbremsassistent\nPASM\nRegensensor\nReifen Druck Control\nSeitenairbag\nTraction Control\nWarndreieck\nIrrtümer und Zwischenverkauf vorbehalten.",
  "dealerDetails": {
    "id": 452090,
    "name": "Gottstein GmbH Automobile & Motorräder",
    "sellerType": "Dealer",
    "phones": [
      "+49 (0)7751 306942806"
    ],
    "languages": [
      "Deutsch"
    ],
    "country": "DE",
    "address": "Karl Ziegler Strasse 4, DE-79761 Waldshut-Tiengen",
    "location": {
      "latitude": 47.6162465,
      "longitude": 8.2457357
    },
    "activeSince": "2001-01-10T00:00:00.000Z",
    "homepageUrl": "https://home.mobile.de/home/redirect.html?customerId=452090",
    "iconUrl": null,
    "reviewPageUrl": "https://www.mobile.de/bewertungen/GOTTSTEIN?lang=en",
    "score": {
      "total": 4.7,
      "responseTime": 4.7,
      "friendliness": 4.8,
      "advice": 4.7
    },
    "activeRatingCount": 31,
    "vehicleAsDescribedPercentage": 100,
    "recommendPercentage": 93,
    "soldVehicleCount": null,
    "reviews": []
  },
  "attributes": {
    "Vehicle condition": "New vehicle, Accident-free",
    "Category": "Estate car",
    "Model range": "G81",
    "Trim line": "M XDR M Drivers P. / Touring ",
    "Vehicle Number": "55000344",
    "Availability": "Now",
    "Origin": "German edition",
    "Mileage": "0 km",
    "Cubic Capacity": "2,993 ccm",
    "Power": "390 kW (530 hp)",
    "Drive type": "Internal combustion engine",
    "Fuel": "Petrol, E10-enabled",
    "CO₂ class": "Based on CO₂ emissions (combined)",
    "Fuel consumption": [
      "10.4 l/100km (combined)",
      "15.8 l/100km (city)",
      "10.3 l/100km (suburban)",
      "8.8 l/100km (country road)",
      "9.8 l/100km (motorway)"
    ],
    "Energy costs for 15,000 km annual mileage": "€2,802/Year",
    "Fuel price": "€1.80/l (annual average 2024)",
    "Possible CO₂ costs over the next 10 years (15,000 km/year)": [
      "€4,477 (assuming an average CO₂ price of €127/t)",
      "€2,115 (assuming a low average CO₂ price of €60/t)",
      "€7,050 (assuming a high average CO₂ price of €200/t)"
    ],
    "Vehicle tax": "€480/Year",
    "Number of Seats": "5",
    "Door Count": "4/5",
    "Transmission": "Automatic",
    "Emission Class": "Euro6",
    "Emissions Sticker": "4 (Green)",
    "Construction Year": "2025",
    "Number of Vehicle Owners": "0",
    "HU": "New",
    "Climatisation": "Automatic climatisation, 3 zones",
    "Parking sensors": "Rear, Front, Camera, Self-steering systems",
    "Airbags": "Front and Side and More Airbags",
    "Colour (Manufacturer)": "BLACK SAPPHIRE",
    "Colour": "Black Metallic",
    "Interior Design": "Full leather, Black",
    "Weight": "1,940 kg",
    "Tank capacity": "59 l",
    "Energy consumption (comb.)": "10.4 l/100km",
    "CO₂ emissions (comb.)": "235 g/km"
  },
  "features": [
    "ABS",
    "Adaptive Cruise Control",
    "Adaptive lighting",
    "Alarm system",
    "Alloy wheels",
    "Ambient lighting",
    "Arm rest",
    "Autom. dimming interior mirror",
    "Blind spot assist",
    "Bluetooth",
    "Cargo barrier",
    "Central locking",
    "DAB radio",
    "Digital cockpit",
    "Distance warning system",
    "Dynamic chassis control",
    "Electric seat adjustment",
    "Electric side mirror",
    "Electric tailgate",
    "Electric windows",
    "Emergency brake assist",
    "Emergency call system",
    "ESP",
    "Four-wheel drive",
    "Glare-free high beam headlights",
    "Hands-free kit",
    "Head-up display",
    "Heated seats",
    "Heated steering wheel",
    "High beam assist",
    "Hill-start assist",
    "Immobilizer",
    "Induction charging for smartphones",
    "Isofix",
    "Keyless central locking",
    "Lane change assist",
    "Leather steering wheel",
    "LED headlights",
    "LED running lights",
    "Light sensor",
    "Lumbar support",
    "Multifunction steering wheel",
    "Navigation system",
    "On-board computer",
    "Particulate filter",
    "Power Steering",
    "Rain sensor",
    "Roof rack",
    "Seat ventilation",
    "Sound system",
    "Speed limit control system",
    "Sport seats",
    "Sports package",
    "Sports suspension",
    "Start-stop system",
    "Summer tyres",
    "Tinted windows",
    "Touchscreen",
    "Traction control",
    "Tuner/radio",
    "Tyre pressure monitoring",
    "USB port",
    "Voice control"
  ]
},
{
  "title": "BMW M3 xDrive M EU6e Competition Touring ehem UPE 11",
  "previewImage": "https://img.classistatic.de/api/v1/mo-prod/images/bd/bdeee8a0-d8e6-4fc1-ba2d-bf79aaba78e0?rule=mo-1600.jpg",
  "category": "EstateCar",
  "brand": "BMW",
  "model": "M3",
  "url": "https://suchen.mobile.de/fahrzeuge/details.html?id=432173104",
  "price.total.amount": 100000,
  "priceRating": {
    "rating": "Good price",
    "priceRanges": {
      "Very good price": {
        "start": 76801,
        "end": 99800
      },
      "Good price": {
        "start": 99801,
        "end": 107500
      },
      "Fair price": {
        "start": 107501,
        "end": 119600
      },
      "Increased price": {
        "start": 119601,
        "end": 128300
      },
      "High price": {
        "start": 128301,
        "end": 142600
      }
    }
  },
  "description": "Getriebe\nAutomatik\nTechnik\nAllrad\nBordcomputer\nSperrdifferential\nAdaptives Daempfungssystem\nStart-Stop-Automatik\nVolldigitales Kombiinstrument\nAssistenten\nMüdigkeitserkennung\nPark-Lenk-Assistent\nRegensensor\nFernlichtassistent\nLichtsensor\nNotbremsassistent\nBerganfahrassistent\nSpurwechselassistent\nAbstandsregeltempomat\nAusparkassistent\nAbstands-/Kollisionswarner\nKomfort\nKlimaautomatik\nServolenkung\nZentralverriegelung\nElektrischer Fensterheber\nLederausstattung\nSitzheizung\nElektrische Aussenspiegel\nTeilbare Ruecksitzlehne\nTempomat\nMultifunktionslenkrad\nKeyless Go Startfunktion\nElektrische Sitze\nInnenspiegel autom. abblendbar\nMittelarmlehne\nInnenraumfilter\nLenksaeule einstellbar\nSportsitze\nParkDistanceControl vorne und hinten\nElektrische Heckklappe\nKeyless Entry\nMemory Sitze\nAmbientebeleuchtung\nLordosenstütze\nLederlenkrad\nGeschwindigkeitsbegrenzungsanlage\nKlimaautomatik-2-Zonen\nKlimaautomatik-3-Zonen\nFunkfernbedienung\nSicht\nLED-Hauptscheinwerfer\nadaptives Kurvenlicht\nLED-Tagfahrlicht\n360 Grad Kamera\nHEAD-UP-Display\nLED-Rueckleuchten\nScheinwerferregulierung\nColorverglasung\nPrivacyverglasung\nSicherheit\nABS\nAirbag\nBeifahrer-Airbag\nWegfahrsperre\nSeitenairbags\nAlarmanlage\nESP\nAntriebsschlupfregelung\nReifendruckkontrolle\nTraktionskontrolle\nKopfairbag\nKnieairbag\nKindersitzbefestigung\nAnhängerstabilisierung\nNotrufsystem\nPannenkit\nEntertainment\nNavigationssystem\nSoundsystem\nRadio\nTelefonvorbereitung\nUSB-Anschluss\nMP3\nHarman-Kardon\nBluetooth\nFreisprecheinrichtung\nSprachsteuerung\nDAB\nWLAN\nTouchscreen\nInduktionsladen für Smartphones\nMusikstreaming\nNavigationsvorbereitung\nUmwelt\nAbgasnorm Euro 6D\nGrüne Umweltplakette\nQualität\nGarantie\nScheckheftgepflegt\nHUAU neu\nNichtraucherfahrzeug\nSonstiges\nKatalysator\nMetallic\nAlufelgen\nDachreling\nGepaeckraumabdeckung\nStossfaenger in Wagenfarbe\nSportpaket\nSportfahrwerk\nLenkradheizung\nFahrerprofilauswahl\nGepäckraumabtrennung\n\nInt.KnNr: 2362128\nÄnderungen, Zwischenverkauf und Irrtümer vorbehalten.\nquality by dotzilla",
  "dealerDetails": {
    "id": 453713,
    "name": "Kohl automobile GmbH",
    "sellerType": "Dealer",
    "phones": [
      "+49 (0)241 5570007344"
    ],
    "languages": [
      "Deutsch",
      "English",
      "Français"
    ],
    "country": "DE",
    "address": "Neuenhofstr. 160, DE-52078 Aachen",
    "location": {
      "latitude": 50.7653702,
      "longitude": 6.1470706
    },
    "activeSince": "2001-06-07T00:00:00.000Z",
    "homepageUrl": "https://home.mobile.de/home/redirect.html?customerId=453713",
    "iconUrl": null,
    "reviewPageUrl": "https://www.mobile.de/bewertungen/KOHL-AACHEN?lang=en",
    "score": {
      "total": 4.2,
      "responseTime": 4.3,
      "friendliness": 4.3,
      "advice": 4
    },
    "activeRatingCount": 61,
    "vehicleAsDescribedPercentage": 90,
    "recommendPercentage": 77,
    "soldVehicleCount": null,
    "reviews": []
  },
  "attributes": {
    "Vehicle condition": "New vehicle, Accident-free",
    "Category": "Estate car",
    "Vehicle Number": "2362128",
    "Availability": "Now",
    "Origin": "German edition",
    "Mileage": "0 km",
    "Cubic Capacity": "2,993 ccm",
    "Power": "390 kW (530 hp)",
    "Drive type": "Internal combustion engine",
    "Fuel": "Petrol",
    "CO₂ class": "Based on CO₂ emissions (combined)",
    "Fuel consumption": [
      "10.4 l/100km (combined)",
      "15.8 l/100km (city)",
      "10.3 l/100km (suburban)",
      "8.8 l/100km (country road)",
      "9.8 l/100km (motorway)"
    ],
    "Energy costs for 15,000 km annual mileage": "€2,802/Year",
    "Fuel price": "€1.80/l (annual average 2024)",
    "Possible CO₂ costs over the next 10 years (15,000 km/year)": [
      "€4,439 (assuming an average CO₂ price of €127/t)",
      "€2,097 (assuming a low average CO₂ price of €60/t)",
      "€6,990 (assuming a high average CO₂ price of €200/t)"
    ],
    "Vehicle tax": "€472/Year",
    "Number of Seats": "5",
    "Door Count": "4/5",
    "Transmission": "Automatic",
    "Emission Class": "Euro6d",
    "Emissions Sticker": "4 (Green)",
    "Construction Year": "2025",
    "Number of Vehicle Owners": "0",
    "HU": "New",
    "Climatisation": "Automatic climatisation, 3 zones",
    "Parking sensors": "360° camera, Front, Self-steering systems, Rear",
    "Airbags": "Front and Side and More Airbags",
    "Colour (Manufacturer)": "Tansanitblau II metallic",
    "Colour": "Blue Metallic",
    "Interior Design": "Full leather, Black",
    "Cylinders": "6",
    "Energy consumption (comb.)": "10.4 l/100km",
    "CO₂ emissions (comb.)": "233 g/km"
  },
  "features": [
    "ABS",
    "Adaptive cornering lights",
    "Adaptive Cruise Control",
    "Alarm system",
    "Alloy wheels",
    "Ambient lighting",
    "Arm rest",
    "Autom. dimming interior mirror",
    "Bluetooth",
    "Cargo barrier",
    "Central locking",
    "DAB radio",
    "Digital cockpit",
    "Distance warning system",
    "Dynamic chassis control",
    "Electric seat adjustment",
    "Electric side mirror",
    "Electric tailgate",
    "Electric windows",
    "Eletric seat adjustment with memory function",
    "Emergency brake assist",
    "Emergency call system",
    "Emergency tyre repair kit",
    "ESP",
    "Fatigue warning system",
    "Folding exterior mirrors",
    "Four-wheel drive",
    "Full Service History",
    "Hands-free kit",
    "Head-up display",
    "Heated seats",
    "Heated steering wheel",
    "High beam assist",
    "Hill-start assist",
    "Immobilizer",
    "Induction charging for smartphones",
    "Integrated music streaming",
    "Isofix",
    "Keyless central locking",
    "Leather steering wheel",
    "LED headlights",
    "LED running lights",
    "Light sensor",
    "Lumbar support",
    "Multifunction steering wheel",
    "Navigation preparation",
    "Navigation system",
    "Non-smoker vehicle",
    "On-board computer",
    "Power Steering",
    "Rain sensor",
    "Rear traffic alert",
    "Roof rack",
    "Sound system",
    "Speed limit control system",
    "Sport seats",
    "Sports package",
    "Sports suspension",
    "Start-stop system",
    "Tinted windows",
    "Touchscreen",
    "Traction control",
    "Tuner/radio",
    "Tyre pressure monitoring",
    "USB port",
    "Voice control",
    "Warranty",
    "WLAN / Wi-Fi hotspot"
  ]
},
{
  "title": "BMW M3 Competition M XDR M Drivers P. HK HiFi DAB",
  "previewImage": "https://img.classistatic.de/api/v1/mo-prod/images/cd/cd40ee7f-1247-4699-b005-0e528d75ece9?rule=mo-1600.jpg",
  "category": "EstateCar",
  "brand": "BMW",
  "model": "M3",
  "url": "https://suchen.mobile.de/fahrzeuge/details.html?id=390033792",
  "price.total.amount": 99975,
  "priceRating": {
    "rating": "Fair price",
    "priceRanges": {
      "Very good price": {
        "start": 65401,
        "end": 85000
      },
      "Good price": {
        "start": 85001,
        "end": 91500
      },
      "Fair price": {
        "start": 91501,
        "end": 101800
      },
      "Increased price": {
        "start": 101801,
        "end": 109300
      },
      "High price": {
        "start": 109301,
        "end": 121400
      }
    }
  },
  "description": "Antrieb, Fahrwerk\nAdaptives M Fahrwerk\nAllrad\nM Compound-Bremse, schwarz hochglänzend\nM Drive Professional\nM Sportdifferential\nSportfahrwerk\n\nEditionen und Pakete\nAblagenpaket\nConnectedDrive Services (laufzeitgebundener Dienst)\nConnectedPackage Professional (laufzeitgebundener Dienst)\nGepäckraumpaket\nInnovationspaket\nM Driver's Package \n\nExterieur\nDach und Spiegelkappen schwarz\nDachreling\nElektrische Gepäckraumklappe\n\nFahrerassistenz\nDriving Assistant Professional\nGesetzlicher Notruf\nPark Distance Control (PDC)\nParking Assistant\nRückfahrkamera\nSpurverlassenswarnung\nSpurwechselwarnung\nTeleServices\n\nIndividualumfänge\nBMW Individual Dachreling Hochglanz Shadow Line\nBMW Individual Hochglanz Shadow Line\nBMW Individual Hochglanz Shadow Line mit erweiterten Umfängen\nBMW Individual Leuchten Shadow Line\nDachhimmel Individual anthrazit\n\nKomfort, Innenausstattung\nAbstandsregeltempomat\nAkustikkomfort-Verglasung\nBMW Individual Interieurleisten Aluminiumgewebe hochglänzend\nDurchladesystem\nEinparkhilfe Sensoren vorne\nFensterheber, elektrisch\nFondkopfstützen klappbar\nFunkfernbedienung\nGalvanikapplikation für Bedienelemente\nInnen- und Aussenspiegel automatisch abblendend\nKeyless Entry\nKlimaautomatic\nKomfortzugang\nLeder\nLederlenkrad\nLenkradheizung\nLordose\nLordosenstuetze fuer Fahrer und Beifahrer\nM Sportsitze\nMultifunktionslenkrad\nSitzheizung\nSitzheizung fuer Fahrer und Beifahrer\nSitzverstellung, elektrisch mit Memory\nSonnenschutzverglasung\nSportsitze\nSpurhalteassistent\nZentralverriegelung\n\nMultimedia\nBluetooth\nBMW Live Cockpit Professional (laufzeitgebundener Dienst)\nBordcomputer\nDAB Tuner\nFreisprecheinrichtung\nHarman Kardon Surround Sound System\nTelefon\nUSB Schnittstelle\n\nRäder\n19\"/20\" M Schmiederäder Doppelspeiche 825 M Bicolor Schwarz / MB\nRadschraubensicherung\nReifenreparatur-Set\n\nSitzbezug\nLeder Merino Schwarz/Schwarz\n\nSonstiges\nAblage für Wireless Charging \nActive Guard\nBlow by-Heizer\nBMW Live Cockpit Professional\nBremsanlage: Compound - M Bremssystem (Bremssättel Schwarz)\nCO2-Umfang\nDekodierung Zusatzfunktionen\nDeutsch / Bordliteratur\nDeutschland-Ausfuehrung\nElektrisch verstellbare Spiegel\nEU-spezifische Zusatzumfaenge\nFahrassistenz-System: Driving Assistant Professional\nFzg. ohne Modell-Schriftzug\nGepäckraum-Paket\nInnenausstattung: Individual Interieurleisten Aluminium hochglänzend\nInnovations-Paket\nKältemittel\nKilometertacho\nLenkrad heizbar\nLM-Felgen vorn/hinten: 9,5x19 / 10,5x20 (Doppelspeichen 825 M, Bicolor, Schwarz)\nM Driver´s Package\nMetallic-Lackierung\nModellschriftzug, Entfall\nMüdigkeitswarnsystem\nNotrufsystem\nÖlwartungsintervall 24 Monate/30.000 km\nParkassistent-Paket\nReifendruckkontrollsystem\nReifen-Reparaturset (Mobility-Pack)\nScheinwerfer BMW Individual Shadow-Line\nSicherheitssystem Active Protection\nSonnenschutzverglasung (hinten abgedunkelt)\nSound-System Harman-Kardon\nSteuerung Infotainment\nSteuerung Karosserie\nTotwinkel-Assistent\nVerglasung Akustikglas\n\nUmwelt, Sicherheit\nAbgasnorm EU6 RDE II\nABS\nActive Protection\nAktiver Fussgängerschutz\nAlarmanlage\nAuto Start/Stop Funktion \nBeifahrerairbag\nBeifahrerairbag-Deaktivierung\nBMW Laserlicht\nESP\nFahrerairbag\nFernlichtassistent\nInnenspiegel, automatisch abblendend\nKindersitzbefestigung ISOFIX\nKopfairbag\nNotbremsassistent\nPASM\nRegensensor\nReifen Druck Control\nSeitenairbag\nTraction Control\nWarndreieck\nWegfahrsperre\n\nSonderausstattungen:\nActive Protection Sicherheitspaket zur Einleitung von Schutzmaßnahmen für die Fahrzeuginsassen in einer drohenden Unfallsituation, u. a. Gurtstraffung für Fahrer- und Beifahrer, Schließen der Scheiben, Automatisches Abbremsen nach einer Kollision\nBMW Live Cockpit Professional - Volldig. 12,3\" Instrumentendisplay und 14,9\" Control Display mit Touchbe. - Navigation - Freisprecheinrich. - Intelligent Personal Assist. (Sprachbedienung),BMW Controller mit Dreh-,Drück-und Touchfunk.,Direktwahltasten - Fahrerprofil, ermög. persönliche Einstel. in einem Fahrerprofil zu speichern - Tuner mit Diversity-Empf.und RDS - 2 USB-Anschlüsse, Laden/Daten - Bluetooth/WiFi Schnittstelle - 4G LTE Connectivity, festverb. SIM-Karte - Remote Software Upgrade - BMW Head-Up Display\n* Driving Assistang Professional - Akt. Geschwindigkeitsregelung mit Stop&Go-F. Aut. Speed Limit Assist Lenk- und Spurführungsassis.: unterstützt im Geschwindigkeitsbereich bis 210 km/h die Spurmitte durch korrigierende Lenkeingriffe zu halten Spurhalteassis. mit akt. Seitenkollisionsschutz: korrigierende Lenkeingriffe im Geschwindigkeitsbereich 70 km/h bis 210 km/h, Irrtümer und Zwischenverkauf vorbehalten.",
  "dealerDetails": {
    "id": 1305992,
    "name": "Auto-Müller GmbH - Autorisierter BMW Servicepartner",
    "sellerType": "Dealer",
    "phones": [
      "+49 (0)9274 331988047"
    ],
    "languages": [
      "Deutsch",
      "English"
    ],
    "country": "DE",
    "address": "Treppendorfer Straße 2, DE-96142 Hollfeld",
    "location": {
      "latitude": 49.9290442,
      "longitude": 11.2980495
    },
    "activeSince": "2008-04-15T00:00:00.000Z",
    "homepageUrl": "https://home.mobile.de/home/redirect.html?customerId=1305992",
    "iconUrl": null,
    "reviewPageUrl": "https://www.mobile.de/bewertungen/AUTOMUELLERHOLLFELD?lang=en",
    "score": {
      "total": 4.2,
      "responseTime": 3.5,
      "friendliness": 4.5,
      "advice": 4.5
    },
    "activeRatingCount": 4,
    "vehicleAsDescribedPercentage": 100,
    "recommendPercentage": 75,
    "soldVehicleCount": null,
    "reviews": []
  },
  "attributes": {
    "Vehicle condition": "Used vehicle, Accident-free",
    "Category": "Estate car",
    "Model range": "G81",
    "Trim line": "M XDR M Drivers P. HK HiFi DAB",
    "Availability": "Now",
    "Mileage": "3,000 km",
    "Cubic Capacity": "2,993 ccm",
    "Power": "375 kW (510 hp)",
    "Drive type": "Internal combustion engine",
    "Fuel": "Petrol, E10-enabled",
    "Number of Seats": "5",
    "Door Count": "4/5",
    "Transmission": "Automatic",
    "Emission Class": "Euro6d",
    "First Registration": "03/2024",
    "Construction Year": "2024",
    "Number of Vehicle Owners": "1",
    "HU": "03/2027",
    "Climatisation": "Automatic climatisation, 3 zones",
    "Parking sensors": "Camera, Rear, Front, Self-steering systems",
    "Airbags": "Front and Side and More Airbags",
    "Colour (Manufacturer)": "Skyscraper Grau metallic",
    "Colour": "Grey Metallic",
    "Interior Design": "Full leather, Black",
    "Weight": "1,940 kg",
    "Tank capacity": "59 l"
  },
  "features": [
    "ABS",
    "Adaptive cornering lights",
    "Adaptive Cruise Control",
    "Alarm system",
    "Alloy wheels",
    "Ambient lighting",
    "Android Auto",
    "Apple CarPlay",
    "Arm rest",
    "Autom. dimming interior mirror",
    "Blind spot assist",
    "Bluetooth",
    "Central locking",
    "DAB radio",
    "Digital cockpit",
    "Distance warning system",
    "Dynamic chassis control",
    "Electric seat adjustment",
    "Electric side mirror",
    "Electric tailgate",
    "Electric windows",
    "Emergency brake assist",
    "Emergency call system",
    "ESP",
    "Fatigue warning system",
    "Four-wheel drive",
    "Glare-free high beam headlights",
    "Hands-free kit",
    "Head-up display",
    "Heated seats",
    "Heated steering wheel",
    "High beam assist",
    "Hill-start assist",
    "Immobilizer",
    "Induction charging for smartphones",
    "Isofix",
    "Keyless central locking",
    "Lane change assist",
    "Laser headlights",
    "Leather steering wheel",
    "LED running lights",
    "Light sensor",
    "Lumbar support",
    "Multifunction steering wheel",
    "Navigation system",
    "On-board computer",
    "Paddle shifters",
    "Particulate filter",
    "Power Steering",
    "Rain sensor",
    "Roof rack",
    "Sound system",
    "Speed limit control system",
    "Sport seats",
    "Sports package",
    "Sports suspension",
    "Start-stop system",
    "Tinted windows",
    "Touchscreen",
    "Traction control",
    "Traffic sign recognition",
    "Tuner/radio",
    "Tyre pressure monitoring",
    "USB port",
    "Voice control"
  ]
},
{
  "title": "BMW M3 xDrive Competition Touring Leder Park-Assiste",
  "previewImage": "https://img.classistatic.de/api/v1/mo-prod/images/e7/e735a296-f709-46aa-93f5-85d71920b475?rule=mo-1600.jpg",
  "category": "EstateCar",
  "brand": "BMW",
  "model": "M3",
  "url": "https://suchen.mobile.de/fahrzeuge/details.html?id=434093993",
  "price.total.amount": 101750,
  "priceRating": {
    "rating": "Fair price",
    "priceRanges": {
      "Very good price": {
        "start": 71101,
        "end": 92500
      },
      "Good price": {
        "start": 92501,
        "end": 99600
      },
      "Fair price": {
        "start": 99601,
        "end": 110700
      },
      "Increased price": {
        "start": 110701,
        "end": 118900
      },
      "High price": {
        "start": 118901,
        "end": 132100
      }
    }
  },
  "description": "Weitere Ausstattungen:\nGetriebe\nAutomatik\nTechnik\nAllrad\nBordcomputer\nSperrdifferential\nAdaptives Daempfungssystem\nStart-Stop-Automatik\nVolldigitales Kombiinstrument\nAssistenten\nMüdigkeitserkennung\nVerkehrszeichenerkennung\nPark-Lenk-Assistent\nRegensensor\nFernlichtassistent\nLichtsensor\nNotbremsassistent\nSpurhalteassistent\nSpurwechselassistent\nAbstandsregeltempomat\nAusparkassistent\nAbstands-/Kollisionswarner\nKomfort\nKlimaautomatik\nServolenkung\nZentralverriegelung\nElektrischer Fensterheber\nLederausstattung\nSitzheizung\nElektrische Aussenspiegel\nTempomat\nMultifunktionslenkrad\nElektrische Sitze\nInnenspiegel autom. abblendbar\nMittelarmlehne\nInnenraumfilter\nLenksaeule einstellbar\nSportsitze\nParkDistanceControl vorne und hinten\nklimatisierte Sitze\nKeyless Entry\nMemory Sitze\nAmbientebeleuchtung\nLordosenstütze\nLederlenkrad\nGeschwindigkeitsbegrenzungsanlage\nKlimaautomatik-3-Zonen\nSicht\nLED-Hauptscheinwerfer\nadaptives Kurvenlicht\nLED-Tagfahrlicht\n360 Grad Kamera\nHEAD-UP-Display\nLED-Rueckleuchten\nScheinwerferregulierung\nColorverglasung\nPrivacyverglasung\nSicherheit\nABS\nAirbag\nBeifahrer-Airbag\nWegfahrsperre\nSeitenairbags\nAlarmanlage\nESP\nAntriebsschlupfregelung\nReifendruckkontrolle\nTraktionskontrolle\nKopfairbag\nKnieairbag\nKindersitzbefestigung\nAnhängerstabilisierung\nNotrufsystem\nPannenkit\nEntertainment\nNavigationssystem\nSoundsystem\nRadio\nTelefonvorbereitung\nUSB-Anschluss\nMP3\nHarman-Kardon\nBluetooth\nFreisprecheinrichtung\nSprachsteuerung\nDAB\nWLAN\nTouchscreen\nInduktionsladen für Smartphones\nMusikstreaming\nUmwelt\nAbgasnorm Euro 6E\nGrüne Umweltplakette\nQualität\nGarantie\nScheckheftgepflegt\nHUAU neu\nNichtraucherfahrzeug\nSonstiges\nKatalysator\nMetallic\nAlufelgen\nDachreling\nSportpaket\nSportfahrwerk\nLenkradheizung\nFahrerprofilauswahl\nGepäckraumabtrennung\nCO2-Umfang\nAbgastechnik EU6d/e\nM Drive Professional\n19/20 M Schmiederäder Doppel\nLenkradheizung\nM Sportdifferenzial\nReifendruck-Kontrolle\nReifenpannenset\nAdaptives M Fahrwerk\nAlarmanlage\nKOMFORTZUGANG\nM Dachreling Hochglanz Shadow\nM Leuchten Shadow Line\nSONNENSCHUTZVERGLASUNG\nWARNDREIECK\nInnen- und Außenspiegelpaket\nInnenspiegel\nautomatisch abbl\naktive Sitzbelüftung vorn\nSitzverstellung\nelektrisch\nm\nLordosenstütze\nGalvanikapplikation für Bedien\nKLIMAAUTOMATIK\nAdaptiver LED-Scheinwerfer\nFERNLICHTASSISTENT\nActive Protection\nDRIVING ASSISTANT PROFESSIONAL\nPARKING ASSISTANT PLUS\nDAB-Tuner\nHarman Kardon Surround Sound S\ngesetzlicher Notruf\nConnecteddrive Services\nConnectedPackage Professional\nWireless Charging Ablage\nPersonal eSIM\nBMW Live Cockpit Professional\nSteuerung Infotainment\nM Sportsitze\nM Carbon Exterieurpaket\nM Hochglanz Shadow Line\nM Dachhimmel anthrazit\nM Drivers Package\nDeutschland-Ausführung\nÖlwartungsintervall - 24 Monat\nCOC Zusatzumfänge\nAktiver Fußgängerschutz\nDekodierung Zusatzfunktion\nSteuerung FAS 18\nSteuerung D\nUltimate Package\nM Brooklyn Grau metallic\nVollleder Merino Schwarz\nBereitstellung\nScheibenwischer mit Regensensor\nScheinwerfer LED\nKnieairbag Fahrerseite\nHeckleuchten LED\nAmbiente-Beleuchtung\nLeuchtweitenregelung\nMultifunktion für Lenkrad\nLenksäule (Lenkrad) mechan. verstellbar\nReifendruck-Kontrollsystem\nAnhänger-Stabilisierungs-Programm (ASL)\nKlimaautomatik 3-Zonen mit autom. Umluft-Control\nReifen-Reparaturset (Mobility-Pack)\nSportdifferential\nDachreling Hochglanz Shadow-Line\nLM-Felgen\nSchadstoffarm nach Abgasnorm Euro 6e\nAktives M Differential\nControl-Display mit Farbmonitor (14\n9 Zoll)\nAdaptives Fahrwerk M-Technic\nRadioempfang digital (DAB+)\nMotor 3\n0 Ltr. - 390 kW 24V\nPersonalisierungssystem (BMW ID)\nEinstiegsleisten mit Einleger in Aluminium mit Schriftzug M\nHead-up-Display Full Color\nAntriebsart: Allradantrieb\nSpiegel-Paket\nMotor 3\n0 Ltr. - 390 kW 24V TwinPower Turbo (S58)\nRückfahrkamera\nGeschwindigkeits-Regelanlage\nAktiv mit Stop&Go-Funktion\nMetallic-Lackierung M Brooklyn Grau\nAirbag Fahrer-/Beifahrerseite\nAnti-Blockier-System (ABS)\nSeitenairbag vorn\nKopf-Airbag-System hinten\nKopf-Airbag-System vorn\nLicht- und Regensensor\nService-System: Intelligenter Notruf inkl. TeleServices\nReifenpannen-Anzeige\nDynamische Stabilitäts-Control (DSC) mit erweiterter Umfang\nFreisprecheinrichtung Bluetooth mit USB-/Audio-Schnittstelle\nAutomatische Stabilitäts-Control (ASC)\nLichtassistent (Follow me home)\nRückfahrkamera (Top View)\nMetallic-Lackierung\n12V-Steckdose\nAblage-Paket\nActive Guard (Bremsassistent)\nAktive Sitzbelüftung vorn\naktiver Spurhalteassistent\nAmpel-Erkennung\nAntriebsart: xDrive (Allrad)\nAußenspiegel elektr. anklappbar\nAußenspiegel mit Abblendautomatik\nAußenspiegel rechts mit Bordsteinautomatik\nAusweich-Assistent\nAutomatik - mit Steptronic und Drivelogic (8-Stufen)\nBeifahrerairbag abschaltbar\nBlinkleuchte in Außenspiegel integriert\nBMW Curved Display\n\nInt.KnNr: 401697\nÄnderungen, Zwischenverkauf und Irrtümer vorbehalten.\nquality by dotzilla",
  "dealerDetails": {
    "id": 461817,
    "name": "Nefzger GmbH & Co. KG",
    "sellerType": "Dealer",
    "phones": [
      "+49 (0)30 8145175991"
    ],
    "languages": [
      "Deutsch",
      "English"
    ],
    "country": "DE",
    "address": "Nonnendammallee 62-64, DE-13629 Berlin-Siemensstadt",
    "location": {
      "latitude": 52.53686769999999,
      "longitude": 13.2558252
    },
    "activeSince": "2001-06-19T00:00:00.000Z",
    "homepageUrl": "https://home.mobile.de/home/redirect.html?customerId=461817",
    "iconUrl": "https://img.classistatic.de/api/v1/mo-prod/images/02/02c93533-d438-4f02-b900-dcd23f13f118?rule=mo-640.jpg",
    "reviewPageUrl": "https://www.mobile.de/bewertungen/NEFZGER?lang=en",
    "score": {
      "total": 4.2,
      "responseTime": 4.2,
      "friendliness": 4.4,
      "advice": 4
    },
    "activeRatingCount": 28,
    "vehicleAsDescribedPercentage": 95,
    "recommendPercentage": 78,
    "soldVehicleCount": null,
    "reviews": []
  },
  "attributes": {
    "Vehicle condition": "Used vehicle",
    "Category": "Estate car, Demonstration Vehicle",
    "Trim line": "m3",
    "Vehicle Number": "401697",
    "Availability": "Now",
    "Origin": "German edition",
    "Mileage": "5,559 km",
    "Cubic Capacity": "2,993 ccm",
    "Power": "390 kW (530 hp)",
    "Drive type": "Internal combustion engine",
    "Fuel": "Petrol",
    "CO₂ class": "Based on CO₂ emissions (combined)",
    "Fuel consumption": [
      "10.4 l/100km (combined)",
      "15.8 l/100km (city)",
      "10.3 l/100km (suburban)",
      "8.8 l/100km (country road)",
      "9.8 l/100km (motorway)"
    ],
    "Energy costs for 15,000 km annual mileage": "€2,802/Year",
    "Fuel price": "€1.80/l (annual average 2024)",
    "Possible CO₂ costs over the next 10 years (15,000 km/year)": [
      "€4,477 (assuming an average CO₂ price of €127/t)",
      "€2,115 (assuming a low average CO₂ price of €60/t)",
      "€7,050 (assuming a high average CO₂ price of €200/t)"
    ],
    "Vehicle tax": "€480/Year",
    "Number of Seats": "5",
    "Door Count": "4/5",
    "Transmission": "Automatic",
    "Emission Class": "Euro 6e",
    "Emissions Sticker": "4 (Green)",
    "First Registration": "11/2024",
    "Construction Year": "2024",
    "Number of Vehicle Owners": "1",
    "HU": "New",
    "Climatisation": "Automatic climatisation, 3 zones",
    "Parking sensors": "360° camera, Rear, Front, Self-steering systems",
    "Airbags": "Front and Side and More Airbags",
    "Colour (Manufacturer)": "Brooklyn Grau metallic",
    "Colour": "Grey Metallic",
    "Interior Design": "Full leather, Black",
    "Cylinders": "6",
    "Energy consumption (comb.)": "10.4 l/100km",
    "CO₂ emissions (comb.)": "235 g/km"
  },
  "features": [
    "ABS",
    "Adaptive cornering lights",
    "Adaptive Cruise Control",
    "Alarm system",
    "Alloy wheels",
    "Ambient lighting",
    "Arm rest",
    "Autom. dimming interior mirror",
    "Bluetooth",
    "Cargo barrier",
    "Central locking",
    "DAB radio",
    "Digital cockpit",
    "Distance warning system",
    "Dynamic chassis control",
    "Electric seat adjustment",
    "Electric side mirror",
    "Electric windows",
    "Eletric seat adjustment with memory function",
    "Emergency brake assist",
    "Emergency call system",
    "Emergency tyre repair kit",
    "ESP",
    "Fatigue warning system",
    "Folding exterior mirrors",
    "Four-wheel drive",
    "Full Service History",
    "Hands-free kit",
    "Head-up display",
    "Heated seats",
    "Heated steering wheel",
    "High beam assist",
    "Immobilizer",
    "Induction charging for smartphones",
    "Integrated music streaming",
    "Isofix",
    "Keyless central locking",
    "Lane change assist",
    "Leather steering wheel",
    "LED headlights",
    "LED running lights",
    "Light sensor",
    "Lumbar support",
    "Multifunction steering wheel",
    "Navigation system",
    "Non-smoker vehicle",
    "On-board computer",
    "Power Steering",
    "Rain sensor",
    "Rear traffic alert",
    "Roof rack",
    "Seat ventilation",
    "Sound system",
    "Speed limit control system",
    "Sport seats",
    "Sports package",
    "Sports suspension",
    "Start-stop system",
    "Tinted windows",
    "Touchscreen",
    "Traction control",
    "Traffic sign recognition",
    "Tuner/radio",
    "Tyre pressure monitoring",
    "USB port",
    "Voice control",
    "Warranty",
    "WLAN / Wi-Fi hotspot"
  ]
},
{
  "title": "BMW M3 Competion M xDrive Touring Innovationsp.",
  "previewImage": "https://img.classistatic.de/api/v1/mo-prod/images/66/6652eb20-837e-42c9-a22b-dc4ac92f3147?rule=mo-1600.jpg",
  "category": "EstateCar",
  "brand": "BMW",
  "model": "M3",
  "url": "https://suchen.mobile.de/fahrzeuge/details.html?id=428336024",
  "price.total.amount": 101639.99,
  "priceRating": {
    "rating": "Good price",
    "priceRanges": {
      "Very good price": {
        "start": 74501,
        "end": 96800
      },
      "Good price": {
        "start": 96801,
        "end": 104300
      },
      "Fair price": {
        "start": 104301,
        "end": 116000
      },
      "Increased price": {
        "start": 116001,
        "end": 124500
      },
      "High price": {
        "start": 124501,
        "end": 138300
      }
    }
  },
  "description": "Ausstattung\nAbstandstempomat, LED-Scheinwerfer, M Drivers Package, Innovationspaket, M Interieurleisten Carbon Fibre, Parking Assistant Plus, Instrumententafel Luxury, 19\"/20\" M Schmiederäder Doppelspeiche 825 M Silber, M Combound-Bremse Schwarz hochglänzend, Fernlichtassistent\n\nIrrtümer und Zwischenverkauf vorbehalten.\n(MOJS 24.08.2025 00.25)",
  "dealerDetails": {
    "id": 456441,
    "name": "AHAG BMW und Mini Vertragshändler",
    "sellerType": "Dealer",
    "phones": [
      "+49 (0)209 5130409405"
    ],
    "languages": [
      "Deutsch",
      "Български",
      "English",
      "Italiano",
      "Türkçe",
      "Nederlands"
    ],
    "country": "DE",
    "address": "Kurt-Schumacher-Straße 382, DE-45897 Gelsenkirchen",
    "location": {
      "latitude": 51.5752504,
      "longitude": 7.0585741
    },
    "activeSince": "2001-12-21T00:00:00.000Z",
    "homepageUrl": "https://home.mobile.de/home/redirect.html?customerId=456441",
    "iconUrl": "https://img.classistatic.de/api/v1/mo-prod/images/4e/4ec01c49-f950-4048-84c3-11da67b45543?rule=mo-640.jpg",
    "reviewPageUrl": "https://www.mobile.de/bewertungen/AHAG-AUTOMOBILE?lang=en",
    "score": {
      "total": 4.4,
      "responseTime": 4.4,
      "friendliness": 4.6,
      "advice": 4.2
    },
    "activeRatingCount": 38,
    "vehicleAsDescribedPercentage": 90,
    "recommendPercentage": 83,
    "soldVehicleCount": null,
    "reviews": []
  },
  "attributes": {
    "Vehicle condition": "New vehicle, Accident-free",
    "Category": "Estate car",
    "Model range": "G81",
    "Trim line": "M3",
    "Vehicle Number": "2320258",
    "Availability": "Now",
    "Origin": "German edition",
    "Mileage": "0 km",
    "Cubic Capacity": "2,993 ccm",
    "Power": "390 kW (530 hp)",
    "Drive type": "Internal combustion engine",
    "Fuel": "Petrol, E10-enabled",
    "CO₂ class": "Based on CO₂ emissions (combined)",
    "Fuel consumption": [
      "10.4 l/100km (combined)"
    ],
    "Energy costs for 15,000 km annual mileage": "€2,802/Year",
    "Fuel price": "€1.80/l (annual average 2025)",
    "Vehicle tax": "€476/Year",
    "Number of Seats": "5",
    "Door Count": "4/5",
    "Transmission": "Automatic",
    "Emission Class": "Euro6d",
    "Emissions Sticker": "4 (Green)",
    "Climatisation": "Automatic air conditioning",
    "Parking sensors": "Self-steering systems, Rear, 360° camera, Front",
    "Airbags": "Front and Side and More Airbags",
    "Colour (Manufacturer)": "BMW Individual Tansanitblau",
    "Colour": "Blue",
    "Interior Design": "Full leather, Black",
    "Weight": "1,940 kg",
    "Cylinders": "6",
    "Energy consumption (comb.)": "10.4 l/100km",
    "CO₂ emissions (comb.)": "234 g/km"
  },
  "features": [
    "ABS",
    "Adaptive cornering lights",
    "Adaptive Cruise Control",
    "Alarm system",
    "Alloy wheels",
    "Autom. dimming interior mirror",
    "Bluetooth",
    "Cargo barrier",
    "Central locking",
    "DAB radio",
    "Digital cockpit",
    "Distance warning system",
    "Dynamic chassis control",
    "Electric seat adjustment",
    "Electric side mirror",
    "Electric tailgate",
    "Electric windows",
    "Emergency brake assist",
    "ESP",
    "Four-wheel drive",
    "Glare-free high beam headlights",
    "Hands-free kit",
    "Head-up display",
    "Heated seats",
    "High beam assist",
    "Immobilizer",
    "Isofix",
    "Lane change assist",
    "LED headlights",
    "LED running lights",
    "Light sensor",
    "Lumbar support",
    "Multifunction steering wheel",
    "Navigation system",
    "On-board computer",
    "Particulate filter",
    "Power Steering",
    "Rain sensor",
    "Roof rack",
    "Sound system",
    "Speed limit control system",
    "Sport seats",
    "Sports suspension",
    "Start-stop system",
    "Traction control",
    "Tuner/radio",
    "Tyre pressure monitoring",
    "USB port",
    "Voice control"
  ]
},
{
  "title": "BMW M3 Competition xDr DriverCarbon Ex",
  "previewImage": "https://img.classistatic.de/api/v1/mo-prod/images/22/2288437c-4512-4aab-94c7-8c580bb978a3?rule=mo-1600.jpg",
  "category": "Limousine",
  "brand": "BMW",
  "model": "M3",
  "url": "https://suchen.mobile.de/fahrzeuge/details.html?id=434189057",
  "price.total.amount": 101800,
  "priceRating": {
    "rating": "Fair price",
    "priceRanges": {
      "Very good price": {
        "start": 66401,
        "end": 86400
      },
      "Good price": {
        "start": 86401,
        "end": 93000
      },
      "Fair price": {
        "start": 93001,
        "end": 103400
      },
      "Increased price": {
        "start": 103401,
        "end": 111000
      },
      "High price": {
        "start": 111001,
        "end": 123400
      }
    }
  },
  "description": "Fahrzeug Nummer für Anfragen: 12179\n0171 4781105\n\nDeutsches Fahrzeug\nInspektionsnachweise vorhanden \n\n01MB M DRIVE PROFESSIONAL\n01U0 BMW LM Rad 826M JB\n0248 Lenkradheizung\n02PA Radschraubensicherung\n02T4 M Sportdifferenzial\n02VB Reifendruckanzeige\n02VC Reifenreparatur-Set\n02VF Adaptives M Fahrwerk\n0302 Alarmanlage\n0316 Automatische Heckklappenbetätigung\n0322 Komfortzugang\n03KA Akustik Komfort Verglasung\n03M6 M COMPOUND-BREMSE, SCHWARZ HOCHGL.\n03MF BMW INDIVIDUAL LEUCHTEN SHADOW LINE\n0420 Abgedunkelte Verglasung\n0428 Warndreieck und Verbandstasche\n0430 Innen-/Aussensp. mit Abblendautomatik\n0431 Innenspiegel automatisch abblendend\n0453 Klimatisierte Sitze vorne\n0459 Sitzverstellung elektrisch mit Memory\n0488 Lordosenstütze Fahrer u. Beifahrer\n0493 Ablagenpaket\n0494 Sitzheizung Fahrer/Beifahrer\n04GQ M Sicherheitsgurte\n04MC Interieurleisten Carbon Fibre\n04NE Blow-by-Heizer\n04U0 Galvanikapplikation Bedienelemente\n0534 Klimaautomatik\n0548 Kilometertacho\n0552 Adaptiver LED-Scheinwerfer\n05AC Fernlichtassistent\n05AU Driving Assistant Professional\n05AV Active Guard\n05DA Deaktivierung Airbag Beifahrer\n05DC Kopfstützen im Fond klappbar\n05DN Parkassistenzsystem Plus\n0654 DAB-Tuner (DAB+ fähig)\n0688 Harman/Kardon Surround Sound System\n06AE Teleservices\n06AF Gesetzlicher Notruf\n06AK Connected Drive Services\n06C4 Connected Package Professional\n06NX Storage tray wireless charging\n06PA Personal eSIM\n06U3 BMW Live Cockpit Professional\n06VB Steuerung Infotainment\n0712 M Sportsitz\n071C M Exterieurpaket Carbon\n0760 Hochglanz Shadow-Line\n0775 Dachhimmel anthrazit\n07M9 M Hochglanz Shadow Line mit erweiterten Umfängen\n07ME M Driver's Package\nIrrtümer und Zwischenverkauf vorbehalten \nErsparen Sie sich lange Wartezeiten und nutzen Sie Ihre wertvolle Zeit optimal: vereinbaren Sie einen Termin für eine persönliche Beratung oder Probefahrt. Wir freuen uns darauf, Sie individuell betreuen zu können und Ihnen ein erstklassiges Autoerlebnis zu bieten.\nDie Fahrzeugbeschreibung dient lediglich der allgemeinen Identifizierung des Fahrzeuges und stellt keine Gewährleistung im kaufrechtlichen Sinne dar!",
  "dealerDetails": {
    "id": 457660,
    "name": "Autohandel Dayan GmbH Semih Dayan",
    "sellerType": "Dealer",
    "phones": [
      "+49 (0)2561 968199330"
    ],
    "languages": [
      "Deutsch",
      "العربية",
      "English",
      "Türkçe"
    ],
    "country": "DE",
    "address": "Dieselstrasse 19, DE-48683 Ahaus",
    "location": {
      "latitude": 52.0840865,
      "longitude": 7.0277331
    },
    "activeSince": "2000-03-21T00:00:00.000Z",
    "homepageUrl": "https://home.mobile.de/home/redirect.html?customerId=457660",
    "iconUrl": null,
    "reviewPageUrl": "https://www.mobile.de/bewertungen/DAYAN?lang=en",
    "score": {
      "total": 4.3,
      "responseTime": 4.4,
      "friendliness": 4.4,
      "advice": 4.2
    },
    "activeRatingCount": 30,
    "vehicleAsDescribedPercentage": 95,
    "recommendPercentage": 75,
    "soldVehicleCount": null,
    "reviews": []
  },
  "attributes": {
    "Vehicle condition": "Used vehicle, Accident-free",
    "Category": "Saloon",
    "Vehicle Number": "12179 Phone 0171 4781105",
    "Origin": "German edition",
    "Mileage": "6,901 km",
    "Cubic Capacity": "2,993 ccm",
    "Power": "390 kW (530 hp)",
    "Drive type": "Internal combustion engine",
    "Fuel": "Petrol",
    "Number of Seats": "5",
    "Door Count": "4/5",
    "Transmission": "Automatic",
    "Emission Class": "Euro6d",
    "Emissions Sticker": "4 (Green)",
    "First Registration": "01/2025",
    "Number of Vehicle Owners": "1",
    "HU": "01/2028",
    "Climatisation": "Automatic climatisation, 3 zones",
    "Parking sensors": "Front, Self-steering systems, Rear, 360° camera",
    "Airbags": "Front and Side and More Airbags",
    "Colour (Manufacturer)": "saphirschwarz-metallic",
    "Colour": "Black",
    "Interior Design": "Full leather, Black",
    "Cylinders": "6"
  },
  "features": [
    "ABS",
    "Adaptive cornering lights",
    "Adaptive Cruise Control",
    "Alarm system",
    "Alloy wheels",
    "Ambient lighting",
    "Android Auto",
    "Apple CarPlay",
    "Arm rest",
    "Autom. dimming interior mirror",
    "Blind spot assist",
    "Bluetooth",
    "Cargo barrier",
    "Central locking",
    "DAB radio",
    "Digital cockpit",
    "Distance warning system",
    "Electric seat adjustment",
    "Electric side mirror",
    "Electric tailgate",
    "Electric windows",
    "Eletric seat adjustment with memory function",
    "Emergency brake assist",
    "Emergency call system",
    "ESP",
    "Fatigue warning system",
    "Folding exterior mirrors",
    "Four-wheel drive",
    "Full Service History",
    "Hands-free kit",
    "Head-up display",
    "Heated rear seats",
    "Heated seats",
    "High beam assist",
    "Hill-start assist",
    "Immobilizer",
    "Induction charging for smartphones",
    "Integrated music streaming",
    "Isofix",
    "Keyless central locking",
    "Lane change assist",
    "Leather steering wheel",
    "LED running lights",
    "Light sensor",
    "Lumbar support",
    "Multifunction steering wheel",
    "Navigation system",
    "On-board computer",
    "Paddle shifters",
    "Particulate filter",
    "Power Steering",
    "Rain sensor",
    "Sound system",
    "Speed limit control system",
    "Sport seats",
    "Sports package",
    "Sports suspension",
    "Start-stop system",
    "Tinted windows",
    "Touchscreen",
    "Traction control",
    "Traffic sign recognition",
    "Tuner/radio",
    "Tyre pressure monitoring",
    "USB port",
    "Voice control",
    "Warranty",
    "Winter package"
  ]
},
{
  "title": "BMW M3 Competition Driv.Assist.Prof Harman/K Kamera",
  "previewImage": "https://img.classistatic.de/api/v1/mo-prod/images/c8/c8f7fcbf-3529-44f7-899b-c69c5eb73b6a?rule=mo-1600.jpg",
  "category": "Limousine",
  "brand": "BMW",
  "model": "M3",
  "url": "https://suchen.mobile.de/fahrzeuge/details.html?id=432835941",
  "price.total.amount": 101290,
  "priceRating": {
    "rating": "Increased price",
    "priceRanges": {
      "Very good price": {
        "start": 62701,
        "end": 81500
      },
      "Good price": {
        "start": 81501,
        "end": 87800
      },
      "Fair price": {
        "start": 87801,
        "end": 97700
      },
      "Increased price": {
        "start": 97701,
        "end": 104800
      },
      "High price": {
        "start": 104801,
        "end": 116500
      }
    }
  },
  "description": "Gerne informiert Sie einer unserer Verkaufsberater, vor Besuch unserer Niederlassung, über die Verfügbarkeit des gewünschten Fahrzeuges. In diesem Zuge vereinbaren Sie gerne auch Ihren persönlichen Beratungstermin.Vielen Dank, ihr Verkaufsteam!\n\nAntrieb, Fahrwerk\nAdaptives M Fahrwerk\nM Sportdifferenzial\n\nEditionen und Pakete\nAblagenpaket\nConnected Package Professional (laufzeitgebundener Dienst)\nConnectedDrive Services (laufzeitgebundener Dienst)\nInnovationspaket\n\nFahrerassistenz\nDriving Assistant Professional\nGesetzlicher Notruf\nParking Assistant Plus\n\nIndividualumfänge\nM Hochglanz Shadow Line\nM Hochglanz Shadow Line mit erweiterten Umfängen\n\nKomfort, Innenausstattung\nAkustikverglasung\nAutomatische Heckklappenbetätigung\nAutomatische Verriegelung beim Anfahren\nFondkopfstützen klappbar\nGalvanikapplikation für Bedienelemente\nInnen- und Außenspiegelpaket\nKlimaautomatik\nKomfortzugang\nLenkradheizung\nLordosenstütze für Fahrer und Beifahrer\nM Interieurleisten 'Carbon Fibre'\nM Sicherheitsgurte\nM Sportsitze\nSitzheizung für Fahrer und Beifahrer\nSitzverstellung elektrisch\nSitzverstellung elektrisch mit Memory für Fahrersitz\nSonnenschutzverglasung\n\nMultimedia\nBMW Live Cockpit Professional (laufzeitgebundener Dienst)\nDAB Tuner\nHarman Kardon Surround Sound System\n\nSitzbezug\nLeder Merino Schwarz/Schwarz\n\nSonstiges\n19\"/20\" M Schmiederäder Doppelspeiche 826 M Bicolor Schwarz / MB\nAblage für Wireless Charging\nABS\nActive Guard\nBlow by-Heizer\nBMW Apps\nIndividual\nInstrumententafel Luxury\nKlimaanlage oder -automatik\nLeder\nLordose\nM Compound-Bremse, rot hochglänzend\nM Drive Professional\nM Leuchten Shadow Line\nPersonal eSIM\nSitzheizung\nSportfahrwerk\nUnfallfrei\n\nUmwelt, Sicherheit\nAbgasnorm EU6 RDE II\nActive Protection\nAdaptiver LED-Scheinwerfer\nAktiver Fußgängerschutz\nAlarmanlage mit Fernbedienung\nBeifahrerairbag-Deaktivierung\nFernlichtassistent\nInnenspiegel automatisch abblendend\nReifendruck-Kontrolle\n\nehemal. Neupreis Euro 111.370 (brutto)\n\nBitte haben Sie Verständnis dafür, dass es sich bei den ausgewiesenen Angebotspreisen um Festpreise handelt.Vielen Dank, Ihr Verkaufsteam!Irrtümer und Zwischenverkauf vorbehalten.",
  "dealerDetails": {
    "id": 452744,
    "name": "BMW AG Niederlassung Dreieich",
    "sellerType": "Dealer",
    "phones": [
      "+49 (0)6103 374784125"
    ],
    "languages": [
      "Deutsch",
      "Slovenščina",
      "English",
      "Italiano",
      "Français",
      "Türkçe"
    ],
    "country": "DE",
    "address": "Gustav-Otto-Straße 1, DE-63303 Dreieich-Sprendlingen",
    "location": {
      "latitude": 50.0336698,
      "longitude": 8.7025703
    },
    "activeSince": "2003-05-27T00:00:00.000Z",
    "homepageUrl": "https://home.mobile.de/home/redirect.html?customerId=452744",
    "iconUrl": "https://img.classistatic.de/api/v1/mo-prod/images/01/0194d669-b138-435c-ac6b-bda3563b75fe?rule=mo-640.jpg",
    "reviewPageUrl": "https://www.mobile.de/bewertungen/BMW-GROUP-DREIEICH?lang=en",
    "score": {
      "total": 4.4,
      "responseTime": 4.5,
      "friendliness": 4.5,
      "advice": 4.2
    },
    "activeRatingCount": 116,
    "vehicleAsDescribedPercentage": 87,
    "recommendPercentage": 85,
    "soldVehicleCount": null,
    "reviews": []
  },
  "attributes": {
    "Vehicle condition": "Used vehicle",
    "Category": "Saloon, Employee's Car",
    "Model range": "M3",
    "Trim line": "Driv.Assist.Prof Harman/K Kamera",
    "Vehicle Number": "XE591477",
    "Availability": "Now",
    "Mileage": "12,268 km",
    "Cubic Capacity": "2,993 ccm",
    "Power": "375 kW (510 hp)",
    "Drive type": "Internal combustion engine",
    "Fuel": "Petrol, E10-enabled",
    "CO₂ class": "Based on CO₂ emissions (combined)",
    "Fuel consumption": [
      "9.9 l/100km (combined)",
      "15.2 l/100km (city)",
      "9.9 l/100km (suburban)",
      "8.4 l/100km (country road)",
      "9.1 l/100km (motorway)"
    ],
    "Energy costs for 15,000 km annual mileage": "€0/Year",
    "Fuel price": "€1.80/l (annual average 2024)",
    "Possible CO₂ costs over the next 10 years (15,000 km/year)": [
      "€0 (assuming an average CO₂ price of €127/t)",
      "€0 (assuming a low average CO₂ price of €60/t)",
      "€0 (assuming a high average CO₂ price of €200/t)"
    ],
    "Number of Seats": "5",
    "Door Count": "4/5",
    "Transmission": "Automatic",
    "Emission Class": "Euro6",
    "Emissions Sticker": "4 (Green)",
    "First Registration": "04/2025",
    "Construction Year": "2025",
    "Number of Vehicle Owners": "1",
    "HU": "04/2028",
    "Climatisation": "Automatic climatisation, 2 zones",
    "Parking sensors": "360° camera, Self-steering systems, Front, Rear",
    "Airbags": "Front and Side and More Airbags",
    "Colour (Manufacturer)": "Alpinweiß uni",
    "Colour": "White",
    "Interior Design": "Full leather, Black",
    "Energy consumption (comb.)": "9.9 l/100km",
    "CO₂ emissions (comb.)": "222 g/km"
  },
  "features": [
    "ABS",
    "Adaptive cornering lights",
    "Adaptive Cruise Control",
    "Alarm system",
    "Alloy wheels",
    "Arm rest",
    "Autom. dimming interior mirror",
    "Blind spot assist",
    "Bluetooth",
    "Central locking",
    "DAB radio",
    "Digital cockpit",
    "Distance warning system",
    "Dynamic chassis control",
    "Electric seat adjustment",
    "Electric side mirror",
    "Electric tailgate",
    "Electric windows",
    "Eletric seat adjustment with memory function",
    "Emergency brake assist",
    "Emergency call system",
    "ESP",
    "Fatigue warning system",
    "Full Service History",
    "Glare-free high beam headlights",
    "Hands-free kit",
    "Heated seats",
    "Heated steering wheel",
    "High beam assist",
    "Hill-start assist",
    "Immobilizer",
    "Induction charging for smartphones",
    "Isofix",
    "Keyless central locking",
    "Lane change assist",
    "Leather steering wheel",
    "LED headlights",
    "LED running lights",
    "Light sensor",
    "Lumbar support",
    "Multifunction steering wheel",
    "Navigation system",
    "On-board computer",
    "Paddle shifters",
    "Power Steering",
    "Rain sensor",
    "Sound system",
    "Speed limit control system",
    "Sport seats",
    "Sports package",
    "Sports suspension",
    "Start-stop system",
    "Summer tyres",
    "Tinted windows",
    "Touchscreen",
    "Traction control",
    "Traffic sign recognition",
    "Tuner/radio",
    "Tyre pressure monitoring",
    "USB port",
    "Voice control",
    "Warranty"
  ]
},
{
  "title": "BMW M3 Competition xDrive Limousine [ACC, HUD, RFK]",
  "previewImage": "https://img.classistatic.de/api/v1/mo-prod/images/81/81e7535b-e136-4a79-a504-c94e7f97ae82?rule=mo-1600.jpg",
  "category": "Limousine",
  "brand": "BMW",
  "model": "M3",
  "url": "https://suchen.mobile.de/fahrzeuge/details.html?id=407839658",
  "price.total.amount": 100877,
  "priceRating": {
    "rating": "Good price",
    "priceRanges": {
      "Very good price": {
        "start": 75601,
        "end": 98300
      },
      "Good price": {
        "start": 98301,
        "end": 105800
      },
      "Fair price": {
        "start": 105801,
        "end": 117700
      },
      "Increased price": {
        "start": 117701,
        "end": 126400
      },
      "High price": {
        "start": 126401,
        "end": 140400
      }
    }
  },
  "description": "Antrieb, Fahrwerk\nAdaptives M Fahrwerk\nAllrad\nBremsanlage: Compound - M Bremssystem (Bremssättel Schwarz)\nM Drive Professional\nM Sportdifferential\nSportfahrwerk\n\nAußenausstattung\nLM-Felgen\n\nEditionen und Pakete\nAblagenpaket\nConnectedDrive Services (laufzeitgebundener Dienst)\nConnectedPackage Professional (laufzeitgebundener Dienst)\nInnovations-Paket (2)\n\nFahrerassistenz\nFahrassistenz-System: Driving Assistant Professional\nGesetzlicher Notruf\nHead-Up Display\nParkassistent-Paket Plus\nRückfahrkamera\nTeleServices\n\nIndividualumfänge\nBMW Individual Hochglanz Shadow Line\nBMW Individual Hochglanz Shadow Line mit erweiterten Umfängen\nDachhimmel Individual anthrazit\nScheinwerfer BMW Individual Shadow-Line\n\nKomfort, Innenausstattung\nAktive Sitzbelüftung vorn\nAmbiente-Beleuchtung\nAußenspiegel elektr. anklappbar\nBMW Live Cockpit Professional\nDurchladeeinrichtung (Mittelarmlehne hinten)\nDurchladesystem\nEinparkhilfe selbstlenkendes System\nFahrassistenz-System: Einparkhilfe Seite\nFahrassistenz-System: Park-Assistent\nFensterheber elektrisch vorn + hinten\nFensterheber, elektrisch\nFondkopfstützen klappbar\nFreisprecheinrichtung Bluetooth mit USB-/Audio-Schnittstelle\nGalvanikapplikation für Bedienelemente\nGeschwindigkeits-Regelanlage mit Bremsfunktion\nHead-up-Display Full Color\nHeckklappenbetätigung automatisch\nInduktionsladeschale für Smartphone (Wireless Charging)\nInnen- und Aussenspiegel automatisch abblendend\nInnenausstattung: Interieurleisten Carbon\nInnenspiegel mit Abblendautomatik\nIsofix-Aufnahmen für Kindersitz\nKeyless Entry\nKlimaautomatic\nKlimaautomatik 3-Zonen mit autom. Umluft-Control\nKomfortzugang (Öffnungs- und Schließsystem)\nLeder\nLederlenkrad\nLendenwirbelstütze Sitz vorn links und rechts, elektr. verstellbar\nLenkrad (Leder) mit Multifunktion M-Technic\nLenkrad heizbar\nLicht- und Regensensor\nLordose\nLordosenstuetze fuer Fahrer und Beifahrer\nM Sicherheitsgurte\nM Sportsitze\nMultifunktion für Lenkrad\nMultifunktionslenkrad\nRadioempfang digital (DAB+)\nScheibenwischer mit Regensensor\nService-System: Augmented Reality für Navigation\nSitze vorn elektr. verstellbar (mit Memory)\nSitzheizung fuer Fahrer und Beifahrer\nSitzheizung vorn\nSitzverstellung, elektrisch mit Memory\nSonnenschutzverglasung\nSound-System Harman-Kardon\nSportsitze\nStart/Stop-Anlage (Funktion)\nTempomat\nZentralverriegelung\nZentralverriegelung mit Diebstahlsicherung und Crashsensor\n\nMultimedia\nBluetooth\nBMW Live Cockpit Professional (laufzeitgebundener Dienst)\nDAB Tuner\nFreisprecheinrichtung\nHarman Kardon Surround Sound System\nNavigationssystem\nRadio\nTelefon\nUSB Schnittstelle\n\nRäder\nAlufelgen\nLM-Felgen vorn/hinten: 9,5x19 / 10,5x20 (Doppelspeichen 826 M, Bicolor, Schwarz)\nRadschraubensicherung\nReifenreparatur-Set\n\nSicherheit/Umwelt\nAirbag Beifahrerseite abschaltbar\nAirbag Fahrer-/Beifahrerseite\nAlarmanlage\nAnti-Blockier-System (ABS)\nAntriebsart: Allradantrieb\nAntriebsart: xDrive (Allrad)\nDiebstahl-Warnanlage\nDynamische Stabilitäts-Control (DSC)\nDynamische Stabilitäts-Control (DSC) mit erweiterter Umfang\nFahrassistenz-System: Active Guard (Bremsassistent)\nFahrassistenz-System: Rückfahrhilfe Notbremsfunktion (Active PDC)\n\nSitzbezug\nVollleder Merino Silverstone/Schwarz\n\nSonstiges\nAblage für Wireless Charging \nActive Guard\nBlow by-Heizer\nBMW Individuallackierung Dravit-Grau Metallic\nCO2-Umfang\nDekodierung Zusatzfunktionen\nDeutsch / Bordliteratur\nDeutschland-Ausfuehrung\nElektrisch verstellbare Spiegel\nEU-spezifische Zusatzumfaenge\nKältemittel\nKilometertacho\nÖlwartungsintervall 24 Monate/30.000 km\nPersonal eSIM \nReifendruckkontrollsystem\nSitzbezug / Polsterung: Voll-Leder Merino Silverstone / Schwarz\nSteuerung Infotainment\nSteuerung Karosserie\n\nUmwelt, Sicherheit\nAbgasnorm EU6 RDE II\nABS\nAktiver Fussgängerschutz\nAlarmanlage\nAuto Start/Stop Funktion \nBeifahrerairbag\nBeifahrerairbag-Deaktivierung\nDiebstahlwarnanlage\nESP\nFahrassistenz-System: Fernlichtassistent\nFahrerairbag\nInnenspiegel, automatisch abblendend\nKindersitzbefestigung ISOFIX\nKopfairbag\nLED-Scheinwerfer\nLichtsensor\nNotbremsassistent\nPASM\nRegensensor\nReifen Druck Control\nScheinwerfer LED mit adaptiver Lichtverteilung\nSeitenairbag\nTraction Control\nWarndreieck\nWir unterbreiten Ihnen gerne ein auf Sie zugeschnittenes Finanzierungs- oder Leasingangebot der BMW-Bank. Fahrzeug Inzahlungnahme auf Anfrage möglich. \nBei Fragen kontaktieren Sie einfach unser kompetentes Verkaufsteam. \nIrrtum und Zwischenverkauf vorbehalten! Irrtümer und Zwischenverkauf vorbehalten.",
  "dealerDetails": {
    "id": 463975,
    "name": "Hubauer GmbH (BMW Vertragshändler, MINI Agent)",
    "sellerType": "Dealer",
    "phones": [
      "+49 (0)871 2065912547"
    ],
    "languages": [
      "Deutsch",
      "English"
    ],
    "country": "DE",
    "address": "Ingolstädter Str. 19, DE-84030 Landshut",
    "location": {
      "latitude": 48.5633675,
      "longitude": 12.136574
    },
    "activeSince": "2001-12-04T00:00:00.000Z",
    "homepageUrl": "https://home.mobile.de/home/redirect.html?customerId=463975",
    "iconUrl": null,
    "reviewPageUrl": "https://www.mobile.de/bewertungen/HUBAUER-GMBH?lang=en",
    "score": {
      "total": 4.3,
      "responseTime": 4.5,
      "friendliness": 4.3,
      "advice": 4.1
    },
    "activeRatingCount": 31,
    "vehicleAsDescribedPercentage": 88,
    "recommendPercentage": 85,
    "soldVehicleCount": null,
    "reviews": []
  },
  "attributes": {
    "Vehicle condition": "New vehicle, Accident-free",
    "Category": "Saloon",
    "Model range": "G80",
    "Trim line": "xDrive Limousine [ACC, HUD, RFK]",
    "Vehicle Number": "2231805",
    "Availability": "Now",
    "Origin": "German edition",
    "Mileage": "5 km",
    "Cubic Capacity": "2,993 ccm",
    "Power": "390 kW (530 hp)",
    "Drive type": "Internal combustion engine",
    "Fuel": "Petrol, E10-enabled",
    "CO₂ class": "Based on CO₂ emissions (combined)",
    "Fuel consumption": [
      "10.2 l/100km (combined)",
      "15.4 l/100km (city)",
      "10.1 l/100km (suburban)",
      "8.7 l/100km (country road)",
      "9.5 l/100km (motorway)"
    ],
    "Energy costs for 15,000 km annual mileage": "€2,748/Year",
    "Fuel price": "€1.80/l (annual average 2024)",
    "Possible CO₂ costs over the next 10 years (15,000 km/year)": [
      "€4,382 (assuming an average CO₂ price of €127/t)",
      "€2,070 (assuming a low average CO₂ price of €60/t)",
      "€6,900 (assuming a high average CO₂ price of €200/t)"
    ],
    "Vehicle tax": "€460/Year",
    "Number of Seats": "5",
    "Door Count": "4/5",
    "Transmission": "Automatic",
    "Emission Class": "Euro6",
    "Emissions Sticker": "4 (Green)",
    "Construction Year": "2024",
    "Number of Vehicle Owners": "0",
    "HU": "New",
    "Climatisation": "Automatic climatisation, 3 zones",
    "Parking sensors": "Self-steering systems, Rear, 360° camera, Front",
    "Airbags": "Front and Side and More Airbags",
    "Colour (Manufacturer)": "Dravitgrau",
    "Colour": "Grey Metallic",
    "Interior Design": "Full leather, Other",
    "Weight": "1,855 kg",
    "Tank capacity": "59 l",
    "Energy consumption (comb.)": "10.2 l/100km",
    "CO₂ emissions (comb.)": "230 g/km"
  },
  "features": [
    "ABS",
    "Adaptive cornering lights",
    "Adaptive Cruise Control",
    "Alarm system",
    "Alloy wheels",
    "Ambient lighting",
    "Apple CarPlay",
    "Autom. dimming interior mirror",
    "Blind spot assist",
    "Bluetooth",
    "CD player",
    "Central locking",
    "DAB radio",
    "Digital cockpit",
    "Distance warning system",
    "Electric seat adjustment",
    "Electric side mirror",
    "Electric tailgate",
    "Electric windows",
    "Emergency brake assist",
    "Emergency call system",
    "ESP",
    "Fatigue warning system",
    "Four-wheel drive",
    "Glare-free high beam headlights",
    "Hands-free kit",
    "Head-up display",
    "Heated seats",
    "Heated steering wheel",
    "High beam assist",
    "Hill-start assist",
    "Immobilizer",
    "Induction charging for smartphones",
    "Isofix",
    "Keyless central locking",
    "Lane change assist",
    "Leather steering wheel",
    "LED headlights",
    "LED running lights",
    "Light sensor",
    "Lumbar support",
    "Multifunction steering wheel",
    "Navigation system",
    "On-board computer",
    "Paddle shifters",
    "Particulate filter",
    "Power Steering",
    "Rain sensor",
    "Seat ventilation",
    "Sound system",
    "Speed limit control system",
    "Sport seats",
    "Sports package",
    "Sports suspension",
    "Start-stop system",
    "Summer tyres",
    "Touchscreen",
    "Traction control",
    "Traffic sign recognition",
    "Tuner/radio",
    "Tyre pressure monitoring",
    "USB port",
    "Voice control",
    "Warranty"
  ]
},
{
  "title": "BMW M3 A Competition M xDrive Touring",
  "previewImage": "https://img.classistatic.de/api/v1/mo-prod/images/7c/7c4dfee6-7ccf-46f4-a23d-bbb2a46d6db5?rule=mo-1600.jpg",
  "category": "EstateCar",
  "brand": "BMW",
  "model": "M3",
  "url": "https://suchen.mobile.de/fahrzeuge/details.html?id=432656086",
  "price.total.amount": 100990,
  "priceRating": {
    "rating": "Fair price",
    "priceRanges": {
      "Very good price": {
        "start": 70801,
        "end": 92000
      },
      "Good price": {
        "start": 92001,
        "end": 99100
      },
      "Fair price": {
        "start": 99101,
        "end": 110200
      },
      "Increased price": {
        "start": 110201,
        "end": 118300
      },
      "High price": {
        "start": 118301,
        "end": 131400
      }
    }
  },
  "description": "Dravitgrau metallic\nVollleder Merino Schwarz\nBMW Live Cockpit Professional\nM Sportsitze\nAdaptiver LED-Scheinwerfer\nDriving Assistant Professional\nAktive Sitzbelüftung vorn\nFernlichtassistent\nAdaptives Sportfahrwerk\nLenkradheizung\nHarman Kardon Surround Sound System\nParking Assistant\nSitzverstellung, elektrisch mit Memory für Fahrer\nDAB-Tuner\nSitzheizung für Fahrer und Beifahrer\nKlimaautomatik\nKomfortzugang (Keyless Entry)\nSonnenschutzverglasung\nAlarmanlage\nInnen- und Außenspiegel, automatisch abblendend\nM Driver´s Package (inkl. V-max-Aufhebung)\nInnenspiegel, automatisch abblendend\nBMW Individual Dachreling Hochglanz Shadow Line\nDach und Spiegelkappen in schwarz\nDachhimmel in anthrazit\nAblage für Wireless Charging\nAblagepaket\nGepäckraumpaket\nHochglanz Shadow-Line\nBeifahrerairbag Deaktivierung\nBMW Individual HochglanzShadow Line mit \nGesetzlicher Notruf\nFondkopfstützen klappbar\nInterieurleisten Carbon Fibre\nReifendruckanzeige\nLordosenstütze\nAutomatische Verriegelung beim Anfahren\nM Sportdifferential\nM Compound-Bremse, rot\nBMW Individual Leuchten Shadow Line\nM Drive Professional\n19\"/20\" M Schmiederäder\nGalvanikapplikation für Bedienelemente\nM Sicherheitsgurte\nAbstandstempomat\nNotbremsassistent\nÄnderungen Zwischenverkauf und Irrtümer vorbehalten!",
  "dealerDetails": {
    "id": 457922,
    "name": "Reisacher Augsburg GmbH",
    "sellerType": "Dealer",
    "phones": [
      "+49 (0)821 9998005743"
    ],
    "languages": [
      "Deutsch",
      "English"
    ],
    "country": "DE",
    "address": "Ammannstraße 1, DE-86167 Augsburg",
    "location": {
      "latitude": 48.3987117,
      "longitude": 10.9218009
    },
    "activeSince": "2001-12-06T00:00:00.000Z",
    "homepageUrl": "https://home.mobile.de/home/redirect.html?customerId=457922",
    "iconUrl": null,
    "reviewPageUrl": "https://www.mobile.de/bewertungen/AUTOHAUS-AUGSBURG?lang=en",
    "score": {
      "total": 3.9,
      "responseTime": 4,
      "friendliness": 4.1,
      "advice": 3.7
    },
    "activeRatingCount": 56,
    "vehicleAsDescribedPercentage": 78,
    "recommendPercentage": 72,
    "soldVehicleCount": null,
    "reviews": []
  },
  "attributes": {
    "Vehicle condition": "New vehicle",
    "Category": "Estate car",
    "Vehicle Number": "152894",
    "Availability": "From Aug 24, 2025",
    "Origin": "German edition",
    "Cubic Capacity": "2,993 ccm",
    "Power": "0 kW (0 hp)",
    "Drive type": "Internal combustion engine",
    "Fuel": "Petrol",
    "CO₂ class": "Based on CO₂ emissions (combined)",
    "Fuel consumption": [
      "10.4 l/100km (combined)"
    ],
    "Number of Seats": "5",
    "Door Count": "4/5",
    "Transmission": "Automatic",
    "Emission Class": "Euro 6e",
    "Number of Vehicle Owners": "0",
    "Climatisation": "Automatic air conditioning",
    "Parking sensors": "Self-steering systems, Camera",
    "Airbags": "Front and Side and More Airbags",
    "Colour (Manufacturer)": "Dravitgrau metallic",
    "Colour": "Grey",
    "Interior Design": "Full leather, Black",
    "Energy consumption (comb.)": "10.4 l/100km",
    "CO₂ emissions (comb.)": "234 g/km"
  },
  "features": [
    "ABS",
    "Adaptive cornering lights",
    "Adaptive Cruise Control",
    "Alarm system",
    "Alloy wheels",
    "Central locking",
    "DAB radio",
    "Distance warning system",
    "Electric seat adjustment",
    "Electric side mirror",
    "Electric windows",
    "ESP",
    "Fog lamp",
    "Four-wheel drive",
    "Full Service History",
    "Heated seats",
    "Immobilizer",
    "Isofix",
    "Keyless central locking",
    "LED headlights",
    "LED running lights",
    "Light sensor",
    "Lumbar support",
    "Navigation system",
    "Non-smoker vehicle",
    "On-board computer",
    "Power Steering",
    "Roof rack",
    "Sound system",
    "Sport seats",
    "Sports package",
    "Sports suspension",
    "Start-stop system",
    "Traction control",
    "Tuner/radio",
    "Warranty"
  ]
},
{
  "title": "BMW M3 Competition xDrive Limousine Individual Head-",
  "previewImage": "https://img.classistatic.de/api/v1/mo-prod/images/90/90f7a42f-2237-4bf6-b5c0-8f96a86881b9?rule=mo-1600.jpg",
  "category": "Limousine",
  "brand": "BMW",
  "model": "M3",
  "url": "https://suchen.mobile.de/fahrzeuge/details.html?id=426745296",
  "price.total.amount": 100520,
  "priceRating": {
    "rating": "Good price",
    "priceRanges": {
      "Very good price": {
        "start": 77301,
        "end": 100500
      },
      "Good price": {
        "start": 100501,
        "end": 108200
      },
      "Fair price": {
        "start": 108201,
        "end": 120300
      },
      "Increased price": {
        "start": 120301,
        "end": 129200
      },
      "High price": {
        "start": 129201,
        "end": 143500
      }
    }
  },
  "description": "Antrieb, Fahrwerk\nAdaptives M Fahrwerk\nAllrad\nM Compound-Bremse, rot hochglänzend\nM Drive Professional\nM Sportdifferential\nSportfahrwerk\n\nAußenausstattung\nLM-Felgen\nSonnenschutzverglasung (hinten abgedunkelt)\n\nEditionen und Pakete\nAblagenpaket\nConnectedDrive Services (laufzeitgebundener Dienst)\nConnectedPackage Professional (laufzeitgebundener Dienst)\nInnovationspaket II\n\nFahrerassistenz\nBMW Drive Recorder\nGeschwindigkeitsregelung mit Bremsfunktion\nGesetzlicher Notruf\nHead-Up Display\nParking Assistant Plus\nRückfahrkamera\nSpurwechselwarnung\nTeleServices\n\nIndividualumfänge\nBMW Individual Hochglanz Shadow Line\nBMW Individual Hochglanz Shadow Line mit erweiterten Umfängen\nDachhimmel Individual anthrazit\n\nKomfort, Innenausstattung\nAktive Sitzbelüftung vorn\nAkustikkomfort-Verglasung\nAmbiente-Beleuchtung\nAußenspiegel elektr. anklappbar\nAutomatische Heckklappenbetätigung\nAutomatische Verriegelung beim Anfahren\nBMW Live Cockpit Professional\nDurchladeeinrichtung (Mittelarmlehne hinten)\nDurchladesystem\nEinparkhilfe selbstlenkendes System\nFensterheber elektrisch vorn + hinten\nFensterheber, elektrisch\nFondkopfstützen klappbar\nFreisprecheinrichtung Bluetooth mit USB-/Audio-Schnittstelle\nGalvanikapplikation für Bedienelemente\nGeschwindigkeits-Regelanlage mit Bremsfunktion\nHead-up-Display Full Color\nInduktionsladeschale für Smartphone (Wireless Charging)\nInnen- und Aussenspiegel automatisch abblendend\nInnenspiegel mit Abblendautomatik\nInterieurleisten Carbon Fibre\nIsofix-Aufnahmen für Kindersitz\nKeyless Entry\nKlimaautomatic\nKlimaautomatik 3-Zonen mit autom. Umluft-Control\nKomfortzugang\nLeder\nLederlenkrad\nLendenwirbelstütze Sitz vorn links und rechts, elektr. verstellbar\nLenkrad (Leder) mit Multifunktion M-Technic\nLicht- und Regensensor\nLordose\nLordosenstuetze fuer Fahrer und Beifahrer\nM Alcantaralenkrad\nM Sicherheitsgurte\nM Sportsitze\nMultifunktion für Lenkrad\nMultifunktionslenkrad\nRadioempfang digital (DAB+)\nScheibenwischer mit Regensensor\nService-System: Augmented Reality für Navigation\nSitze vorn elektr. verstellbar (mit Memory)\nSitzheizung fuer Fahrer und Beifahrer\nSitzheizung vorn\nSitzverstellung, elektrisch mit Memory\nSonnenschutzverglasung\nSound-System Harman-Kardon\nSportsitze\nStart/Stop-Anlage (Funktion)\nZentralverriegelung\nZentralverriegelung mit Diebstahlsicherung und Crashsensor\n\nMultimedia\nBluetooth\nBMW Live Cockpit Professional (laufzeitgebundener Dienst)\nDAB Tuner\nFreisprecheinrichtung\nHarman Kardon Surround Sound System\nNavigationssystem\nRadio\nTelefon\nUSB Schnittstelle\n\nRäder\n19\"/20\" M Schmiederäder Doppelspeiche 826 M Bicolor Schwarz / MB\nAlufelgen\nRadschraubensicherung\nReifenreparatur-Set\n\nSicherheit/Umwelt\nAdaptives Fahrwerk M-Technic\nAirbag Beifahrerseite abschaltbar\nAirbag Fahrer-/Beifahrerseite\nAlarmanlage\nAnti-Blockier-System (ABS)\nAntriebsart: Allradantrieb\nAntriebsart: xDrive (Allrad)\nDiebstahl-Warnanlage\nDynamische Stabilitäts-Control (DSC)\nDynamische Stabilitäts-Control (DSC) mit erweiterter Umfang\nFahrassistenz-System: Active Guard (Bremsassistent)\nGeschwindigkeits-Begrenzeranlage (Speed Limit Device)\n\nSitzbezug\nBMW INDI. ERW. LED.FIONAROT\n\nSonstiges\nAblage für Wireless Charging \nActive Guard\nAktive Sitzbelüftung vorn\nBlow by-Heizer\nBMW Drive Recorder (Dashcam)\nBMW Individuallackierung Dravit-Grau Metallic\nBremsanlage: Compound - M Bremssystem (Bremssättel Rot)\nCO2-Umfang\nDeutsch / Bordliteratur\nDeutschland-Ausfuehrung\nElektrisch verstellbare Spiegel\nEU-spezifische Zusatzumfaenge\nFahrassistenz-System: Fernlichtassistent\nInnenausstattung: Interieurleisten Carbon\nInnovations-Paket (2)\nKältemittel\nKilometertacho\nLenkrad (M Sport, Alcantara)\nLM-Felgen vorn/hinten: 9,5x19 / 10,5x20 (Doppelspeichen 826 M, Bicolor, Schwarz)\nMetallic-Lackierung\nÖlwartungsintervall 24 Monate/30.000 km\nParkassistent-Paket Plus\nPersonal eSIM \nReifendruckkontrollsystem\nSteuerung Infotainment\nSteuerung Karosserie\nVerglasung Akustikglas\n\nUmwelt, Sicherheit\nAbgasnorm EU6 RDE II\nABS\nAdaptiver LED-Scheinwerfer\nAktiver Fussgängerschutz\nAlarmanlage\nAuto Start/Stop Funktion \nBeifahrerairbag\nBeifahrerairbag-Deaktivierung\nDiebstahlwarnanlage\nDriving Assistant\nESP\nFahrerairbag\nFahrgestellnummer, von aussen sichtbar\nFernlichtassistent\nInnenspiegel, automatisch abblendend\nKindersitzbefestigung ISOFIX\nKopfairbag\nLED-Scheinwerfer\nLichtsensor\nNotbremsassistent\nPASM\nRegensensor\nReifen Druck Control\nSeitenairbag\nTraction Control\nWarndreieck\nIrrtümer und Zwischenverkauf vorbehalten.",
  "dealerDetails": {
    "id": 31657404,
    "name": "Vögl GmbH & Co. Vilsbiburg KG",
    "sellerType": "Dealer",
    "phones": [
      "+49 (0)8741 300974456"
    ],
    "languages": [
      "Deutsch",
      "English"
    ],
    "country": "DE",
    "address": "Baumgartenstraße 1, DE-84137 Vilsbiburg",
    "location": {
      "latitude": 48.4521532,
      "longitude": 12.3396493
    },
    "activeSince": "2023-04-03T00:00:00.000Z",
    "homepageUrl": "https://home.mobile.de/home/redirect.html?customerId=31657404",
    "iconUrl": null,
    "reviewPageUrl": "https://www.mobile.de/bewertungen/VoeglGmbHCoVilsbiburgKG?lang=en",
    "score": {
      "total": 4.9,
      "responseTime": 4.9,
      "friendliness": 5,
      "advice": 4.8
    },
    "activeRatingCount": 13,
    "vehicleAsDescribedPercentage": 100,
    "recommendPercentage": 100,
    "soldVehicleCount": null,
    "reviews": []
  },
  "attributes": {
    "Vehicle condition": "New vehicle, Accident-free",
    "Category": "Saloon",
    "Model range": "G80",
    "Trim line": "xDrive Limousine Individual Head-Up H/K HiFi ",
    "Vehicle Number": "037540",
    "Availability": "Now",
    "Origin": "German edition",
    "Mileage": "0 km",
    "Cubic Capacity": "2,993 ccm",
    "Power": "390 kW (530 hp)",
    "Drive type": "Internal combustion engine",
    "Fuel": "Petrol, E10-enabled",
    "CO₂ class": "Based on CO₂ emissions (combined)",
    "Fuel consumption": [
      "10.1 l/100km (combined)",
      "15.3 l/100km (city)",
      "10.1 l/100km (suburban)",
      "8.7 l/100km (country road)",
      "9.5 l/100km (motorway)"
    ],
    "Energy costs for 15,000 km annual mileage": "€2,721/Year",
    "Fuel price": "€1.80/l (annual average 2024)",
    "Possible CO₂ costs over the next 10 years (15,000 km/year)": [
      "€4,362 (assuming an average CO₂ price of €127/t)",
      "€2,061 (assuming a low average CO₂ price of €60/t)",
      "€6,870 (assuming a high average CO₂ price of €200/t)"
    ],
    "Vehicle tax": "€456/Year",
    "Number of Seats": "5",
    "Door Count": "4/5",
    "Transmission": "Automatic",
    "Emission Class": "Euro6",
    "Construction Year": "2025",
    "Number of Vehicle Owners": "0",
    "HU": "New",
    "Climatisation": "Automatic climatisation, 3 zones",
    "Parking sensors": "Front, Self-steering systems, Rear, Camera",
    "Airbags": "Front and Side and More Airbags",
    "Colour (Manufacturer)": "BMW Individual Dravitgrau metall",
    "Colour": "Grey Metallic",
    "Interior Design": "Full leather, Black",
    "Weight": "1,855 kg",
    "Cylinders": "6",
    "Tank capacity": "59 l",
    "Energy consumption (comb.)": "10.1 l/100km",
    "CO₂ emissions (comb.)": "229 g/km"
  },
  "features": [
    "ABS",
    "Adaptive lighting",
    "Alarm system",
    "Alloy wheels",
    "Ambient lighting",
    "Arm rest",
    "Autom. dimming interior mirror",
    "Bluetooth",
    "Central locking",
    "Cruise control",
    "DAB radio",
    "Digital cockpit",
    "Distance warning system",
    "Dynamic chassis control",
    "Electric seat adjustment",
    "Electric side mirror",
    "Electric tailgate",
    "Electric windows",
    "Emergency brake assist",
    "Emergency call system",
    "ESP",
    "Four-wheel drive",
    "Glare-free high beam headlights",
    "Hands-free kit",
    "Head-up display",
    "Heated seats",
    "High beam assist",
    "Hill-start assist",
    "Immobilizer",
    "Induction charging for smartphones",
    "Isofix",
    "Keyless central locking",
    "Lane change assist",
    "Leather steering wheel",
    "LED headlights",
    "LED running lights",
    "Light sensor",
    "Lumbar support",
    "Multifunction steering wheel",
    "Navigation system",
    "On-board computer",
    "Particulate filter",
    "Power Steering",
    "Rain sensor",
    "Seat ventilation",
    "Sound system",
    "Speed limit control system",
    "Sport seats",
    "Sports suspension",
    "Start-stop system",
    "Tinted windows",
    "Touchscreen",
    "Traction control",
    "Tuner/radio",
    "Tyre pressure monitoring",
    "USB port",
    "Voice control",
    "Warranty"
  ]
},
{
  "title": "BMW M3 Touring xDrive Competition ACC SITZBELÜFTUNG",
  "previewImage": "https://img.classistatic.de/api/v1/mo-prod/images/ed/ed220d5b-5090-4c97-87e2-cc713718b7ba?rule=mo-1600.jpg",
  "category": "EstateCar",
  "brand": "BMW",
  "model": "M3",
  "url": "https://suchen.mobile.de/fahrzeuge/details.html?id=419653465",
  "price.total.amount": 101490,
  "priceRating": {
    "rating": "Good price",
    "priceRanges": {
      "Very good price": {
        "start": 75601,
        "end": 98300
      },
      "Good price": {
        "start": 98301,
        "end": 105800
      },
      "Fair price": {
        "start": 105801,
        "end": 117700
      },
      "Increased price": {
        "start": 117701,
        "end": 126400
      },
      "High price": {
        "start": 126401,
        "end": 140400
      }
    }
  },
  "description": "Fahrzeug-Nr.: 182560.\nAusstattungspakete:\nInnovationspaket II.\nGarantie & Qualitätssiegel:\nWerksgarantie.\nAssistenzsysteme:\nPDC (Einparkhilfe), Speed Limit Info, Spurassistent, Spurwechselassistent, Surround View, Auffahrwarner, Fernlichtassistent, Parkassistent, Abstandsregeltempomat, 360-Grad-Kamera, Überholverbotsanzeige, Frontkamera, Parking Assistant, Querverkehrswarnung, Rückfahrkamera, City-/Notbremsassistent / Funktion, Müdigkeitserkennung / Aufmerksamkeitsassistent, Rückfahrassistent, AutoHold Funktion/Halteassistent, Lenk- und Spurführungsassistent, Lichtsensor, Regensensor, Driving Assistant Professional, Ausweichassistent, 3D View / Vorbereitung, Fußgängererkennung, Umgebungskamera, Active Guard, Ampelerkennung, Einparkhilfe Seite, Einparkhilfe vorne, Falschfahrwarnung, intelligenter Notruf, Multifunktionskamera, Parking Assistant Plus, Speed Limit Device, Stauassistent, TeleServices.\nLicht:\nLED Scheinwerfer, Adaptives Kurvenlicht, Adaptives - variables Lichtsystem/-Verteilung, LED (Teil)-Rückleuchten, LED Tagfahrlicht, Heimleuchtautomatik, Blinkleuchten seitlich in die Außenspiegel integriert, LED Kennzeichenleuchte.\nMedia & Infotainment:\nNavigation / Online Navigation, Harman Kardon Surround Sound System, Bluetooth Schnittstelle, DAB Tuner, Freisprecheinrichtung, USB-Schnittstelle/Anschluss, 3D-Kartendarstellung, BMW Live Cockpit Professional, Splitscreen-Funktion, APPS, Touchscreen-Display, Connected Package Professional, Radio, Audiosystem MP3-fähig, iPod®/iPhone®/Android Schnittstelle, Controller auf Mittelkonsole, Sprachsteuerung-/Bedienung, Telefonvorbereitung mit Bluetooth, Telefonie mit Wireless Charging, BMW Connected, BMW Online / Vorbereitung, ConnectedDrive Services.\nSicherheit & Technik:\nM Drive, adaptives M-Fahrwerk, Dynamic Stability Control (DSC), Dynamische Traktions Control (DTC), Sportdifferenzial, Cornering Brake Control, Beifahrerairbag, Beifahrerairbag-Deaktivierung, Fahrerairbag, Knieairbag, Kopfairbags hinten, Kopfairbagsystem, Seitenairbags vorn, Alarmanlage, Antiblockiersystem (ABS), Bremsassistent (BAS), Gespannstabilisierung, Gurtanlegekontrolle, Gurtkraftbegrenzer, M Drive Professional, M Traction Control, Seitenaufprallschutz, Wegfahrsperre.\nKomfort & Klima:\nHead-Up Display, Sitzheizung, Klimaautomatik, Innen-/Aussenspiegel automatisch abblendend, Komfortzugang / Keyless Entry, Sitzbelüftung, elektrische Sitzverstellung Fahrer/Beifahrer mit Fahrermemory, Top View, Spiegel elektrisch klappbar, Telematik/Notrufsystem (Vorbereitung), Außenspiegel mit Beifahrerspiegelabsenkung, Bordcomputer, elektrische Parkbremse, Komfortblinker (1xAntippen = 3xBlinken), Service-Intervall-Anzeige, Lordose / Lendenwirbelstütze, elektr. Spiegel beheizt, elektrische Fensterheber, ISOFIX Kindersitzbefestigung, Zentralverriegelung mit Fernbedienung, (3-Zonen Klimaautomatik), 12V Steckdose, abgedunkelte Scheibe(n), BMW Digital Key, Center Lock Schalter, Colorglas, Heckscheibenwischer, Luftgütesensor, Mittelarmlehne, schlüsselloser Motorstart, Servolenkung, Sportsitz(e), Top Tether, verstellbare Oberschenkelauflage.\nReifen & Felgen:\n19/20 Zoll Alufelgen, Pannenset, Reifendruck-Kontrolle, Sportreifen.\nExterieur & Design:\nDachreling, Außenspiegelpaket, Shadow Line, Bremssättel schwarz, Compoundbremsscheiben innenbelüftet, Laptimer, M Drift Analyser, M Drivers Package.\nInterieur & Design:\nLenkradheizung, Multifunktionslenkrad, Dachhimmel anthrazit, virtuelle Instrumente, M Fahrerfußstütze, Schaltwippen am Lenkrad, Sportlederlenkrad, Widescreen Display, Ambientebeleuchtung, Bedienelemente am Lenkrad, Getränkehalter, Lenkradverstellung, M Sicherheitsgurte.\nGepäck- / Ladehilfen:\nautomatische Heckklappe-/Deckel, Fernentriegelung für Gepäckraumklappe, Ablagenpaket, Durchladesystem/-funktion, Gepäcknetz(e), Ladekantenschutz, Laderaumabdeckung.\nUmwelt & Laden:\nE10 geeignet, EURO 6e, Katalysator, Ottopartikelfilter, Start/Stopp Automatic, Umweltplakette 4.\nGetriebe:\nDKG Drivelogic.\nWeitere Informationen:\nFacelift, M xDrive, Scheckheft.\nRadschraubensicherung, Dach und Spiegelkappen schwarz, Blow by-Heizer, Galvanikapplikation fuer bedien eleme, Personal es im, COC Zusatzumfaenge, Steuerung F AS 18, Steuerung D\nWir nehmen Ihr Fahrzeug in Zahlung. Jedes Modell, jedes Alter.\n\nDie genauen Verbrauchswerte erfragen Sie bitte bei unserem Verkaufspersonal\nIhren Ansprechpartner für dieses Fahrzeug erreichen Sie unter Tel.: 030-7900950\nZwischenverkauf und Irrtümer vorbehalten. Die Fahrzeugbeschreibung dient ausschließlich der allgemeinen Identifikation des Fahrzeugs und stellt keine rechtsverbindliche Gewährleistung dar. Verbindlich sind nur die Vereinbarungen im Kaufvertrag und der Auftragsbestätigung. Bitte beachten Sie, dass bestimmte Sonderausstattungen zusätzliche Kosten verursachen können. Detaillierte Informationen zum Ausstattungsumfang erhalten Sie von unserem Verkaufspersonal.",
  "dealerDetails": {
    "id": 453658,
    "name": "Riller & Schnauck GmbH, BMW und MINI Vertragshändler",
    "sellerType": "Dealer",
    "phones": [
      "+49 (0)30 2096584818"
    ],
    "languages": [
      "Deutsch",
      "English",
      "Français",
      "Polski",
      "Türkçe"
    ],
    "country": "DE",
    "address": "Hindenburgdamm 68, DE-12203 Berlin",
    "location": {
      "latitude": 52.45081,
      "longitude": 13.3128977
    },
    "activeSince": "2004-09-15T00:00:00.000Z",
    "homepageUrl": "https://home.mobile.de/home/redirect.html?customerId=453658",
    "iconUrl": null,
    "reviewPageUrl": "https://www.mobile.de/bewertungen/RILLER-SCHNAUCK-GROUP?lang=en",
    "score": {
      "total": 4.5,
      "responseTime": 4.6,
      "friendliness": 4.7,
      "advice": 4.3
    },
    "activeRatingCount": 21,
    "vehicleAsDescribedPercentage": 88,
    "recommendPercentage": 93,
    "soldVehicleCount": null,
    "reviews": []
  },
  "attributes": {
    "Vehicle condition": "New vehicle",
    "Category": "Estate car",
    "Trim line": "Innovation",
    "Vehicle Number": "2388465",
    "Availability": "Now",
    "Origin": "German edition",
    "Mileage": "0 km",
    "Cubic Capacity": "2,993 ccm",
    "Power": "390 kW (530 hp)",
    "Drive type": "Internal combustion engine",
    "Fuel": "Petrol, E10-enabled",
    "CO₂ class": "Based on CO₂ emissions (combined)",
    "Fuel consumption": [
      "10.4 l/100km (combined)",
      "15.8 l/100km (city)",
      "10.3 l/100km (suburban)",
      "8.8 l/100km (country road)",
      "9.8 l/100km (motorway)"
    ],
    "Energy costs for 15,000 km annual mileage": "€2,886/Year",
    "Fuel price": "€1.85/l (annual average 2023)",
    "Possible CO₂ costs over the next 10 years (15,000 km/year)": [
      "€4,054 (assuming an average CO₂ price of €115/t)",
      "€1,763 (assuming a low average CO₂ price of €50/t)",
      "€6,698 (assuming a high average CO₂ price of €190/t)"
    ],
    "Vehicle tax": "€480/Year",
    "Number of Seats": "5",
    "Door Count": "4/5",
    "Transmission": "Automatic",
    "Emission Class": "Euro 6e",
    "Emissions Sticker": "4 (Green)",
    "Climatisation": "Automatic climatisation, 3 zones",
    "Parking sensors": "360° camera, Rear, Front, Self-steering systems",
    "Airbags": "Front and Side and More Airbags",
    "Colour (Manufacturer)": "saphirschwarz",
    "Colour": "Black Metallic",
    "Interior Design": "Full leather, Black",
    "Weight": "1,940 kg",
    "Cylinders": "6",
    "Tank capacity": "59 l",
    "Energy consumption (comb.)": "10.4 l/100km",
    "CO₂ emissions (comb.)": "235 g/km"
  },
  "features": [
    "ABS",
    "Adaptive cornering lights",
    "Adaptive Cruise Control",
    "Alarm system",
    "Alloy wheels",
    "Ambient lighting",
    "Arm rest",
    "Autom. dimming interior mirror",
    "Blind spot assist",
    "Bluetooth",
    "Central locking",
    "DAB radio",
    "Digital cockpit",
    "Distance warning system",
    "Dynamic chassis control",
    "Electric seat adjustment",
    "Electric side mirror",
    "Electric tailgate",
    "Electric windows",
    "Eletric seat adjustment with memory function",
    "Emergency brake assist",
    "Emergency call system",
    "Emergency tyre repair kit",
    "ESP",
    "Fatigue warning system",
    "Folding exterior mirrors",
    "Four-wheel drive",
    "Full Service History",
    "Glare-free high beam headlights",
    "Hands-free kit",
    "Head-up display",
    "Heated seats",
    "Heated steering wheel",
    "High beam assist",
    "Hill-start assist",
    "Immobilizer",
    "Induction charging for smartphones",
    "Integrated music streaming",
    "Isofix",
    "Keyless central locking",
    "Lane change assist",
    "Leather steering wheel",
    "LED headlights",
    "LED running lights",
    "Light sensor",
    "Lumbar support",
    "Multifunction steering wheel",
    "Navigation system",
    "On-board computer",
    "Paddle shifters",
    "Particulate filter",
    "Power Steering",
    "Rain sensor",
    "Roof rack",
    "Seat ventilation",
    "Sound system",
    "Speed limit control system",
    "Sport seats",
    "Sports suspension",
    "Start-stop system",
    "Summer tyres",
    "Tinted windows",
    "Touchscreen",
    "Traction control",
    "Traffic sign recognition",
    "Tuner/radio",
    "Tyre pressure monitoring",
    "USB port",
    "Voice control",
    "Warranty"
  ]
},
{
  "title": "BMW M3 Competition Limousine mit M",
  "previewImage": "https://img.classistatic.de/api/v1/mo-prod/images/70/70a6257b-3828-49e7-a2d1-a90c37d7b34c?rule=mo-1600.jpg",
  "category": "Limousine",
  "brand": "BMW",
  "model": "M3",
  "url": "https://suchen.mobile.de/fahrzeuge/details.html?id=429345800",
  "price.total.amount": 101814,
  "priceRating": {
    "rating": "Good price",
    "priceRanges": {
      "Very good price": {
        "start": 73001,
        "end": 94900
      },
      "Good price": {
        "start": 94901,
        "end": 102200
      },
      "Fair price": {
        "start": 102201,
        "end": 113700
      },
      "Increased price": {
        "start": 113701,
        "end": 122000
      },
      "High price": {
        "start": 122001,
        "end": 135600
      }
    }
  },
  "description": "Fahrzeugnummer: NA78421\n\nBrutto-Listen-Neupreis: 120.979 €\nUnsere Datenschutzhinweise finden Sie unter http://www.rhein-ludwigsburg.de/datenschutz.html\n\n\nSie erreichen uns direkt unter der Telefonnummer +4971411469914. \n\nNO EXPORT ! NO EXPORT ! KEIN VERKAUF AN WIEDERVERKÄUFER ODER AUTOHÄNDLER !NUR FÜR DEN DEUTSCHEN MARKT ! HIGHLIGHTS & PAKETE\nM DRIVE PROFESSIONAL\nAblagenpaket\nBMW Live Cockpit Professional\nHochglanz Shadow-Line\nInnovationspaket II\nM Shadow Line mit erweitertem Umfang\n\nASSISTENZSYSTEME\nDriving Assistant Professional\nParkassistenzsystem Plus\nSteuerung Fahrerassistenzsysteme\n\nMOTOR GETRIEBE & FAHRWERK\nAbgasnorm EU6 rde II\nM Sportdifferenzial\nAdaptives M Fahrwerk\nKomfortzugang\n\nAUDIO & KOMMUNIKATION\nDAB-Tuner\nHarman/Kardon Surround Sound System\nConnected Package Professional\nPersonal eSIM\nSteuerung Infotainment\nSprachversion deutsch\n\nINTERIEUR\nLenkradheizung\nInnenspiegel automatisch abblendend\nKlimatisierte Sitze vorne\nSitzverstellung elektrisch mit Memory\nLordosenstütze Fahrer u. Beifahrer\nSitzheizung Fahrer/Beifahrer\nM Sicherheitsgurte\nInterieurleisten Carbon Fibre\nGalvanikapplikation Bedienelemente\nKlimaautomatik\nDeaktivierung Airbag Beifahrer\nKopfstützen im Fond klappbar\nStorage tray wireless charging\nM Sportsitz\nDachhimmel anthrazit\nBordliteratur deutsch\n\nLICHT & SICHT\nM Leuchten Shadow Line\nAdaptiver LED-Scheinwerfer\nFernlichtassistent\n\nRÄDER\nBMW LM Rad 826M JB\nRadschraubensicherung\nReifendruckanzeige\nReifenreparatur-Set\n\nTECHNIK & SICHERHEIT\nAlarmanlage\nAutomatische Heckklappenbetätigung\nInnen-/Aussensp. mit Abblendautomatik\nKilometertacho\nActive Protection\nActive Guard\nAktiver Fussgängerschutz\n\nEXTERIEUR\nM COMPOUND-BREMSE SCHWARZ HOCHGL.\nAbgedunkelte Verglasung\n\nSONSTIGE AUSSTATTUNGEN\nZusatzumfang EU-spezifisch\nWarndreieck und Verbandstasche\nLänderausführung Deutschland\nDummy-SALAPA\nCOC ZUSATZUMFAENGE\nKältemittel R1234yf\nL070 Batteriegröße 70AH \nSie erreichen uns direkt unter der Telefonnummer +4971411469914. \n\nIrrtum und Zwischenverkauf vorbehalten",
  "dealerDetails": {
    "id": 26529255,
    "name": "Autohaus Rhein Ludwigsburg - Zw. NL der Autohaus Heermann und Rhein GmbH",
    "sellerType": "Dealer",
    "phones": [
      "+49 (0)7141 141044394"
    ],
    "languages": [
      "Deutsch",
      "English"
    ],
    "country": "DE",
    "address": "Zeissstr. 2, DE-71679 Asperg",
    "location": {
      "latitude": 48.898497,
      "longitude": 9.1546865
    },
    "activeSince": "2021-06-14T00:00:00.000Z",
    "homepageUrl": "https://home.mobile.de/home/redirect.html?customerId=26529255",
    "iconUrl": null,
    "reviewPageUrl": "https://www.mobile.de/bewertungen/AutohausRheinLudwigsburgZwNLderAutohausHeermannundRheinGmbHLudwi?lang=en",
    "score": {
      "total": 4.4,
      "responseTime": 4.6,
      "friendliness": 4.5,
      "advice": 4.2
    },
    "activeRatingCount": 14,
    "vehicleAsDescribedPercentage": 85,
    "recommendPercentage": 71,
    "soldVehicleCount": null,
    "reviews": []
  },
  "attributes": {
    "Vehicle condition": "New vehicle, Accident-free",
    "Category": "Saloon",
    "Vehicle Number": "NA78421",
    "Availability": "Now",
    "Origin": "German edition",
    "Mileage": "0 km",
    "Cubic Capacity": "2,993 ccm",
    "Power": "390 kW (530 hp)",
    "Drive type": "Internal combustion engine",
    "Fuel": "Petrol, E10-enabled",
    "CO₂ class": "Based on CO₂ emissions (combined)",
    "Fuel consumption": [
      "10.2 l/100km (combined)",
      "15.3 l/100km (city)",
      "10.1 l/100km (suburban)",
      "8.7 l/100km (country road)",
      "9.5 l/100km (motorway)"
    ],
    "Energy costs for 15,000 km annual mileage": "€2,754/Year",
    "Fuel price": "€1.80/l (annual average 2025)",
    "Possible CO₂ costs over the next 10 years (15,000 km/year)": [
      "€4,382 (assuming an average CO₂ price of €127/t)",
      "€2,070 (assuming a low average CO₂ price of €60/t)",
      "€6,900 (assuming a high average CO₂ price of €200/t)"
    ],
    "Vehicle tax": "€456/Year",
    "Number of Seats": "5",
    "Door Count": "4/5",
    "Transmission": "Automatic",
    "Climatisation": "Automatic climatisation, 2 zones",
    "Parking sensors": "Rear, 360° camera, Front",
    "Airbags": "Front and Side and More Airbags",
    "Colour (Manufacturer)": "Aventurinrot",
    "Colour": "Red Metallic",
    "Interior Design": "Full leather, Black",
    "Energy consumption (comb.)": "10.2 l/100km",
    "CO₂ emissions (comb.)": "230 g/km"
  },
  "features": [
    "ABS",
    "Adaptive Cruise Control",
    "Alloy wheels",
    "Ambient lighting",
    "Android Auto",
    "Apple CarPlay",
    "Arm rest",
    "Autom. dimming interior mirror",
    "Bluetooth",
    "Central locking",
    "DAB radio",
    "Daytime running lights",
    "Digital cockpit",
    "Distance warning system",
    "Electric seat adjustment",
    "Electric side mirror",
    "Electric windows",
    "Eletric seat adjustment with memory function",
    "Emergency brake assist",
    "Emergency call system",
    "ESP",
    "Fatigue warning system",
    "Four-wheel drive",
    "Full Service History",
    "Hands-free kit",
    "Head-up display",
    "Heated seats",
    "Immobilizer",
    "Integrated music streaming",
    "Isofix",
    "Keyless central locking",
    "Lane change assist",
    "LED headlights",
    "Light sensor",
    "Multifunction steering wheel",
    "Navigation system",
    "Non-smoker vehicle",
    "On-board computer",
    "Power Steering",
    "Rain sensor",
    "Rear traffic alert",
    "Seat ventilation",
    "Sound system",
    "Speed limit control system",
    "Sport seats",
    "Sports package",
    "Sports suspension",
    "Start-stop system",
    "Tinted windows",
    "Touchscreen",
    "Traction control",
    "Traffic sign recognition",
    "Tuner/radio",
    "Tyre pressure monitoring",
    "USB port",
    "Warranty"
  ]
},
{
  "title": "BMW M3 Competition Tou M xDrive FLA KeyLess H/K ACC",
  "previewImage": "https://img.classistatic.de/api/v1/mo-prod/images/03/03c19dfc-61fe-4294-ba47-099319315e46?rule=mo-1600.jpg",
  "category": "EstateCar",
  "brand": "BMW",
  "model": "M3",
  "url": "https://suchen.mobile.de/fahrzeuge/details.html?id=426953184",
  "price.total.amount": 100380,
  "priceRating": {
    "rating": "Good price",
    "priceRanges": {
      "Very good price": {
        "start": 76201,
        "end": 99000
      },
      "Good price": {
        "start": 99001,
        "end": 106600
      },
      "Fair price": {
        "start": 106601,
        "end": 118600
      },
      "Increased price": {
        "start": 118601,
        "end": 127300
      },
      "High price": {
        "start": 127301,
        "end": 141400
      }
    }
  },
  "description": "Brutto-Listen-Neupreis: 120.920 €\n- Inzahlungnahme aller Fabrikate\n- günstige Finanzierungs- und Leasingangebote\n- deutschlandweite Zulassung und Lieferung\nHIGHLIGHTS & PAKETE\n0430 Innen- und Außenspiegelpaket\n0493 Ablagenpaket\n07A2 Innovationspaket II\n07ME M Drivers Package\n\nASSISTENZSYSTEME\n05DN Parking Assistant Plus\n05AU Driving Assistant Professional\n\nAUDIO & KOMMUNIKATION\n06U3 BMW Live Cockpit Professional\n0654 DAB-Tuner\n0688 Harman Kardon Surround Sound S\n06C4 ConnectedPackage Professional\n06NX Wireless Charging Ablage\n06PA Personal eSIM\n\nINTERIEUR\n0534 Klimaautomatik\n0712 M Sportsitze\n0248 Lenkradheizung\n0459 Sitzverstellung, elektrisch, m\n0488 Lordosenstütze\n0494 Sitzheizung für Fahrer und Bei\n04MC M Interieurleisten Carbon Fib\n04U0 Galvanikapplikation für Bedien\n0760 M Hochglanz Shadow Line\nVBTQ BMW Individual Volllederaussta\n0418 Gepäckraumpaket\n04GQ M Sicherheitsgurte\n0775 M Dachhimmel anthrazit\n\nLICHT & SICHT\n0552 Adaptiver LED-Scheinwerfer\n05AC Fernlichtassistent\n0420 Sonnenschutzverglasung\n0431 Innenspiegel, automatisch abbl\n\nMOTOR GETRIEBE & FAHRWERK\n02VF Adaptives M Fahrwerk\n02T4 M Sportdifferenzial\n03M5 M Compound-Bremse, rot hochglä\n\nRÄDER\n01U0 19/20 M Schmiederäder Doppel\n02VC Reifenpannenset\n02PA Radschraubensicherung\n\nTECHNIK & SICHERHEIT\n0322 Komfortzugang\n01MB M Drive Professional\n02VB Reifendruck-Kontrolle\n0302 Alarmanlage\n05AV Active Guard\n06DR BMW Drive Recorder\n\nEXTERIEUR\n03MC M Dachreling Hochglanz Shadow\n0475 Black Sapphire metallic\n07M9 M Hochglanz Shadow Line mit er\n0383 Dach und Spiegelkappen schwarz\n\nSONSTIGE AUSSTATTUNGEN\n03KA Akustikverglasung\n\nFUNCTIONS ON DEMAND\n06AK ConnectedDrive Services\n\n\nWeiteres\nMtl. Finanzierungsrate: 759,00 EUR | Anzahlung: 24.212,00 EUR | Laufzeit: 36 Monate | Zielrate: 61.669,20 EUR | Nettodarlehensbetrag: 76.167,68 EUR | Sollzinssatz p.a.: 5,83% (gebunden für die gesamte Vertragslaufzeit) | Effektiver Jahreszins: 5,99% | Gesamtbetrag: 88.234,20 EUR. Ein unverbindliches Finanzierungsbeispiel der BMW Bank GmbH, Lilienthalallee 26, 80939 München. \n\nZwischenverkauf und Irrtümer vorbehalten.\nDie Fahrzeugbeschreibung dient lediglich der allgemeinen Identifizierung des Fahrzeuges und stellt keine Gewährleistung im kaufrechtlichen Sinne dar.\nDen genauen Ausstattungsumfang erhalten Sie von unserem Verkaufspersonal.\nBitte kontaktieren Sie uns.",
  "dealerDetails": {
    "id": 4379139,
    "name": "Autohaus Widmann + Winterholler GmbH",
    "sellerType": "Dealer",
    "phones": [
      "+49 (0)881 1308049691"
    ],
    "languages": [
      "Deutsch",
      "English"
    ],
    "country": "DE",
    "address": "Olympiastr. 7, DE-82362 Weilheim",
    "location": {
      "latitude": 47.8474626,
      "longitude": 11.1501163
    },
    "activeSince": "2010-07-26T00:00:00.000Z",
    "homepageUrl": "https://home.mobile.de/home/redirect.html?customerId=4379139",
    "iconUrl": "https://img.classistatic.de/api/v1/mo-prod/images/58/584218b8-096e-432e-819d-f9577be9844e?rule=mo-640.jpg",
    "reviewPageUrl": "https://www.mobile.de/bewertungen/WIDMANNWINTERHOLLERGMBH?lang=en",
    "score": {
      "total": 4.7,
      "responseTime": 4.6,
      "friendliness": 4.7,
      "advice": 4.7
    },
    "activeRatingCount": 52,
    "vehicleAsDescribedPercentage": 95,
    "recommendPercentage": 94,
    "soldVehicleCount": null,
    "reviews": []
  },
  "attributes": {
    "Vehicle condition": "New vehicle",
    "Category": "Estate car",
    "Model range": "G81",
    "Trim line": "M Drivers Package",
    "Vehicle Number": "FV14300",
    "Availability": "Now",
    "Origin": "German edition",
    "Mileage": "10 km",
    "Cubic Capacity": "2,993 ccm",
    "Power": "390 kW (530 hp)",
    "Drive type": "Internal combustion engine",
    "Fuel": "Petrol",
    "CO₂ class": "Based on CO₂ emissions (combined)",
    "Fuel consumption": [
      "10.3 l/100km (combined)",
      "15.6 l/100km (city)",
      "10.2 l/100km (suburban)",
      "8.8 l/100km (country road)",
      "9.7 l/100km (motorway)"
    ],
    "Number of Seats": "5",
    "Door Count": "4/5",
    "Transmission": "Automatic",
    "Emission Class": "Euro6d",
    "Emissions Sticker": "4 (Green)",
    "Climatisation": "Automatic climatisation, 3 zones",
    "Parking sensors": "Self-steering systems, Rear, 360° camera, Front",
    "Airbags": "Front and Side and More Airbags",
    "Colour (Manufacturer)": "Black Sapphire",
    "Colour": "Black Metallic",
    "Interior Design": "Full leather, Brown",
    "Cylinders": "6",
    "Energy consumption (comb.)": "10.3 l/100km",
    "CO₂ emissions (comb.)": "233 g/km"
  },
  "features": [
    "ABS",
    "Adaptive Cruise Control",
    "Adaptive lighting",
    "Alarm system",
    "Alloy wheels",
    "Ambient lighting",
    "Android Auto",
    "Apple CarPlay",
    "Arm rest",
    "Autom. dimming interior mirror",
    "Blind spot assist",
    "Bluetooth",
    "Cargo barrier",
    "Central locking",
    "Digital cockpit",
    "Distance warning system",
    "Dynamic chassis control",
    "Electric seat adjustment",
    "Electric side mirror",
    "Electric tailgate",
    "Electric windows",
    "Eletric seat adjustment with memory function",
    "Emergency brake assist",
    "Emergency call system",
    "Emergency tyre repair kit",
    "ESP",
    "Fatigue warning system",
    "Folding exterior mirrors",
    "Four-wheel drive",
    "Full Service History",
    "Hands-free kit",
    "Head-up display",
    "Heated seats",
    "Heated steering wheel",
    "High beam assist",
    "Hill-start assist",
    "Immobilizer",
    "Induction charging for smartphones",
    "Integrated music streaming",
    "Isofix",
    "Keyless central locking",
    "Lane change assist",
    "Leather steering wheel",
    "LED headlights",
    "LED running lights",
    "Light sensor",
    "Lumbar support",
    "Multifunction steering wheel",
    "Navigation system",
    "Non-smoker vehicle",
    "On-board computer",
    "Paddle shifters",
    "Particulate filter",
    "Power Steering",
    "Rain sensor",
    "Rear traffic alert",
    "Roof rack",
    "Sound system",
    "Speed limit control system",
    "Sport seats",
    "Sports package",
    "Sports suspension",
    "Start-stop system",
    "Summer tyres",
    "Tinted windows",
    "Touchscreen",
    "Traction control",
    "Traffic sign recognition",
    "Tuner/radio",
    "Tyre pressure monitoring",
    "USB port",
    "Voice control",
    "Warranty",
    "WLAN / Wi-Fi hotspot"
  ]
},
{
  "title": "BMW M3 Competition Touring Driver's Package + Int. C",
  "previewImage": "https://img.classistatic.de/api/v1/mo-prod/images/d4/d47ab4a3-353f-4f38-8e05-4b99ab4b7e3b?rule=mo-1600.jpg",
  "category": "EstateCar",
  "brand": "BMW",
  "model": "M3",
  "url": "https://suchen.mobile.de/fahrzeuge/details.html?id=414103293",
  "price.total.amount": 101777,
  "priceRating": {
    "rating": "Good price",
    "priceRanges": {
      "Very good price": {
        "start": 77701,
        "end": 101000
      },
      "Good price": {
        "start": 101001,
        "end": 108800
      },
      "Fair price": {
        "start": 108801,
        "end": 121000
      },
      "Increased price": {
        "start": 121001,
        "end": 129900
      },
      "High price": {
        "start": 129901,
        "end": 144300
      }
    }
  },
  "description": "Antrieb, Fahrwerk\nAdaptives M Fahrwerk\nAllrad\nM Compound-Bremse, schwarz hochglänzend\nM Drive Professional\nM Sportdifferential\nSportfahrwerk\n\nEditionen und Pakete\nAblagenpaket\nConnectedDrive Services (laufzeitgebundener Dienst)\nConnectedPackage Professional (laufzeitgebundener Dienst)\nInnovationspaket II\nM Driver's Package \n\nExterieur\nDach und Spiegelkappen schwarz\nDachreling\n\nFahrerassistenz\nBMW Drive Recorder\nDriving Assistant Professional\nGesetzlicher Notruf\nHead-Up Display\nParking Assistant Plus\nRückfahrkamera\nSpurverlassenswarnung\nSpurwechselwarnung\nTeleServices\n\nIndividualumfänge\nBMW Individual Dachreling Hochglanz Shadow Line\nBMW Individual Hochglanz Shadow Line\nBMW Individual Hochglanz Shadow Line mit erweiterten Umfängen\nBMW Individual Leuchten Shadow Line\nDachhimmel Individual anthrazit\n\nKomfort, Innenausstattung\nAbstandsregeltempomat\nDurchladesystem\nEinparkhilfe selbstlenkendes System\nFensterheber, elektrisch\nFondkopfstützen klappbar\nGalvanikapplikation für Bedienelemente\nInnen- und Aussenspiegel automatisch abblendend\nInterieurleisten Carbon Fibre\nKeyless Entry\nKlimaautomatic\nKomfortzugang\nLeder\nLederlenkrad\nLordose\nLordosenstuetze fuer Fahrer und Beifahrer\nM Sicherheitsgurte\nM Sportsitze\nMultifunktionslenkrad\nSitzheizung fuer Fahrer und Beifahrer\nSitzverstellung, elektrisch mit Memory\nSonnenschutzverglasung\nSportsitze\nSpurhalteassistent\nTempomat\nZentralverriegelung\n\nMultimedia\nBluetooth\nBMW Live Cockpit Professional (laufzeitgebundener Dienst)\nDAB Tuner\nFreisprecheinrichtung\nHarman Kardon Surround Sound System\nNavigationssystem\nRadio\nTelefon\nUSB Schnittstelle\n\nRäder\n19\"/20\" M Schmiederäder Doppelspeiche 826 M Bicolor Schwarz / MB\nAlufelgen\nRadschraubensicherung\nReifenreparatur-Set\n\nSitzbezug\nVollleder Merino Feinnarbe Schwarz/Schwarz\n\nSonstiges\n19\"/20\" M Schmiederäder Doppelspeic he 826 M Bicolor Schwarz / MB\nAbgasnorm EU6 RDE II\nAblage für Wireless Charging\nAblage für Wireless Charging \nAblagenpaket\nActive Guard\nAdaptiver LED-Scheinwerfer\nAdaptives M Fahrwerk\nAktiver Fußgängerschutz\nAlarmanlage\nBlow by-Heizer\nBMW Drive Recorder\nBMW Live Cockpit Professional\nCO2-Umfang\nCOC Zusatzumfänge\nConnected Package Professional\nConnectedDrive Services\nDAB-Tuner\nDach und Spiegelkappen schwarz\nDeaktivierung Beifahrerairbag\nDekodierung Zusatzfunktionen\nDeutsch / Bordliteratur\nDeutsch/Betriebsanleitung/Servicehe ft\nDeutschland-Ausfuehrung\nDeutschland-Ausführung\nDriving Assistant Professional\nElektrisch verstellbare Spiegel\nEU spezifische Umfänge\nEU-spezifische Zusatzumfaenge\nFernlichtassistent\nFondkopfstützen klappbar\nGalvanikapplikation für Bedieneleme nte\nGesetzlicher Notruf\nHarman Kardon Surround Sound System\nInduktionsladen für Smartphones\nInnen- und Außenspiegelpaket\nInnenspiegel automatisch abblendend\nInnovationspaket\nInterne Steuerung\nKaeltemittel\nKältemittel\nKilometertacho\nKlimaautomatik\nKomfortzugang\nLordosenstütze für Fahrer und Beifa hrer\nM Compound-Bremse, schwarz hochglän zend\nM Dachhimmel anthrazit\nM Dachreling Hochglanz Shadow Line\nM Drive Professional\nM Driver's Package\nM Hochglanz Shadow Line\nM Hochglanz Shadow Line mit erweite rten Umfängen\nM Interieurleisten 'Carbon Fibre'\nM Leuchten Shadow Line\nM Sicherheitsgurte\nM Sportdifferenzial\nM Sportsitze\nMetallic-Lackierung\nÖlwartungsintervall 24 Monate/30.000 km\nÖlwartungsintervall 30000 km / 24 M onate\nParking Assistant Plus\nPersonal eSIM\nPersonal eSIM \nRadschraubensicherung\nReifendruck-Kontrolle\nReifendruckkontrollsystem\nReifenreparatur Set\nSitzbezug / Polsterung: Voll-Leder Merino\nSitzheizung für Fahrer und Beifahre r\nSitzverstellung, elektrisch mit Mem ory für Fahrersitz\nSonnenschutzverglasung\nSprachversion Deutsch\nSteuerung D\nSteuerung EfficientDynamics\nSteuerung FAS 18\nSteuerung Infotainment\nSteuerung Karosserie\nTeleservices\nÜberführungs- u. Zulassungskosten BMW inkl. Wunschkennzeichen\nWarndreieck und Verbandkasten\n\nUmwelt, Sicherheit\nAbgasnorm EU6 RDE II\nABS\nAdaptiver LED-Scheinwerfer\nAktiver Fussgängerschutz\nAlarmanlage\nAuto Start/Stop Funktion \nBeifahrerairbag\nBeifahrerairbag-Deaktivierung\nESP\nFahrerairbag\nFernlichtassistent\nInnenspiegel, automatisch abblendend\nKindersitzbefestigung ISOFIX\nKopfairbag\nLED-Scheinwerfer\nLichtsensor\nNotbremsassistent\nPASM\nRegensensor\nReifen Druck Control\nSeitenairbag\nTraction Control\nWarndreieck\n\n\nSicherheitshinweise: https://procar-bmw.org/sh Irrtümer und Zwischenverkauf vorbehalten.",
  "dealerDetails": {
    "id": 37416651,
    "name": "Procar Automobile Wuppertal GmbH & Co. KG",
    "sellerType": "Dealer",
    "phones": [
      "+49 (0)2051 423698833"
    ],
    "languages": [
      "Deutsch"
    ],
    "country": "DE",
    "address": "Kopernikusstr. 6, DE-42549 Velbert",
    "location": {
      "latitude": 51.3492846,
      "longitude": 7.0249279
    },
    "activeSince": "2001-04-27T00:00:00.000Z",
    "homepageUrl": "https://home.mobile.de/home/redirect.html?customerId=37416651",
    "iconUrl": "https://img.classistatic.de/api/v1/mo-prod/images/34/34617e6b-9382-43c7-becb-dd844a4ae74c?rule=mo-640.jpg",
    "reviewPageUrl": "https://www.mobile.de/bewertungen/PROCARAUTOMOBILEWUPPERTALGMBHCOKGVELBERT?lang=en",
    "score": {
      "total": 4.8,
      "responseTime": 4.8,
      "friendliness": 4.9,
      "advice": 4.7
    },
    "activeRatingCount": 23,
    "vehicleAsDescribedPercentage": 91,
    "recommendPercentage": 89,
    "soldVehicleCount": null,
    "reviews": []
  },
  "attributes": {
    "Vehicle condition": "New vehicle, Accident-free",
    "Category": "Estate car",
    "Model range": "G81",
    "Trim line": "Touring Driver's Package + Int. Carbon + adapt. LED + …",
    "Vehicle Number": "951005",
    "Availability": "Now",
    "Origin": "German edition",
    "Mileage": "9 km",
    "Cubic Capacity": "2,993 ccm",
    "Power": "390 kW (530 hp)",
    "Drive type": "Internal combustion engine",
    "Fuel": "Petrol",
    "CO₂ class": "Based on CO₂ emissions (combined)",
    "Fuel consumption": [
      "10.4 l/100km (combined)",
      "15.8 l/100km (city)",
      "10.3 l/100km (suburban)",
      "8.8 l/100km (country road)",
      "9.8 l/100km (motorway)"
    ],
    "Energy costs for 15,000 km annual mileage": "€2,802/Year",
    "Fuel price": "€1.80/l (annual average 2024)",
    "Possible CO₂ costs over the next 10 years (15,000 km/year)": [
      "€4,477 (assuming an average CO₂ price of €127/t)",
      "€2,115 (assuming a low average CO₂ price of €60/t)",
      "€7,050 (assuming a high average CO₂ price of €200/t)"
    ],
    "Vehicle tax": "€480/Year",
    "Number of Seats": "5",
    "Door Count": "4/5",
    "Transmission": "Automatic",
    "Emission Class": "Euro6",
    "Emissions Sticker": "4 (Green)",
    "Construction Year": "2024",
    "Number of Vehicle Owners": "0",
    "HU": "New",
    "Climatisation": "Automatic climatisation, 3 zones",
    "Parking sensors": "Self-steering systems, Rear, 360° camera, Front",
    "Airbags": "Front and Side and More Airbags",
    "Colour (Manufacturer)": "Skyscraper Grau metallic",
    "Colour": "Grey Metallic",
    "Interior Design": "Full leather, Black",
    "Weight": "1,940 kg",
    "Tank capacity": "59 l",
    "Energy consumption (comb.)": "10.4 l/100km",
    "CO₂ emissions (comb.)": "235 g/km"
  },
  "features": [
    "ABS",
    "Adaptive cornering lights",
    "Adaptive Cruise Control",
    "Alarm system",
    "Alloy wheels",
    "Ambient lighting",
    "Android Auto",
    "Apple CarPlay",
    "Arm rest",
    "Autom. dimming interior mirror",
    "Blind spot assist",
    "Bluetooth",
    "Cargo barrier",
    "CD player",
    "Central locking",
    "DAB radio",
    "Digital cockpit",
    "Distance warning system",
    "Dynamic chassis control",
    "Electric seat adjustment",
    "Electric side mirror",
    "Electric windows",
    "Eletric seat adjustment with memory function",
    "Emergency brake assist",
    "Emergency call system",
    "ESP",
    "Fatigue warning system",
    "Four-wheel drive",
    "Full Service History",
    "Glare-free high beam headlights",
    "Hands-free kit",
    "Head-up display",
    "Heated seats",
    "High beam assist",
    "Hill-start assist",
    "Immobilizer",
    "Induction charging for smartphones",
    "Integrated music streaming",
    "Isofix",
    "Keyless central locking",
    "Lane change assist",
    "Leather steering wheel",
    "LED headlights",
    "LED running lights",
    "Light sensor",
    "Lumbar support",
    "Multifunction steering wheel",
    "Navigation system",
    "Non-smoker vehicle",
    "On-board computer",
    "Paddle shifters",
    "Particulate filter",
    "Passenger seat Isofix point",
    "Power Steering",
    "Rain sensor",
    "Rear traffic alert",
    "Roof rack",
    "Sound system",
    "Speed limit control system",
    "Sport seats",
    "Sports package",
    "Sports suspension",
    "Start-stop system",
    "Tinted windows",
    "Touchscreen",
    "Traction control",
    "Traffic sign recognition",
    "Tuner/radio",
    "Tyre pressure monitoring",
    "USB port",
    "Voice control",
    "Warranty"
  ]
},
{
  "title": "BMW Touring xDrive Competition M LCI",
  "previewImage": "https://img.classistatic.de/api/v1/mo-prod/images/c6/c665d87f-0c0a-4184-a625-3e8ff685494d?rule=mo-1600.jpg",
  "category": "EstateCar",
  "brand": "BMW",
  "model": "M3",
  "url": "https://suchen.mobile.de/fahrzeuge/details.html?id=408020238",
  "price.total.amount": 101800,
  "priceRating": {
    "rating": "Good price",
    "priceRanges": {
      "Very good price": {
        "start": 75001,
        "end": 97500
      },
      "Good price": {
        "start": 97501,
        "end": 105000
      },
      "Fair price": {
        "start": 105001,
        "end": 116700
      },
      "Increased price": {
        "start": 116701,
        "end": 125300
      },
      "High price": {
        "start": 125301,
        "end": 139200
      }
    }
  },
  "description": "Fahrzeugstandort: BMW Unterberger Kufstein Ansprechperson: Verkaufsleiter Herr Matthias Hollinger E-Mail: matthias.hollinger@unterberger.cc Tel.: +4353726945142 Ausstattungshighlights: Erleben Sie die perfekte Symbiose aus Power, Eleganz und Innovation mit dem neuen BMW M3 Facelift. Dieses Fahrzeug ist der Inbegriff sportlicher Exzellenz und setzt neue Maßstäbe in seiner Klasse.\nLenkradheizung\nM Leuchten Shadownline\nM Compound-Bremse Schwarz\nM Interieurleisten Carbon Fibre\nKomfortzugang\nAktive Sitzbelüftung vorne\nSonnenschutzverglasung\nDriving Assistant Profession\nParking Assistant Plus\nBMW Drive Recorder\nSitzverstellung elektrisch mit Memory\nBMW Live Cockpit Professional inkl. Head-Up Display\nHarman Kardon Sound System\nFernlichtassistent\nInnovationspaket\nAkustikverglasung",
  "dealerDetails": {
    "id": 457359,
    "name": "AUTOHAUS UNTERBERGER GmbH (BMW Vertragshändler)",
    "sellerType": "Dealer",
    "phones": [
      "+49 (0)8051 640994680"
    ],
    "languages": [
      "Deutsch",
      "English",
      "Türkçe"
    ],
    "country": "DE",
    "address": "Am Reitbach 2, DE-83209 Prien am Chiemsee",
    "location": {
      "latitude": 47.8441159,
      "longitude": 12.3462083
    },
    "activeSince": "2003-01-28T00:00:00.000Z",
    "homepageUrl": "https://home.mobile.de/home/redirect.html?customerId=457359",
    "iconUrl": "https://img.classistatic.de/api/v1/mo-prod/images/4f/4faad3e0-2155-4f52-937b-634649de0acd?rule=mo-640.jpg",
    "reviewPageUrl": "https://www.mobile.de/bewertungen/UNTERBERGER-GMBH-AH?lang=en",
    "score": {
      "total": 4.3,
      "responseTime": 4.3,
      "friendliness": 4.5,
      "advice": 4.2
    },
    "activeRatingCount": 15,
    "vehicleAsDescribedPercentage": 91,
    "recommendPercentage": 86,
    "soldVehicleCount": null,
    "reviews": []
  },
  "attributes": {
    "Vehicle condition": "New vehicle, Accident-free",
    "Category": "Estate car",
    "Model range": "Baureihe M3 Touring (G81N)(07.2024->)",
    "Trim line": "xDrive Competition M",
    "Availability": "Now",
    "Origin": "EU edition",
    "Mileage": "0 km",
    "Cubic Capacity": "2,993 ccm",
    "Power": "390 kW (530 hp)",
    "Drive type": "Internal combustion engine",
    "Fuel": "Petrol",
    "Number of Seats": "5",
    "Door Count": "4/5",
    "Climatisation": "Automatic air conditioning",
    "Parking sensors": "Front, 360° camera, Rear, Self-steering systems",
    "Airbags": "Front and Side and More Airbags",
    "Colour (Manufacturer)": "BLACK SAPPHIRE METALLIC",
    "Colour": "Black Metallic",
    "Interior Design": "Full leather, Black",
    "Weight": "1,940 kg",
    "Cylinders": "6",
    "Tank capacity": "59 l"
  },
  "features": [
    "ABS",
    "Adaptive Cruise Control",
    "Adaptive lighting",
    "Alarm system",
    "Alloy wheels",
    "Ambient lighting",
    "Apple CarPlay",
    "Arm rest",
    "Autom. dimming interior mirror",
    "Blind spot assist",
    "Bluetooth",
    "Central locking",
    "Digital cockpit",
    "Distance warning system",
    "Dynamic chassis control",
    "Electric seat adjustment",
    "Electric side mirror",
    "Electric tailgate",
    "Electric windows",
    "Eletric seat adjustment with memory function",
    "Emergency brake assist",
    "Emergency call system",
    "Emergency tyre repair kit",
    "ESP",
    "Fatigue warning system",
    "Fog lamp",
    "Folding exterior mirrors",
    "Four-wheel drive",
    "Glare-free high beam headlights",
    "Hands-free kit",
    "Head-up display",
    "Heated seats",
    "Heated steering wheel",
    "High beam assist",
    "Hill-start assist",
    "Immobilizer",
    "Induction charging for smartphones",
    "Integrated music streaming",
    "Isofix",
    "Keyless central locking",
    "Lane change assist",
    "Leather steering wheel",
    "LED headlights",
    "LED running lights",
    "Lumbar support",
    "Multifunction steering wheel",
    "Navigation system",
    "Night vision assist",
    "Non-smoker vehicle",
    "On-board computer",
    "Paddle shifters",
    "Power Steering",
    "Rain sensor",
    "Rear traffic alert",
    "Roof rack",
    "Seat ventilation",
    "Sound system",
    "Sport seats",
    "Sports package",
    "Sports suspension",
    "Start-stop system",
    "Summer tyres",
    "Tinted windows",
    "Touchscreen",
    "Traction control",
    "Traffic sign recognition",
    "TV",
    "Tyre pressure monitoring",
    "USB port",
    "Voice control",
    "Warranty",
    "WLAN / Wi-Fi hotspot"
  ]
},
{
  "title": "BMW M3 Competition Limousine mit M",
  "previewImage": "https://img.classistatic.de/api/v1/mo-prod/images/bb/bbe934d7-bbee-49b3-9dff-3ade268acdad?rule=mo-1600.jpg",
  "category": "Limousine",
  "brand": "BMW",
  "model": "M3",
  "url": "https://suchen.mobile.de/fahrzeuge/details.html?id=422229984",
  "price.total.amount": 101814,
  "priceRating": {
    "rating": "Good price",
    "priceRanges": {
      "Very good price": {
        "start": 75401,
        "end": 98000
      },
      "Good price": {
        "start": 98001,
        "end": 105500
      },
      "Fair price": {
        "start": 105501,
        "end": 117400
      },
      "Increased price": {
        "start": 117401,
        "end": 126000
      },
      "High price": {
        "start": 126001,
        "end": 140000
      }
    }
  },
  "description": "Fahrzeugnummer: NA77994\n\nBrutto-Listen-Neupreis: 120.979 €\nUnsere Datenschutzhinweise finden Sie unter http://www.rhein-ludwigsburg.de/datenschutz.html\n\n\nSie erreichen uns direkt unter der Telefonnummer +4971411469914. \n\nNO EXPORT !NO EXPORT !KEIN VERKAUF AN WIEDERVERKÄUFER ODER AUTOHÄNDLER !NUR FÜR DEN DEUTSCHEN MARKT ! HIGHLIGHTS & PAKETE\nM DRIVE PROFESSIONAL\nAblagenpaket\nBMW Live Cockpit Professional\nHochglanz Shadow-Line\nInnovationspaket II\nM Shadow Line mit erweitertem Umfang\n\nASSISTENZSYSTEME\nDriving Assistant Professional\nParkassistenzsystem Plus\nSteuerung Fahrerassistenzsysteme\n\nMOTOR GETRIEBE & FAHRWERK\nAbgasnorm EU6 rde II\nM Sportdifferenzial\nAdaptives M Fahrwerk\nKomfortzugang\n\nAUDIO & KOMMUNIKATION\nDAB-Tuner (DAB+ fähig)\nHarman/Kardon Surround Sound System\nConnected Package Professional\nPersonal eSIM\nSteuerung Infotainment\nSprachversion deutsch\n\nINTERIEUR\nLenkradheizung\nInnenspiegel automatisch abblendend\nKlimatisierte Sitze vorne\nSitzverstellung elektrisch mit Memory\nLordosenstütze Fahrer u. Beifahrer\nSitzheizung Fahrer/Beifahrer\nM Sicherheitsgurte\nInterieurleisten Carbon Fibre\nGalvanikapplikation Bedienelemente\nKlimaautomatik\nDeaktivierung Airbag Beifahrer\nKopfstützen im Fond klappbar\nStorage tray wireless charging\nM Sportsitz\nDachhimmel anthrazit\nBordliteratur deutsch\n\nLICHT & SICHT\nM Leuchten Shadow Line\nAdaptiver LED-Scheinwerfer\nFernlichtassistent\n\nRÄDER\nBMW LM Rad 826M JB\nRadschraubensicherung\nReifendruckanzeige\nReifenreparatur-Set\n\nTECHNIK & SICHERHEIT\nAlarmanlage\nAutomatische Heckklappenbetätigung\nInnen-/Aussensp. mit Abblendautomatik\nKilometertacho\nActive Guard\nAktiver Fussgängerschutz\n\nEXTERIEUR\nM COMPOUND-BREMSE SCHWARZ HOCHGL.\nAbgedunkelte Verglasung\n\nSONSTIGE AUSSTATTUNGEN\nEU-spezifische Zusatzumfänge\nWarndreieck und Verbandstasche\nDeutschland-Ausführung\nDummy-SALAPA\nCOC ZUSATZUMFAENGE\nKältemittel R1234yf \nSie erreichen uns direkt unter der Telefonnummer +4971411469914. \n\nIrrtum und Zwischenverkauf vorbehalten",
  "dealerDetails": {
    "id": 26529255,
    "name": "Autohaus Rhein Ludwigsburg - Zw. NL der Autohaus Heermann und Rhein GmbH",
    "sellerType": "Dealer",
    "phones": [
      "+49 (0)7141 493025968"
    ],
    "languages": [
      "Deutsch",
      "English"
    ],
    "country": "DE",
    "address": "Zeissstr. 2, DE-71679 Asperg",
    "location": {
      "latitude": 48.898497,
      "longitude": 9.1546865
    },
    "activeSince": "2021-06-14T00:00:00.000Z",
    "homepageUrl": "https://home.mobile.de/home/redirect.html?customerId=26529255",
    "iconUrl": null,
    "reviewPageUrl": "https://www.mobile.de/bewertungen/AutohausRheinLudwigsburgZwNLderAutohausHeermannundRheinGmbHLudwi?lang=en",
    "score": {
      "total": 4.4,
      "responseTime": 4.6,
      "friendliness": 4.5,
      "advice": 4.2
    },
    "activeRatingCount": 14,
    "vehicleAsDescribedPercentage": 85,
    "recommendPercentage": 71,
    "soldVehicleCount": null,
    "reviews": []
  },
  "attributes": {
    "Vehicle condition": "New vehicle, Accident-free",
    "Category": "Saloon",
    "Vehicle Number": "NA77994",
    "Availability": "Now",
    "Origin": "German edition",
    "Mileage": "0 km",
    "Cubic Capacity": "2,993 ccm",
    "Power": "390 kW (530 hp)",
    "Drive type": "Internal combustion engine",
    "Fuel": "Petrol, E10-enabled",
    "CO₂ class": "Based on CO₂ emissions (combined)",
    "Fuel consumption": [
      "10.2 l/100km (combined)",
      "15.0 l/100km (city)",
      "10.1 l/100km (suburban)",
      "8.7 l/100km (country road)",
      "9.5 l/100km (motorway)"
    ],
    "Energy costs for 15,000 km annual mileage": "€2,830/Year",
    "Fuel price": "€1.85/l (annual average 2024)",
    "Possible CO₂ costs over the next 10 years (15,000 km/year)": [
      "€3,968 (assuming an average CO₂ price of €115/t)",
      "€1,898 (assuming a low average CO₂ price of €55/t)",
      "€6,555 (assuming a high average CO₂ price of €190/t)"
    ],
    "Vehicle tax": "€456/Year",
    "Number of Seats": "5",
    "Door Count": "4/5",
    "Transmission": "Automatic",
    "Climatisation": "Automatic climatisation, 2 zones",
    "Parking sensors": "Front, Rear, 360° camera",
    "Airbags": "Front and Side and More Airbags",
    "Colour (Manufacturer)": "M Portimao Blau",
    "Colour": "Blue Metallic",
    "Interior Design": "Alcantara, Other",
    "Energy consumption (comb.)": "10.2 l/100km",
    "CO₂ emissions (comb.)": "230 g/km"
  },
  "features": [
    "ABS",
    "Adaptive Cruise Control",
    "Adaptive lighting",
    "Alloy wheels",
    "Ambient lighting",
    "Android Auto",
    "Apple CarPlay",
    "Arm rest",
    "Autom. dimming interior mirror",
    "Bluetooth",
    "Central locking",
    "DAB radio",
    "Daytime running lights",
    "Digital cockpit",
    "Electric seat adjustment",
    "Electric side mirror",
    "Electric windows",
    "Emergency brake assist",
    "Emergency call system",
    "ESP",
    "Fatigue warning system",
    "Full Service History",
    "Hands-free kit",
    "Head-up display",
    "Heated seats",
    "Immobilizer",
    "Integrated music streaming",
    "Isofix",
    "Keyless central locking",
    "Lane change assist",
    "LED headlights",
    "Light sensor",
    "Multifunction steering wheel",
    "Navigation system",
    "Non-smoker vehicle",
    "On-board computer",
    "Power Steering",
    "Rain sensor",
    "Seat ventilation",
    "Sound system",
    "Sport seats",
    "Sports package",
    "Sports suspension",
    "Start-stop system",
    "Tinted windows",
    "Touchscreen",
    "Traction control",
    "Tuner/radio",
    "Tyre pressure monitoring",
    "USB port",
    "Voice control",
    "Warranty"
  ]
},
{
  "title": "BMW M3 Competition Limousine M xDrive",
  "previewImage": "https://img.classistatic.de/api/v1/mo-prod/images/dc/dc9f2853-dbea-47c9-85f2-9bc1d42ccb32?rule=mo-1600.jpg",
  "category": "Limousine",
  "brand": "BMW",
  "model": "M3",
  "url": "https://suchen.mobile.de/fahrzeuge/details.html?id=432870327",
  "price.total.amount": 101519.99,
  "priceRating": {
    "rating": "Good price",
    "priceRanges": {
      "Very good price": {
        "start": 74601,
        "end": 96900
      },
      "Good price": {
        "start": 96901,
        "end": 104400
      },
      "Fair price": {
        "start": 104401,
        "end": 116100
      },
      "Increased price": {
        "start": 116101,
        "end": 124600
      },
      "High price": {
        "start": 124601,
        "end": 138500
      }
    }
  },
  "description": "Fahrzeugnummer: NA77995\n\nBrutto-Listen-Neupreis: 120.629 €\nUnsere Datenschutzhinweise finden Sie unter http://www.rhein-ludwigsburg.de/datenschutz.html\n\n\nSie erreichen uns direkt unter der Telefonnummer +4971411469914. \n\nNO EXPORT !NO EXPORT !KEIN VERKAUF AN WIEDERVERKÄUFER ODER AUTOHÄNDLER !NUR FÜR DEN DEUTSCHEN MARKT ! HIGHLIGHTS & PAKETE\nM DRIVE PROFESSIONAL\nAblagenpaket\nBMW Live Cockpit Professional\nHochglanz Shadow-Line\nInnovationspaket II\nM Shadow Line mit erweitertem Umfang\nM DRIVE PROFESSIONAL\nAblagenpaket\nBMW Live Cockpit Professional\nHochglanz Shadow-Line\nInnovationspaket II\nM Shadow Line mit erweitertem Umfang\n\nASSISTENZSYSTEME\nDriving Assistant Professional\nParkassistenzsystem Plus\nSteuerung Fahrerassistenzsysteme\nDriving Assistant Professional\nParkassistenzsystem Plus\nSteuerung Fahrerassistenzsysteme\n\nMOTOR GETRIEBE & FAHRWERK\nAbgasnorm EU6 rde II\nM Sportdifferenzial\nAdaptives M Fahrwerk\nKomfortzugang\nAbgasnorm EU6 rde II\nM Sportdifferenzial\nAdaptives M Fahrwerk\nKomfortzugang\n\nAUDIO & KOMMUNIKATION\nDAB-Tuner\nHarman/Kardon Surround Sound System\nConnected Package Professional\nPersonal eSIM\nSteuerung Infotainment\nSprachversion deutsch\nDAB-Tuner\nHarman/Kardon Surround Sound System\nConnected Package Professional\nPersonal eSIM\nSteuerung Infotainment\nSprachversion deutsch\n\nINTERIEUR\nLenkradheizung\nInnenspiegel automatisch abblendend\nKlimatisierte Sitze vorne\nSitzverstellung elektrisch mit Memory\nLordosenstütze Fahrer u. Beifahrer\nSitzheizung Fahrer/Beifahrer\nM Sicherheitsgurte\nInterieurleisten Carbon Fibre\nGalvanikapplikation Bedienelemente\nKlimaautomatik\nDeaktivierung Airbag Beifahrer\nKopfstützen im Fond klappbar\nStorage tray wireless charging\nM Sportsitz\nDachhimmel anthrazit\nBordliteratur deutsch\nLenkradheizung\nInnenspiegel automatisch abblendend\nKlimatisierte Sitze vorne\nSitzverstellung elektrisch mit Memory\nLordosenstütze Fahrer u. Beifahrer\nSitzheizung Fahrer/Beifahrer\nM Sicherheitsgurte\nInterieurleisten Carbon Fibre\nGalvanikapplikation Bedienelemente\nKlimaautomatik\nDeaktivierung Airbag Beifahrer\nKopfstützen im Fond klappbar\nStorage tray wireless charging\nM Sportsitz\nDachhimmel anthrazit\nBordliteratur deutsch\n\nLICHT & SICHT\nM Leuchten Shadow Line\nAdaptiver LED-Scheinwerfer\nFernlichtassistent\nM Leuchten Shadow Line\nAdaptiver LED-Scheinwerfer\nFernlichtassistent\n\nRÄDER\nBMW LM Rad 826M JB\nRadschraubensicherung\nReifendruckanzeige\nReifenreparatur-Set\nBMW LM Rad 826M JB\nRadschraubensicherung\nReifendruckanzeige\nReifenreparatur-Set\n\nTECHNIK & SICHERHEIT\nAlarmanlage\nAutomatische Heckklappenbetätigung\nInnen-/Aussensp. mit Abblendautomatik\nKilometertacho\nActive Guard\nAktiver Fussgängerschutz\nAlarmanlage\nAutomatische Heckklappenbetätigung\nInnen-/Aussensp. mit Abblendautomatik\nKilometertacho\nActive Guard\nAktiver Fussgängerschutz\n\nEXTERIEUR\nM COMPOUND-BREMSE SCHWARZ HOCHGL.\nAbgedunkelte Verglasung\nM COMPOUND-BREMSE SCHWARZ HOCHGL.\nAbgedunkelte Verglasung\n\nSONSTIGE AUSSTATTUNGEN\nZusatzumfang EU-spezifisch\nWarndreieck und Verbandstasche\nLänderausführung Deutschland\nDummy-SALAPA\nCOC ZUSATZUMFAENGE\nKältemittel R1234yf\nL070 Batteriegröße 70AH\nEU-spezifische Zusatzumfänge\nWarndreieck und Verbandstasche\nDeutschland-Ausführung\nDummy-SALAPA\nCOC ZUSATZUMFAENGE\nKältemittel R1234yf \nSie erreichen uns direkt unter der Telefonnummer +4971411469914. \n\nIrrtum und Zwischenverkauf vorbehalten",
  "dealerDetails": {
    "id": 26529255,
    "name": "Autohaus Rhein Ludwigsburg - Zw. NL der Autohaus Heermann und Rhein GmbH",
    "sellerType": "Dealer",
    "phones": [
      "+49 (0)7141 141912936"
    ],
    "languages": [
      "Deutsch",
      "English"
    ],
    "country": "DE",
    "address": "Zeissstr. 2, DE-71679 Asperg",
    "location": {
      "latitude": 48.898497,
      "longitude": 9.1546865
    },
    "activeSince": "2021-06-14T00:00:00.000Z",
    "homepageUrl": "https://home.mobile.de/home/redirect.html?customerId=26529255",
    "iconUrl": null,
    "reviewPageUrl": "https://www.mobile.de/bewertungen/AutohausRheinLudwigsburgZwNLderAutohausHeermannundRheinGmbHLudwi?lang=en",
    "score": {
      "total": 4.4,
      "responseTime": 4.6,
      "friendliness": 4.5,
      "advice": 4.2
    },
    "activeRatingCount": 14,
    "vehicleAsDescribedPercentage": 85,
    "recommendPercentage": 71,
    "soldVehicleCount": null,
    "reviews": []
  },
  "attributes": {
    "Vehicle condition": "New vehicle, Accident-free",
    "Category": "Saloon",
    "Vehicle Number": "NA77995",
    "Availability": "Now",
    "Origin": "German edition",
    "Mileage": "0 km",
    "Cubic Capacity": "2,993 ccm",
    "Power": "390 kW (530 hp)",
    "Drive type": "Internal combustion engine",
    "Fuel": "Petrol, E10-enabled",
    "CO₂ class": "Based on CO₂ emissions (combined)",
    "Fuel consumption": [
      "10.2 l/100km (combined)",
      "15.3 l/100km (city)",
      "10.1 l/100km (suburban)",
      "8.7 l/100km (country road)",
      "9.5 l/100km (motorway)"
    ],
    "Energy costs for 15,000 km annual mileage": "€2,754/Year",
    "Fuel price": "€1.80/l (annual average 2025)",
    "Possible CO₂ costs over the next 10 years (15,000 km/year)": [
      "€4,382 (assuming an average CO₂ price of €127/t)",
      "€2,070 (assuming a low average CO₂ price of €60/t)",
      "€6,900 (assuming a high average CO₂ price of €200/t)"
    ],
    "Vehicle tax": "€456/Year",
    "Number of Seats": "5",
    "Door Count": "4/5",
    "Transmission": "Automatic",
    "Climatisation": "Automatic climatisation, 2 zones",
    "Parking sensors": "Rear, 360° camera, Front",
    "Airbags": "Front and Side and More Airbags",
    "Colour (Manufacturer)": "Saphirschwarz",
    "Colour": "Black Metallic",
    "Interior Design": "Full leather, Black",
    "Energy consumption (comb.)": "10.2 l/100km",
    "CO₂ emissions (comb.)": "230 g/km"
  },
  "features": [
    "ABS",
    "Adaptive Cruise Control",
    "Alloy wheels",
    "Ambient lighting",
    "Android Auto",
    "Apple CarPlay",
    "Arm rest",
    "Autom. dimming interior mirror",
    "Bluetooth",
    "Central locking",
    "DAB radio",
    "Daytime running lights",
    "Digital cockpit",
    "Electric seat adjustment",
    "Electric side mirror",
    "Electric windows",
    "Emergency brake assist",
    "Emergency call system",
    "ESP",
    "Fatigue warning system",
    "Four-wheel drive",
    "Full Service History",
    "Hands-free kit",
    "Head-up display",
    "Heated seats",
    "Immobilizer",
    "Integrated music streaming",
    "Isofix",
    "Keyless central locking",
    "Lane change assist",
    "LED headlights",
    "Light sensor",
    "Multifunction steering wheel",
    "Navigation system",
    "Non-smoker vehicle",
    "On-board computer",
    "Particulate filter",
    "Power Steering",
    "Rain sensor",
    "Seat ventilation",
    "Sound system",
    "Sport seats",
    "Sports package",
    "Sports suspension",
    "Start-stop system",
    "Tinted windows",
    "Touchscreen",
    "Traction control",
    "Tuner/radio",
    "Tyre pressure monitoring",
    "USB port",
    "Warranty"
  ]
},
{
  "title": "BMW M3 Competition A M xDrive M Drivers P. HK-HiFi|N",
  "previewImage": "https://img.classistatic.de/api/v1/mo-prod/images/a4/a4489238-f1eb-4022-bfcd-c54627df03a2?rule=mo-1600.jpg",
  "category": "Limousine",
  "brand": "BMW",
  "model": "M3",
  "url": "https://suchen.mobile.de/fahrzeuge/details.html?id=409955500",
  "price.total.amount": 99995,
  "priceRating": {
    "rating": "Very good price",
    "priceRanges": {
      "Very good price": {
        "start": 76901,
        "end": 100000
      },
      "Good price": {
        "start": 100001,
        "end": 107700
      },
      "Fair price": {
        "start": 107701,
        "end": 119800
      },
      "Increased price": {
        "start": 119801,
        "end": 128600
      },
      "High price": {
        "start": 128601,
        "end": 142900
      }
    }
  },
  "description": "Wichtiger Hinweis: Trotz sorgfältiger Überprüfung aller Details in unserem Angebot kann es vorkommen, dass sich Fehler einschleichen. Teilweise werden diese durch Übertragungsfehler in den Systemen der verschiedenen Plattformanbieter verursacht. Daher möchten wir darauf hinweisen, dass sich alle Angaben ohne Gewähr verstehen und keinen Rechtsanspruch darstellen. Rechtliches: Diese Verkaufsanzeige stellt kein Angebot im Sinne des §145 BGB dar. Vielmehr handelt es sich um Informationen zur Vertragsanbahnung. Die hier gemachten Angaben sind ohne Gewähr und stellen somit keine zugesicherten Eigenschaften dar. | Important note: Despite careful checking of all details in our offer, it is possible that errors may creep in. Some of these are caused by transmission errors in the systems of the various platform providers. We would therefore like to point out that all information is provided without guarantee and does not constitute a legal claim. Legal information: This sales advertisement does not constitute an offer within the meaning of §145 BGB. Rather, it is information for the initiation of a contract. The information provided here is without guarantee and therefore does not represent guaranteed properties.\n\nAntrieb, Fahrwerk\nAdaptives M Fahrwerk\nAllrad\nBremsanlage: Compound - M Bremssystem (Bremssättel Schwarz)\nM Drive Professional\nM Sportdifferential\nSportfahrwerk\n\nAußenausstattung\nLM-Felgen\nSonnenschutzverglasung (hinten abgedunkelt)\n\nEditionen und Pakete\nAblagenpaket\nConnectedDrive Services (laufzeitgebundener Dienst)\nConnectedPackage Professional (laufzeitgebundener Dienst)\nExterieur-Paket M Carbon\nM Driver´s Package\n\nFahrerassistenz\nFahrassistenz-System: Driving Assistant Professional\nGesetzlicher Notruf\nHead-Up Display\nParkassistent-Paket Plus\nRückfahrkamera\nTeleServices\n\nIndividualumfänge\nBMW Individual Hochglanz Shadow Line\nBMW Individual Hochglanz Shadow Line mit erweiterten Umfängen\nDachhimmel Individual anthrazit\nScheinwerfer BMW Individual Shadow-Line\n\nKomfort, Innenausstattung\nAmbiente-Beleuchtung\nAußenspiegel elektr. anklappbar\nBMW Live Cockpit Professional\nDurchladeeinrichtung (Mittelarmlehne hinten)\nDurchladesystem\nEinparkhilfe selbstlenkendes System\nFahrassistenz-System: Einparkhilfe Seite\nFahrassistenz-System: Park-Assistent\nFensterheber elektrisch vorn + hinten\nFensterheber, elektrisch\nFondkopfstützen klappbar\nFreisprecheinrichtung Bluetooth mit USB-/Audio-Schnittstelle\nGalvanikapplikation für Bedienelemente\nGeschwindigkeits-Regelanlage mit Bremsfunktion\nHead-up-Display Full Color\nHeckklappenbetätigung automatisch\nInduktionsladeschale für Smartphone (Wireless Charging)\nInnen- und Aussenspiegel automatisch abblendend\nInnenausstattung: Interieurleisten Carbon\nInnenspiegel mit Abblendautomatik\nIsofix-Aufnahmen für Kindersitz\nKeyless Entry\nKlimaautomatic\nKlimaautomatik 3-Zonen mit autom. Umluft-Control\nKomfortzugang (Öffnungs- und Schließsystem)\nLeder\nLederlenkrad\nLenkrad heizbar\nLordose\nLordosenstuetze fuer Fahrer und Beifahrer\nM Sicherheitsgurte\nM Sportsitze\nMultifunktionslenkrad\nSitzheizung fuer Fahrer und Beifahrer\nSitzverstellung, elektrisch mit Memory\nSonnenschutzverglasung\nSportsitze\nTempomat\nZentralverriegelung\n\nMultimedia\nBluetooth\nBMW Live Cockpit Professional (laufzeitgebundener Dienst)\nDAB Tuner\nFreisprecheinrichtung\nHarman Kardon Surround Sound System\nNavigationssystem\nRadio\nTelefon\nUSB Schnittstelle\n\nRäder\n19\"/20\" M Schmiederäder Doppelspeiche 826 M Schwarz / MB\nRadschraubensicherung\nReifenreparatur-Set\n\nSitzbezug\nVollleder Merino Feinnarbe Schwarz/ Schwarz\n\nSonstiges\nAblage für Wireless Charging \nActive Guard\nBlow by-Heizer\nCO2-Umfang\nDekodierung Zusatzfunktionen\nDeutsch / Bordliteratur\nDeutschland-Ausfuehrung\nElektrisch verstellbare Spiegel\nEU-spezifische Zusatzumfaenge\nKältemittel\nKilometertacho\nÖlwartungsintervall 24 Monate/30.000 km\nPersonal eSIM \nReifendruckkontrollsystem\nSitzbezug / Polsterung: Voll-Leder Merino\nSteuerung Infotainment\nSteuerung Karosserie\nUltimate-Paket\n\nUmwelt, Sicherheit\nAbgasnorm EU6 RDE II\nABS\nAktiver Fussgängerschutz\nAlarmanlage\nAuto Start/Stop Funktion \nBeifahrerairbag\nBeifahrerairbag-Deaktivierung\nDiebstahlwarnanlage\nESP\nFahrassistenz-System: Fernlichtassistent\nFahrerairbag\nInnenspiegel, automatisch abblendend\nKindersitzbefestigung ISOFIX\nKopfairbag\nLED-Scheinwerfer\nLichtsensor\nNotbremsassistent\nPASM\nRegensensor\nReifen Druck Control\nScheinwerfer LED mit adaptiver Lichtverteilung\nSeitenairbag\nTraction Control\nWarndreieck\nIrrtümer und Zwischenverkauf vorbehalten.",
  "dealerDetails": {
    "id": 461411,
    "name": "Autohaus Munding GmbH",
    "sellerType": "Dealer",
    "phones": [
      "+49 (0)7351 374479012"
    ],
    "languages": [
      "Deutsch",
      "English",
      "Italiano",
      "Polski"
    ],
    "country": "DE",
    "address": "Rissstrasse  24, DE-88400 Biberach",
    "location": {
      "latitude": 48.104433,
      "longitude": 9.795855
    },
    "activeSince": "2003-07-02T00:00:00.000Z",
    "homepageUrl": "https://home.mobile.de/home/redirect.html?customerId=461411",
    "iconUrl": null,
    "reviewPageUrl": "https://www.mobile.de/bewertungen/MUNDING?lang=en",
    "score": {
      "total": 4.6,
      "responseTime": 4.8,
      "friendliness": 4.8,
      "advice": 4.3
    },
    "activeRatingCount": 13,
    "vehicleAsDescribedPercentage": 91,
    "recommendPercentage": 100,
    "soldVehicleCount": null,
    "reviews": []
  },
  "attributes": {
    "Vehicle condition": "New vehicle, Accident-free",
    "Category": "Saloon",
    "Model range": "G80",
    "Trim line": "A M xDrive M Drivers P. HK-HiFi|Navi|PDC|MFL",
    "Vehicle Number": "B00495055572",
    "Availability": "Available in 2 weeks after order",
    "Origin": "German edition",
    "Mileage": "0 km",
    "Cubic Capacity": "2,993 ccm",
    "Power": "390 kW (530 hp)",
    "Drive type": "Internal combustion engine",
    "Fuel": "Petrol, E10-enabled",
    "Battery": "included",
    "CO₂ class": "Based on CO₂ emissions (combined)",
    "Fuel consumption": [
      "10.2 l/100km (combined)",
      "15.4 l/100km (city)",
      "10.1 l/100km (suburban)",
      "8.7 l/100km (country road)",
      "9.5 l/100km (motorway)"
    ],
    "Energy costs for 15,000 km annual mileage": "€2,748/Year",
    "Fuel price": "€1.80/l (annual average 2024)",
    "Possible CO₂ costs over the next 10 years (15,000 km/year)": [
      "€4,382 (assuming an average CO₂ price of €127/t)",
      "€2,070 (assuming a low average CO₂ price of €60/t)",
      "€6,900 (assuming a high average CO₂ price of €200/t)"
    ],
    "Vehicle tax": "€460/Year",
    "Number of Seats": "5",
    "Door Count": "4/5",
    "Transmission": "Automatic",
    "Emission Class": "Euro6",
    "Emissions Sticker": "4 (Green)",
    "Construction Year": "2024",
    "Number of Vehicle Owners": "0",
    "HU": "New",
    "Climatisation": "Automatic climatisation, 3 zones",
    "Parking sensors": "Camera, Self-steering systems, Rear, Front",
    "Airbags": "Front and Side and More Airbags",
    "Colour (Manufacturer)": "M Sao Paulo Gelb uni",
    "Colour": "Yellow",
    "Interior Design": "Full leather, Black",
    "Weight": "1,855 kg",
    "Tank capacity": "59 l",
    "Energy consumption (comb.)": "10.2 l/100km",
    "CO₂ emissions (comb.)": "230 g/km"
  },
  "features": [
    "ABS",
    "Adaptive cornering lights",
    "Adaptive Cruise Control",
    "Alarm system",
    "Alloy wheels",
    "Ambient lighting",
    "Arm rest",
    "Autom. dimming interior mirror",
    "Blind spot assist",
    "Bluetooth",
    "Cargo barrier",
    "Central locking",
    "DAB radio",
    "Digital cockpit",
    "Distance warning system",
    "Dynamic chassis control",
    "Electric seat adjustment",
    "Electric side mirror",
    "Electric tailgate",
    "Electric windows",
    "Emergency brake assist",
    "Emergency call system",
    "ESP",
    "Fatigue warning system",
    "Four-wheel drive",
    "Full Service History",
    "Glare-free high beam headlights",
    "Hands-free kit",
    "Head-up display",
    "Heated seats",
    "Heated steering wheel",
    "High beam assist",
    "Hill-start assist",
    "Immobilizer",
    "Induction charging for smartphones",
    "Integrated music streaming",
    "Isofix",
    "Keyless central locking",
    "Lane change assist",
    "Leather steering wheel",
    "LED headlights",
    "LED running lights",
    "Light sensor",
    "Lumbar support",
    "Multifunction steering wheel",
    "Navigation system",
    "Non-smoker vehicle",
    "On-board computer",
    "Paddle shifters",
    "Particulate filter",
    "Power Steering",
    "Rain sensor",
    "Sound system",
    "Speed limit control system",
    "Sport seats",
    "Sports package",
    "Sports suspension",
    "Start-stop system",
    "Summer tyres",
    "Tinted windows",
    "Touchscreen",
    "Traction control",
    "Traffic sign recognition",
    "Tuner/radio",
    "Tyre pressure monitoring",
    "USB port",
    "Voice control",
    "Warranty"
  ]
},
{
  "title": "BMW M3 A Competition M xDrive Tou DAProf,Leder,Autom",
  "previewImage": "https://img.classistatic.de/api/v1/mo-prod/images/84/84583fe5-c4fc-4f50-a7f9-808db2a67e90?rule=mo-1600.jpg",
  "category": "EstateCar",
  "brand": "BMW",
  "model": "M3",
  "url": "https://suchen.mobile.de/fahrzeuge/details.html?id=434468146",
  "price.total.amount": 100690,
  "priceRating": {
    "rating": "Good price",
    "priceRanges": {
      "Very good price": {
        "start": 76501,
        "end": 99500
      },
      "Good price": {
        "start": 99501,
        "end": 107100
      },
      "Fair price": {
        "start": 107101,
        "end": 119100
      },
      "Increased price": {
        "start": 119101,
        "end": 127900
      },
      "High price": {
        "start": 127901,
        "end": 142100
      }
    }
  },
  "description": "Ablagenpaket\nInnovationspaket\nAdaptives Licht\nBi-Xenon-Licht\nBordmonitor\nHead up Display\nKurvenlicht Dynamisch\nM DRIVE PROFESSIONAL\nTraktionskontrolle\nInnen- und Außenspiegelpaket\nConnected Package Professional\nM Driver's Package\nSitzheizung für Fahrer und Beifahrer\nSitzheizung Beifahrer\nSitzheizung Fahrer\nKlimaautomatik\nAutomatische Umluft-Kontrolle\nKlimaautomatik\nKomfortzugang\nAktive Sitzbelüftung vorn\nBelüftete Vordersitz/-sitze\nHarman Kardon Surround Sound System\nSoundsystem\nSitzverstellung, elektrisch mit Memory für Fahrersitz\nPARKING ASSISTANT\nParklenkassistent (aktiv)\nRückfahrkamera\nBMW Live Cockpit Professional\nDriving Assistant Professional\nBremsassistent, aktiv\nNotbremsassistent, City\nTempomat mit Abstandsregelung\nADAPTIVES M FAHRWERK\nLED-Scheinwerfer\nLED Abblendlicht\nLED Tagfahrlicht\nConnectedDrive Services\nInternet Zugang\nDAB-Tuner\nLenkradheizung\nLenkrad beheizt\nSonnenschutzverglasung\nM Compound-Bremse, rot hochglänzend\nHeckklappenbetätigung automatisch\nHeckklappe elektrisch\nInnenspiegel automatisch abblendend\nAblage für Wireless Charging\nTeleservices\nFernlichtassistent\nAutomatisches Fernlicht\nLordosenstütze für Fahrer und Beifahrer\nAlarmanlage\nAlarmanlage\nGepäckraumpaket\nGESETZLICHER NOTRUF\nM Sicherheitsgurte\nPERSONAL ESIM\nReifendruck-Kontrolle\nM Interieurleisten 'Carbon Fibre'\nM Dachreling Hochglanz Shadow Line\nM Dachhimmel anthrazit\nReifenreparatur Set\nM Sportsitze\n19\"/20\" M Schmiederäder Doppelspeiche 826 M Bicolor Schwarz / MB\nHeckscheibenwischer\nWegfahrsperre\nWegfahrsperre\nAirbag: 2 Seitenairbags vorne\nAirbag Fahrer- und Bei.seite\"Full-Size\"\nBeifahrerairbag\nFahrerairbag\nBremsleuchte, dritte\nServotronic: M Servotronic\nLackierung: Metallic\nLenksäule: elektrisch einstellbar\nAllradantrieb xDrive\nAllradantrieb permanent\nPolster: BMW Individ. Leder Merino erw.\nHeckscheibenheizung\nSteckdose (12 V)\nAnti-Blockier-System (ABS) inkl. Bremsas\nAnti-Blockier-System (ABS)\nSpeed Limiter\nGeschwindigkeitsbegrenzung\nOttopartikelfilter\nAirbag: Kopfairbags für 4 äuß.Sitzplät.\nKindersitzbefestigung ISOFIX\nKindersitzbefestigung/Isofix\nLenkrad: M Lederlenkrad mit Multifunkt.\nLenkrad in Leder\nMultifunktionslenkrad\nSportlenkrad\nM Compound Bremsen\nGetränkehalter in Mittelkonsole vorn\nBMW ID\nRegensensor\nRegensensor\nEinstiegs. mit Alu.einleger u Modellschr\nFahrwerk: Adaptives M Fahrwerk\nFahrwerksregelung elektronisch\nHeckleuchten in LED-Technik\nAmbientes Licht\nAmbiente Innenbeleuchtung\nM Interieurleisten \"Carbon Fibre\"\nActive Protection\nCrash Sensor\nAirbag sonstiges\nDSC mit erweiterten Umfängen\nESP (Elektronisches Stabilitätsprogramm)\nGetriebe: 8-Gang Steptronic Sport Getr.\nAutomatik 8 Stufen\nRäderzubehör: Radschraubensicherung\nFahrzeugschlüssel, Zentralverriegelung\nZentralverriegelung fernbedienbar\nM Hochglanz Shadow Line mit erw. Umfäng.\nHeimleuchten\nSitze: Fondsitze\nFensterheber, elektrisch\nFensterheber elektrisch hinten\nFensterheber elektrisch vorn\nGeschwindigkeitsregelung mit Bremsfunktion\nNotbremsassistent\nTempomat\n\nÄnderungen Zwischenverkauf und Irrtümer vorbehalten!\nGerne teilen wir Ihnen den detaillierten Fahrzeugzustand im Rahmen eines persönlichen Gespräches mit unserem Verkaufspersonal mit. Trotz größter Sorgfalt sind Inseratsfehler nicht ausgeschlossen, Irrtümer und Zwischenverkauf vorbehalten.",
  "dealerDetails": {
    "id": 774932,
    "name": "Autohaus Reisacher GmbH",
    "sellerType": "Dealer",
    "phones": [
      "+49 (0)8191 331885295"
    ],
    "languages": [
      "Deutsch",
      "English",
      "Türkçe"
    ],
    "country": "DE",
    "address": "Am Penzinger Feld 1, DE-86899 Landsberg am Lech",
    "location": {
      "latitude": 48.0529981,
      "longitude": 10.8964921
    },
    "activeSince": "2007-10-10T00:00:00.000Z",
    "homepageUrl": "https://home.mobile.de/home/redirect.html?customerId=774932",
    "iconUrl": null,
    "reviewPageUrl": "https://www.mobile.de/bewertungen/REISACHER-LANDSBERG?lang=en",
    "score": {
      "total": 4.2,
      "responseTime": 4.4,
      "friendliness": 4.4,
      "advice": 3.9
    },
    "activeRatingCount": 33,
    "vehicleAsDescribedPercentage": 86,
    "recommendPercentage": 82,
    "soldVehicleCount": null,
    "reviews": []
  },
  "attributes": {
    "Vehicle condition": "New vehicle",
    "Category": "Estate car",
    "Vehicle Number": "152948",
    "Availability": "Now",
    "Origin": "German edition",
    "Mileage": "10 km",
    "Cubic Capacity": "2,993 ccm",
    "Power": "390 kW (530 hp)",
    "Drive type": "Internal combustion engine",
    "Fuel": "Petrol",
    "CO₂ class": "Based on CO₂ emissions (combined)",
    "Fuel consumption": [
      "10.4 l/100km (combined)",
      "15.8 l/100km (city)",
      "10.3 l/100km (suburban)",
      "8.8 l/100km (country road)",
      "9.8 l/100km (motorway)"
    ],
    "Number of Seats": "5",
    "Door Count": "4/5",
    "Transmission": "Automatic",
    "Emission Class": "Euro6",
    "Emissions Sticker": "4 (Green)",
    "Number of Vehicle Owners": "0",
    "Climatisation": "Automatic air conditioning",
    "Parking sensors": "Camera, Self-steering systems",
    "Airbags": "Front and Side and More Airbags",
    "Colour (Manufacturer)": "Saphirschwarz metallic",
    "Colour": "Black Metallic",
    "Interior Design": "Full leather, Other",
    "Energy consumption (comb.)": "10.4 l/100km",
    "CO₂ emissions (comb.)": "234 g/km"
  },
  "features": [
    "ABS",
    "Adaptive cornering lights",
    "Adaptive Cruise Control",
    "Alarm system",
    "Alloy wheels",
    "Ambient lighting",
    "Autom. dimming interior mirror",
    "Bluetooth",
    "Central locking",
    "DAB radio",
    "Distance warning system",
    "Electric seat adjustment",
    "Electric side mirror",
    "Electric tailgate",
    "Electric windows",
    "Emergency brake assist",
    "Emergency call system",
    "ESP",
    "Fog lamp",
    "Four-wheel drive",
    "Full Service History",
    "Hands-free kit",
    "Head-up display",
    "Heated seats",
    "Heated steering wheel",
    "High beam assist",
    "Immobilizer",
    "Induction charging for smartphones",
    "Isofix",
    "Keyless central locking",
    "Leather steering wheel",
    "LED headlights",
    "LED running lights",
    "Light sensor",
    "Lumbar support",
    "Multifunction steering wheel",
    "Navigation system",
    "On-board computer",
    "Power Steering",
    "Rain sensor",
    "Roof rack",
    "Seat ventilation",
    "Sound system",
    "Speed limit control system",
    "Sport seats",
    "Sports package",
    "Sports suspension",
    "Start-stop system",
    "Traction control",
    "Tuner/radio",
    "Tyre pressure monitoring",
    "Warranty"
  ]
},
{
  "title": "BMW M3 Competition M XDR M Drivers P. / Touring",
  "previewImage": "https://img.classistatic.de/api/v1/mo-prod/images/fe/fee7361e-3296-4429-850a-4068e5ccbe4e?rule=mo-1600.jpg",
  "category": "EstateCar",
  "brand": "BMW",
  "model": "M3",
  "url": "https://suchen.mobile.de/fahrzeuge/details.html?id=426520251",
  "price.total.amount": 100890,
  "priceRating": {
    "rating": "Very good price",
    "priceRanges": {
      "Very good price": {
        "start": 77601,
        "end": 100900
      },
      "Good price": {
        "start": 100901,
        "end": 108700
      },
      "Fair price": {
        "start": 108701,
        "end": 120900
      },
      "Increased price": {
        "start": 120901,
        "end": 129800
      },
      "High price": {
        "start": 129801,
        "end": 144200
      }
    }
  },
  "description": "Antrieb, Fahrwerk\nAdaptives M Fahrwerk\nAllrad\nM Compound-Bremse, schwarz hochglänzend\nM Drive Professional\nM Sportdifferential\nSportfahrwerk\n\nAußenausstattung\nDachreling Hochglanz Shadow-Line\nHeckklappenbetätigung automatisch\nLM-Felgen\nSonnenschutzverglasung (hinten abgedunkelt)\n\nEditionen und Pakete\nAblagenpaket\nConnectedDrive Services (laufzeitgebundener Dienst)\nConnectedPackage Professional (laufzeitgebundener Dienst)\nInnovationspaket II\nM Driver's Package \n\nExterieur\nDach und Spiegelkappen schwarz\nDachreling\nElektrische Gepäckraumklappe\n\nFahrerassistenz\nBMW Drive Recorder\nDriving Assistant Professional\nGesetzlicher Notruf\nHead-Up Display\nParking Assistant Plus\nRückfahrkamera\nSpurverlassenswarnung\nSpurwechselwarnung\nTeleServices\n\nIndividualumfänge\nBMW Individual Dachreling Hochglanz Shadow Line\nBMW Individual Hochglanz Shadow Line\nBMW Individual Hochglanz Shadow Line mit erweiterten Umfängen\nBMW Individual Leuchten Shadow Line\nDachhimmel Individual anthrazit\n\nKomfort, Innenausstattung\nAbstandsregeltempomat\nAktive Sitzbelüftung vorn\nAkustikkomfort-Verglasung\nAmbiente-Beleuchtung\nAußenspiegel elektr. anklappbar\nAutomatische Verriegelung beim Anfahren\nBMW Live Cockpit Professional\nDurchladeeinrichtung (Mittelarmlehne hinten)\nDurchladesystem\nEinparkhilfe selbstlenkendes System\nFensterheber elektrisch vorn + hinten\nFensterheber, elektrisch\nFondkopfstützen klappbar\nFreisprecheinrichtung Bluetooth mit USB-/Audio-Schnittstelle\nGalvanikapplikation für Bedienelemente\nGepäckraum-Abtrennung (Netz)\nGeschwindigkeits-Regelanlage mit Bremsfunktion\nHead-up-Display Full Color\nInduktionsladeschale für Smartphone (Wireless Charging)\nInnen- und Aussenspiegel automatisch abblendend\nInnenspiegel mit Abblendautomatik\nInterieurleisten Carbon Fibre\nIsofix-Aufnahmen für Kindersitz\nKeyless Entry\nKlimaautomatic\nKlimaautomatik 3-Zonen mit autom. Umluft-Control\nKomfortzugang\nLeder\nLederlenkrad\nLendenwirbelstütze Sitz vorn links und rechts, elektr. verstellbar\nLenkrad (Leder) mit Multifunktion M-Technic\nLenkradheizung\nLicht- und Regensensor\nLordose\nLordosenstuetze fuer Fahrer und Beifahrer\nM Sicherheitsgurte\nM Sportsitze\nMultifunktion für Lenkrad\nMultifunktionslenkrad\nRadioempfang digital (DAB+)\nScheibenwischer mit Regensensor\nService-System: Augmented Reality für Navigation\nSitze vorn elektr. verstellbar (mit Memory)\nSitzheizung fuer Fahrer und Beifahrer\nSitzheizung vorn\nSitzverstellung, elektrisch mit Memory\nSonnenschutzverglasung\nSound-System Harman-Kardon\nSportsitze\nSpurhalteassistent\nStart/Stop-Anlage (Funktion)\nTempomat\nZentralverriegelung\nZentralverriegelung mit Diebstahlsicherung und Crashsensor\n\nMultimedia\nBluetooth\nBMW Live Cockpit Professional (laufzeitgebundener Dienst)\nDAB Tuner\nFreisprecheinrichtung\nHarman Kardon Surround Sound System\nNavigationssystem\nRadio\nTelefon\nUSB Schnittstelle\n\nRäder\nRadschraubensicherung\nReifenreparatur-Set\n\nSicherheit/Umwelt\nAdaptives Fahrwerk M-Technic\nAirbag Beifahrerseite abschaltbar\nAirbag Fahrer-/Beifahrerseite\nAlarmanlage\nAnti-Blockier-System (ABS)\nAntriebsart: Allradantrieb\nAntriebsart: xDrive (Allrad)\nDiebstahl-Warnanlage\nDynamische Stabilitäts-Control (DSC)\nDynamische Stabilitäts-Control (DSC) mit erweiterter Umfang\nFahrassistenz-System: Active Guard (Bremsassistent)\nGeschwindigkeits-Begrenzeranlage (Speed Limit Device)\nKnieairbag Fahrerseite\nKopf-Airbag-System hinten\n\nSitzbezug\nVOLLLEDER MERINO\n\nSonstiges\nAblage für Wireless Charging \nActive Guard\nAktive Sitzbelüftung vorn\nBlow by-Heizer\nBMW Drive Recorder (Dashcam)\nBMW Individuallackierung Dravit-Grau Metallic\nBremsanlage: Compound - M Bremssystem (Bremssättel Schwarz)\nCO2-Umfang\nDekodierung Zusatzfunktionen\nDeutsch / Bordliteratur\nDeutschland-Ausfuehrung\nElektrisch verstellbare Spiegel\nEU-spezifische Zusatzumfaenge\nFahrassistenz-System: Driving Assistant Professional\nFahrassistenz-System: Fernlichtassistent\nInduktionsladen für Smartphones\nInnenausstattung: Interieurleisten Carbon\nInnovations-Paket (2)\nKältemittel\nKilometertacho\nLenkrad heizbar\nLM-Felgen vorn/hinten: 9,5x19 / 10,5x20 (Doppelspeichen 825 M, Bicolor, Schwarz)\nM Driver´s Package\nMetallic-Lackierung\nÖlwartungsintervall 24 Monate/30.000 km\nParkassistent-Paket Plus\nPersonal eSIM \nReifendruckkontrollsystem\nScheinwerfer BMW Individual Shadow-Line\nSicherheitssystem Active Protection\nSitzbezug / Polsterung: Voll-Leder Merino\nSteuerung Infotainment\nSteuerung Karosserie\nVerglasung Akustikglas\n\nUmwelt, Sicherheit\nAbgasnorm EU6 RDE II\nABS\nActive Protection\nAdaptiver LED-Scheinwerfer\nAktiver Fussgängerschutz\nAlarmanlage\nAuto Start/Stop Funktion \nBeifahrerairbag\nBeifahrerairbag-Deaktivierung\nESP\nFahrerairbag\nFernlichtassistent\nInnenspiegel, automatisch abblendend\nKindersitzbefestigung ISOFIX\nKopfairbag\nLED-Scheinwerfer\nLichtsensor\nNotbremsassistent\nPASM\nRegensensor\nReifen Druck Control\nSeitenairbag\nTraction Control\nWarndreieck\nIrrtümer und Zwischenverkauf vorbehalten.",
  "dealerDetails": {
    "id": 452090,
    "name": "Gottstein GmbH Automobile & Motorräder",
    "sellerType": "Dealer",
    "phones": [
      "+49 (0)7751 306942982"
    ],
    "languages": [
      "Deutsch"
    ],
    "country": "DE",
    "address": "Karl Ziegler Strasse 4, DE-79761 Waldshut-Tiengen",
    "location": {
      "latitude": 47.6162465,
      "longitude": 8.2457357
    },
    "activeSince": "2001-01-10T00:00:00.000Z",
    "homepageUrl": "https://home.mobile.de/home/redirect.html?customerId=452090",
    "iconUrl": null,
    "reviewPageUrl": "https://www.mobile.de/bewertungen/GOTTSTEIN?lang=en",
    "score": {
      "total": 4.7,
      "responseTime": 4.7,
      "friendliness": 4.8,
      "advice": 4.7
    },
    "activeRatingCount": 31,
    "vehicleAsDescribedPercentage": 100,
    "recommendPercentage": 93,
    "soldVehicleCount": null,
    "reviews": []
  },
  "attributes": {
    "Vehicle condition": "New vehicle, Accident-free",
    "Category": "Estate car",
    "Model range": "G81",
    "Trim line": "M XDR M Drivers P. / Touring ",
    "Vehicle Number": "55000399",
    "Availability": "Now",
    "Origin": "German edition",
    "Mileage": "0 km",
    "Cubic Capacity": "2,993 ccm",
    "Power": "390 kW (530 hp)",
    "Drive type": "Internal combustion engine",
    "Fuel": "Petrol, E10-enabled",
    "CO₂ class": "Based on CO₂ emissions (combined)",
    "Fuel consumption": [
      "10.4 l/100km (combined)",
      "15.8 l/100km (city)",
      "10.3 l/100km (suburban)",
      "8.8 l/100km (country road)",
      "9.8 l/100km (motorway)"
    ],
    "Energy costs for 15,000 km annual mileage": "€2,802/Year",
    "Fuel price": "€1.80/l (annual average 2024)",
    "Possible CO₂ costs over the next 10 years (15,000 km/year)": [
      "€4,477 (assuming an average CO₂ price of €127/t)",
      "€2,115 (assuming a low average CO₂ price of €60/t)",
      "€7,050 (assuming a high average CO₂ price of €200/t)"
    ],
    "Number of Seats": "5",
    "Door Count": "4/5",
    "Transmission": "Automatic",
    "Emission Class": "Euro6",
    "Emissions Sticker": "4 (Green)",
    "Construction Year": "2025",
    "Number of Vehicle Owners": "0",
    "HU": "New",
    "Climatisation": "Automatic climatisation, 3 zones",
    "Parking sensors": "Rear, Self-steering systems, Front, Camera",
    "Airbags": "Front and Side and More Airbags",
    "Colour (Manufacturer)": "DRAVITGRAU",
    "Colour": "Grey Metallic",
    "Interior Design": "Full leather, Black",
    "Weight": "1,940 kg",
    "Tank capacity": "59 l",
    "Energy consumption (comb.)": "10.4 l/100km",
    "CO₂ emissions (comb.)": "235 g/km"
  },
  "features": [
    "ABS",
    "Adaptive Cruise Control",
    "Adaptive lighting",
    "Alarm system",
    "Alloy wheels",
    "Ambient lighting",
    "Arm rest",
    "Autom. dimming interior mirror",
    "Blind spot assist",
    "Bluetooth",
    "Cargo barrier",
    "Central locking",
    "DAB radio",
    "Digital cockpit",
    "Distance warning system",
    "Dynamic chassis control",
    "Electric seat adjustment",
    "Electric side mirror",
    "Electric tailgate",
    "Electric windows",
    "Emergency brake assist",
    "Emergency call system",
    "ESP",
    "Four-wheel drive",
    "Glare-free high beam headlights",
    "Hands-free kit",
    "Head-up display",
    "Heated seats",
    "Heated steering wheel",
    "High beam assist",
    "Hill-start assist",
    "Immobilizer",
    "Induction charging for smartphones",
    "Isofix",
    "Keyless central locking",
    "Lane change assist",
    "Leather steering wheel",
    "LED headlights",
    "LED running lights",
    "Light sensor",
    "Lumbar support",
    "Multifunction steering wheel",
    "Navigation system",
    "On-board computer",
    "Particulate filter",
    "Power Steering",
    "Rain sensor",
    "Roof rack",
    "Seat ventilation",
    "Sound system",
    "Speed limit control system",
    "Sport seats",
    "Sports package",
    "Sports suspension",
    "Start-stop system",
    "Summer tyres",
    "Tinted windows",
    "Touchscreen",
    "Traction control",
    "Tuner/radio",
    "Tyre pressure monitoring",
    "USB port",
    "Voice control"
  ]
},
{
  "title": "BMW M3 Competition MxDrive Limousine Ultimate Driver",
  "previewImage": "https://img.classistatic.de/api/v1/mo-prod/images/88/88caf2bf-1b30-45f1-a512-f7fd33e58f84?rule=mo-1600.jpg",
  "category": "Limousine",
  "brand": "BMW",
  "model": "M3",
  "url": "https://suchen.mobile.de/fahrzeuge/details.html?id=430641911",
  "price.total.amount": 99990,
  "priceRating": {
    "rating": "Good price",
    "priceRanges": {
      "Very good price": {
        "start": 75501,
        "end": 98200
      },
      "Good price": {
        "start": 98201,
        "end": 105700
      },
      "Fair price": {
        "start": 105701,
        "end": 117600
      },
      "Increased price": {
        "start": 117601,
        "end": 126200
      },
      "High price": {
        "start": 126201,
        "end": 140300
      }
    }
  },
  "description": "19\"/20\" M Schmiederäder Doppelspeiche 826 M Bicolor Schwarz / MB\nAblage für Wireless Charging \nAblagenpaket\nActive Guard\nActive Protection\nAdaptiver LED-Scheinwerfer\nAdaptives M Fahrwerk\nAktiver Fussgängerschutz\nAlarmanlage\nAutomatische Heckklappenbetätigung\nBeifahrerairbag-Deaktivierung\nBMW Individual Hochglanz Shadow Line\nBMW Individual Hochglanz Shadow Line mit erweiterten Umfängen\nBMW Individual Leuchten Shadow Line\nBMW Live Cockpit Professional (laufzeitgebundener Dienst)\nConnectedDrive Services (laufzeitgebundener Dienst)\nConnectedPackage Professional (laufzeitgebundener Dienst)\nDAB Tuner\nDachhimmel Individual anthrazit\nDriving Assistant Professional\nFernlichtassistent\nFondkopfstützen klappbar\nGalvanikapplikation für Bedienelemente\nGesetzlicher Notruf\nHarman Kardon Surround Sound System\nInnen- und Aussenspiegel automatisch abblendend\nInnenspiegel, automatisch abblendend\nInterieurleisten Carbon Fibre\nKeyless Entry\nKlimaautomatic\nKomfortzugang\nLenkradheizung\nLordosenstuetze fuer Fahrer und Beifahrer\nM Carbon Exterieurpaket\nM Compound-Bremse, schwarz hochglänzend\nM Drive Professional\nM Driver's Package \nM Sicherheitsgurte\nM Sportdifferential\nM Sportsitze\nParking Assistant Plus\nPersonal eSIM \nRadschraubensicherung\nReifen Druck Control\nReifenreparatur-Set\nSitzheizung fuer Fahrer und Beifahrer\nSitzverstellung, elektrisch mit Memory\nSonnenschutzverglasung\nVollleder Merino Feinnarbe Schwarz/ Schwarz\nMtl. Leasingrate: 650,76 EUR inkl. MwSt.\nAnschaffungspreis 75.256,00 EUR\nSonderzahlung: 24.734,00 EUR\nLaufleistung p.a. 10.000km\nLaufzeit 36 Monate\nSollzinssatz p.a.: 5,99% (gebunden für die gesamte Vertragslaufzeit)\nEffektiver Jahreszins 6,16%\nGesamtbetrag 48.161,05 EUR\nEin unverbindliches Leasingbeispiel der BMW Bank GmbH - Lilienthalallee 26 - 80939 München. Irrtümer und Zwischenverkauf vorbehalten.",
  "dealerDetails": {
    "id": 454208,
    "name": "Autohaus Unterberger GmbH",
    "sellerType": "Dealer",
    "phones": [
      "+49 (0)8022 915904933"
    ],
    "languages": [
      "Deutsch",
      "English"
    ],
    "country": "DE",
    "address": "Münchner Strasse 47-49, DE-83707 Bad Wiessee",
    "location": {
      "latitude": 47.7181371,
      "longitude": 11.718874
    },
    "activeSince": "2000-05-09T00:00:00.000Z",
    "homepageUrl": "https://home.mobile.de/home/redirect.html?customerId=454208",
    "iconUrl": "https://img.classistatic.de/api/v1/mo-prod/images/d4/d47f1e91-0963-4ba8-958c-f970d0643abf?rule=mo-640.jpg",
    "reviewPageUrl": "https://www.mobile.de/bewertungen/AH-KATHAN?lang=en",
    "score": {
      "total": 4.7,
      "responseTime": 4.7,
      "friendliness": 4.8,
      "advice": 4.6
    },
    "activeRatingCount": 36,
    "vehicleAsDescribedPercentage": 90,
    "recommendPercentage": 96,
    "soldVehicleCount": null,
    "reviews": []
  },
  "attributes": {
    "Vehicle condition": "New vehicle, Accident-free",
    "Category": "Saloon",
    "Trim line": "MxDrive Limousine Ultimate Drivers Package",
    "Vehicle Number": "190615",
    "Availability": "Now",
    "Origin": "German edition",
    "Mileage": "0 km",
    "Cubic Capacity": "2,993 ccm",
    "Power": "390 kW (530 hp)",
    "Drive type": "Internal combustion engine",
    "Fuel": "Petrol",
    "CO₂ class": "Based on CO₂ emissions (combined)",
    "Fuel consumption": [
      "10.1 l/100km (combined)"
    ],
    "Energy costs for 15,000 km annual mileage": "€2,721/Year",
    "Fuel price": "€1.80/l (annual average 2024)",
    "Possible CO₂ costs over the next 10 years (15,000 km/year)": [
      "€4,362 (assuming an average CO₂ price of €127/t)",
      "€2,061 (assuming a low average CO₂ price of €60/t)",
      "€6,870 (assuming a high average CO₂ price of €200/t)"
    ],
    "Vehicle tax": "€456/Year",
    "Transmission": "Automatic",
    "Number of Vehicle Owners": "0",
    "HU": "New",
    "Climatisation": "Automatic climatisation, 2 zones",
    "Parking sensors": "Self-steering systems, Rear, 360° camera, Front",
    "Airbags": "Front and Side and More Airbags",
    "Colour (Manufacturer)": "Saphirschwarz ",
    "Colour": "Black Metallic",
    "Interior Design": "Full leather, Black",
    "Energy consumption (comb.)": "10.1 l/100km",
    "CO₂ emissions (comb.)": "229 g/km"
  },
  "features": [
    "ABS",
    "Adaptive cornering lights",
    "Adaptive Cruise Control",
    "Alarm system",
    "Alloy wheels",
    "Ambient lighting",
    "Android Auto",
    "Apple CarPlay",
    "Arm rest",
    "Autom. dimming interior mirror",
    "Blind spot assist",
    "Bluetooth",
    "Cargo barrier",
    "Central locking",
    "DAB radio",
    "Digital cockpit",
    "Distance warning system",
    "Dynamic chassis control",
    "Electric seat adjustment",
    "Electric side mirror",
    "Electric tailgate",
    "Electric windows",
    "Eletric seat adjustment with memory function",
    "Emergency brake assist",
    "Emergency call system",
    "ESP",
    "Fatigue warning system",
    "Four-wheel drive",
    "Glare-free high beam headlights",
    "Hands-free kit",
    "Head-up display",
    "Heated seats",
    "Heated steering wheel",
    "High beam assist",
    "Hill-start assist",
    "Immobilizer",
    "Induction charging for smartphones",
    "Integrated music streaming",
    "Isofix",
    "Keyless central locking",
    "Lane change assist",
    "Leather steering wheel",
    "LED headlights",
    "LED running lights",
    "Light sensor",
    "Lumbar support",
    "Multifunction steering wheel",
    "Navigation preparation",
    "Navigation system",
    "On-board computer",
    "Paddle shifters",
    "Power Steering",
    "Rain sensor",
    "Sound system",
    "Speed limit control system",
    "Sport seats",
    "Sports package",
    "Sports suspension",
    "Start-stop system",
    "Summer tyres",
    "Tinted windows",
    "Touchscreen",
    "Traction control",
    "Traffic sign recognition",
    "Tuner/radio",
    "Tyre pressure monitoring",
    "USB port",
    "Voice control",
    "WLAN / Wi-Fi hotspot"
  ]
},
{
  "title": "BMW M3 xDr. Comp. UPE135' Individual Carbon Sitzlüft",
  "previewImage": "https://img.classistatic.de/api/v1/mo-prod/images/ce/ceff6ae2-cafd-4115-a0ed-3605339f22ef?rule=mo-1600.jpg",
  "category": "EstateCar",
  "brand": "BMW",
  "model": "M3",
  "url": "https://suchen.mobile.de/fahrzeuge/details.html?id=434089508",
  "price.total.amount": 101889,
  "priceRating": {
    "rating": "Good price",
    "priceRanges": {
      "Very good price": {
        "start": 74001,
        "end": 96200
      },
      "Good price": {
        "start": 96201,
        "end": 103600
      },
      "Fair price": {
        "start": 103601,
        "end": 115200
      },
      "Increased price": {
        "start": 115201,
        "end": 123700
      },
      "High price": {
        "start": 123701,
        "end": 137400
      }
    }
  },
  "description": "+WILLKOMMEN BEIM AUTOHAUS BAYERNCAR KÖNIGSBRUNN ...kaufen mit gutem Gefühl! ++ALLE FAHRZEUGE optional DEKRA geprüft !++Zwischenverkauf, Änderungen und Irrtümer vorbehalten ++WE ALSO SALE WITHOUT VAT FOR EXPORT-JUST ASK US!++ \nDeutschlandweite Zustellungen möglich!!!\n\nUnsere Serviceleistungen:\n- Allianz Automotive Garantie Erweiterung (optional)\n- Finanzierung über die BMW Premium Financial oder die Credit Plus Bank\nAb sofort sind wir über WhatsApp erreichbar.\nWhatsApp-/FaceTime Kontakt: +49-171 19 021 90\n\n++ BMW M3 Competition xDrive Touring Individual ++\nFarbe: 0W81 Sonderlackierung Peridotgrün Metallic\nPolster: X3SW Vollleder Merino Schwarz\n\nSonderausstattung:\n01MB M DRIVE PROFESSIONAL\n01U1 BMW LM Rad 826M JB\n0248 Lenkradheizung\n02PA Radschraubensicherung\n02T4 M Sportdifferenzial\n02VB Reifendruckanzeige\n02VC Reifenreparatur-Set\n02VF Adaptives M Fahrwerk\n0302 Alarmanlage\n0320 Entfall Modellschriftzug\n0322 Komfortzugang\n0383 Dach und Spiegelkappen schwarz\n03KA Akustik Komfort Verglasung\n03M6 M COMPOUND-BREMSE, SCHWARZ HOCHGL.\n03MC M Dachreling Shadow Line\n03MF M Leuchten Shadow Line\n0418 Gepäckraumpaket\n0420 Abgedunkelte Verglasung\n0428 Warndreieck und Verbandstasche\n0430 Innen-/Aussensp. mit Abblendautomatik\n0431 Innenspiegel automatisch abblendend\n0453 Klimatisierte Sitze vorne\n0459 Sitzverstellung elektrisch mit Memory\n0488 Lordosenstütze Fahrer u. Beifahrer\n0493 Ablagenpaket\n0494 Sitzheizung Fahrer/Beifahrer\n04GQ M Sicherheitsgurte\n04LN INT. LEIST. ALU. RHOMBICLE ANTHR.\n04NE Blow-by-Heizer\n04U0 Galvanikapplikation Bedienelemente\n0534 Klimaautomatik\n0548 Kilometertacho\n0552 Adaptiver LED-Scheinwerfer\n05AC Fernlichtassistent\n05AU Driving Assistant Professional\n05AV Active Guard\n05DA Deaktivierung Airbag Beifahrer\n05DC Kopfstützen im Fond klappbar\n05DN Parkassistenzsystem Plus\n0654 DAB-Tuner (DAB+ fähig)\n0688 Harman/Kardon Surround Sound System\n06AE Teleservices\n06AF Gesetzlicher Notruf\n06AK Connected Drive Services\n06C4 Connected Package Professional\n06NX Storage tray wireless charging\n06PA Personal eSIM\n06U3 BMW Live Cockpit Professional\n06VB Steuerung Infotainment\n0712 M Sportsitz\n071C M Exterieurpaket Carbon\n0760 Hochglanz Shadow-Line\n0775 Dachhimmel anthrazit\n07M9 M Shadow Line mit erweitertem Umfang\n09DE Ultimate Package \n\nSerien-Ausstattung:\nAblage-Paket\nAdaptives Fahrwerk M-Technic\nAirbag Fahrer-/Beifahrerseite\nAktives M Differential\nAlarmanlage\nAmbiente-Beleuchtung\nAntriebsart: Allradantrieb\nAusstattungs-Paket: Connected Professional\nAutomatische Stabilitäts-Control (ASC)\nAußenausstattung: Shadow-Line Hochglanz (erweiterter Umfang)\nBedienelemente galvanisiert\nBlinkleuchte in Außenspiegel integriert\nBMW Live Cockpit Professional\nHead-up-Display Full Color\nBMW Curved Display\nControl-Display mit Farbmonitor (14,9 Zoll)\nDach schwarz lackiert\nDachhimmel Anthrazit (BMW Individual)\nDachreling Hochglanz Shadow-Line\nDynamische Stabilitäts-Control (DSC) mit erweiterter Umfang\nGeschwindigkeits-Regelanlage mit Bremsfunktion\nGetriebe Automatik - mit Steptronic und Drivelogic (8-Stufen)\nHeckklappenbetätigung automatisch\nHeckleuchten LED\nKlimaautomatik 3-Zonen mit autom. Umluft-Control\nKnieairbag Fahrerseite\nKopf-Airbag-System hinten\nKopf-Airbag-System vorn\nLichtassistent (Follow me home)\nM Drive (Fahrprofilauswahl)\nRadioempfang digital (DAB+)\nReifen-Reparaturset (Mobility-Pack)\nReifendruck-Kontrollsystem\nReifenpannen-Anzeige\nSchaltpunktanzeige\nScheibenwischer mit Regensensor\nScheinwerfer LED\nSeitenairbag vorn\nConnectedDrive Services\nGesetzlicher Notruf\nIntelligenter Notruf inkl. TeleServices\nSitze vorn elektr. verstellbar (mit Memory)\nSitzheizung vorn\nSonnenschutzverglasung (hinten abgedunkelt)\nSound-System Harman-Kardon\nSpiegel-Paket\nSportdifferential\nSportsitze vorn (M-Technic)\nStart/Stop-Anlage (Funktion)\nWarndreieck\nWärme-/Sonnenschutzverglasung\nZentralverriegelung mit Diebstahlsicherung und Crashsensor\n\nWir bieten unsere Fahrzeuge bereits kurz nach Kauf und ohne Bilder an. Sobald diese bei uns eingetroffen sind werden Bilder eingestellt.\nMit einer Bestellung versenden wir nochmal eine detaillierte Aufstellung der kompletten Fahrzeugausstattung. Wir bitten diese vor Vertragsabschluß sorgfältig zu lesen, da Fehler\nim Inserat vorbehaltlich sind und Irrtümer nicht ausgeschlossen werden können.",
  "dealerDetails": {
    "id": 451587,
    "name": "BayernCar GmbH",
    "sellerType": "Dealer",
    "phones": [
      "+49 (0)8231 926992775"
    ],
    "messengers": {
      "WHATS_APP": "+49 (0)171 1902190"
    },
    "languages": [
      "Deutsch",
      "English"
    ],
    "country": "DE",
    "address": "Dornierstraße 10, DE-86343 Königsbrunn",
    "location": {
      "latitude": 48.2539715,
      "longitude": 10.8711669
    },
    "activeSince": "2005-10-17T00:00:00.000Z",
    "homepageUrl": "https://home.mobile.de/home/redirect.html?customerId=451587",
    "iconUrl": "https://img.classistatic.de/api/v1/mo-prod/images/f7/f73f1ae9-a818-4727-830b-e5061e043ce7?rule=mo-640.jpg",
    "reviewPageUrl": "https://www.mobile.de/bewertungen/BAYERN-CAR?lang=en",
    "score": {
      "total": 4.6,
      "responseTime": 4.6,
      "friendliness": 4.7,
      "advice": 4.5
    },
    "activeRatingCount": 47,
    "vehicleAsDescribedPercentage": 94,
    "recommendPercentage": 94,
    "soldVehicleCount": null,
    "reviews": []
  },
  "attributes": {
    "Vehicle condition": "Used vehicle, Accident-free",
    "Category": "Estate car, Demonstration Vehicle",
    "Model range": "Baureihe M3 Touring (G81N)(07.2024->)",
    "Trim line": "xDrive Competition M",
    "Vehicle Number": "25-79856",
    "Availability": "Now",
    "Mileage": "4,400 km",
    "Cubic Capacity": "2,993 ccm",
    "Power": "390 kW (530 hp)",
    "Drive type": "Internal combustion engine",
    "Fuel": "Petrol",
    "CO₂ class": "Based on CO₂ emissions (combined)",
    "Fuel consumption": [
      "10.4 l/100km (combined)"
    ],
    "Energy costs for 15,000 km annual mileage": "€2,886/Year",
    "Fuel price": "€1.85/l (annual average 2024)",
    "Possible CO₂ costs over the next 10 years (15,000 km/year)": [
      "€4,036 (assuming an average CO₂ price of €115/t)",
      "€1,755 (assuming a low average CO₂ price of €50/t)",
      "€6,669 (assuming a high average CO₂ price of €190/t)"
    ],
    "Number of Seats": "5",
    "Door Count": "4/5",
    "Transmission": "Automatic",
    "Emission Class": "Euro6",
    "Emissions Sticker": "4 (Green)",
    "First Registration": "03/2025",
    "Number of Vehicle Owners": "1",
    "HU": "03/2028",
    "Climatisation": "Automatic climatisation, 3 zones",
    "Parking sensors": "Rear, 360° camera, Front, Self-steering systems",
    "Airbags": "Front and Side and More Airbags",
    "Colour (Manufacturer)": "0W81 Sonderlackierung Peri",
    "Colour": "Green Metallic",
    "Interior Design": "Full leather, Black",
    "Weight": "1,940 kg",
    "Cylinders": "6",
    "Energy consumption (comb.)": "10.4 l/100km",
    "CO₂ emissions (comb.)": "234 g/km"
  },
  "features": [
    "ABS",
    "Adaptive cornering lights",
    "Adaptive Cruise Control",
    "Alarm system",
    "Alloy wheels",
    "Ambient lighting",
    "Android Auto",
    "Apple CarPlay",
    "Arm rest",
    "Autom. dimming interior mirror",
    "Blind spot assist",
    "Bluetooth",
    "Cargo barrier",
    "Central locking",
    "DAB radio",
    "Digital cockpit",
    "Distance warning system",
    "Dynamic chassis control",
    "Electric seat adjustment",
    "Electric side mirror",
    "Electric tailgate",
    "Electric windows",
    "Eletric seat adjustment with memory function",
    "Emergency brake assist",
    "Emergency call system",
    "ESP",
    "Fatigue warning system",
    "Folding exterior mirrors",
    "Four-wheel drive",
    "Full Service History",
    "Glare-free high beam headlights",
    "Hands-free kit",
    "Head-up display",
    "Heated seats",
    "Heated steering wheel",
    "High beam assist",
    "Hill-start assist",
    "Immobilizer",
    "Induction charging for smartphones",
    "Integrated music streaming",
    "Isofix",
    "Keyless central locking",
    "Lane change assist",
    "Leather steering wheel",
    "LED headlights",
    "LED running lights",
    "Light sensor",
    "Lumbar support",
    "Multifunction steering wheel",
    "Navigation system",
    "Non-smoker vehicle",
    "On-board computer",
    "Paddle shifters",
    "Particulate filter",
    "Power Steering",
    "Rain sensor",
    "Rear traffic alert",
    "Roof rack",
    "Seat ventilation",
    "Sound system",
    "Speed limit control system",
    "Sport seats",
    "Sports package",
    "Sports suspension",
    "Start-stop system",
    "Summer tyres",
    "Tinted windows",
    "Touchscreen",
    "Traction control",
    "Traffic sign recognition",
    "Tuner/radio",
    "Tyre pressure monitoring",
    "USB port",
    "Voice control",
    "Warranty",
    "WLAN / Wi-Fi hotspot"
  ]
},
{
  "title": "BMW M3 Competition M xDrive M Drivers P. HK HiFi",
  "previewImage": "https://img.classistatic.de/api/v1/mo-prod/images/9b/9ba62392-cfe8-44a8-910b-0f2f7399f5e0?rule=mo-1600.jpg",
  "category": "OtherCar",
  "brand": "BMW",
  "model": "M3",
  "url": "https://suchen.mobile.de/fahrzeuge/details.html?id=408755546",
  "price.total.amount": 99900,
  "priceRating": {
    "rating": "Good price",
    "priceRanges": {
      "Very good price": {
        "start": 74701,
        "end": 97100
      },
      "Good price": {
        "start": 97101,
        "end": 104600
      },
      "Fair price": {
        "start": 104601,
        "end": 116300
      },
      "Increased price": {
        "start": 116301,
        "end": 124800
      },
      "High price": {
        "start": 124801,
        "end": 138700
      }
    }
  },
  "description": "Sitzbezug\nVollleder Merino Feinnarbe Schwarz/ Schwarz\nIrrtümer und Zwischenverkauf vorbehalten.",
  "dealerDetails": {
    "id": 33219691,
    "name": "Spaett GmbH & Co. KG",
    "sellerType": "Dealer",
    "phones": [
      "+49 (0)89 6931904315"
    ],
    "languages": [
      "Deutsch"
    ],
    "country": "DE",
    "address": "Robert-Bürkle-Straße 15, DE-85737 Ismaning",
    "location": {
      "latitude": 48.23235349999999,
      "longitude": 11.6859615
    },
    "activeSince": "2023-09-07T00:00:00.000Z",
    "homepageUrl": "https://home.mobile.de/home/redirect.html?customerId=33219691",
    "iconUrl": null,
    "reviewPageUrl": "https://www.mobile.de/bewertungen/SpaettGmbHCoKGIsmaning1?lang=en",
    "score": {
      "total": 5,
      "responseTime": 5,
      "friendliness": 5,
      "advice": 5
    },
    "activeRatingCount": 4,
    "vehicleAsDescribedPercentage": 75,
    "recommendPercentage": 100,
    "soldVehicleCount": null,
    "reviews": []
  },
  "attributes": {
    "Vehicle condition": "New vehicle, Accident-free",
    "Category": "Other",
    "Model range": "G80",
    "Trim line": "M xDrive M Drivers P. HK HiFi",
    "Vehicle Number": "B23470135092",
    "Availability": "Now",
    "Origin": "German edition",
    "Mileage": "0 km",
    "Cubic Capacity": "2,993 ccm",
    "Power": "390 kW (530 hp)",
    "Drive type": "Internal combustion engine",
    "Fuel": "Petrol",
    "CO₂ class": "Based on CO₂ emissions (combined)",
    "Fuel consumption": [
      "10.1 l/100km (combined)",
      "15.3 l/100km (city)",
      "10.1 l/100km (suburban)",
      "8.7 l/100km (country road)",
      "9.5 l/100km (motorway)"
    ],
    "Energy costs for 15,000 km annual mileage": "€2,721/Year",
    "Fuel price": "€1.80/l (annual average 2024)",
    "Possible CO₂ costs over the next 10 years (15,000 km/year)": [
      "€4,362 (assuming an average CO₂ price of €127/t)",
      "€2,061 (assuming a low average CO₂ price of €60/t)",
      "€6,870 (assuming a high average CO₂ price of €200/t)"
    ],
    "Vehicle tax": "€456/Year",
    "Door Count": "4/5",
    "Transmission": "Manual gearbox",
    "Number of Vehicle Owners": "0",
    "HU": "New",
    "Climatisation": "Automatic air conditioning",
    "Parking sensors": "Self-steering systems, Rear, Front",
    "Airbags": "Front and Side Airbags",
    "Colour (Manufacturer)": "BLACK SAPPHIRE",
    "Colour": "Black Metallic",
    "Interior Design": "Full leather, Black",
    "Energy consumption (comb.)": "10.1 l/100km",
    "CO₂ emissions (comb.)": "229 g/km"
  },
  "features": [
    "ABS",
    "Adaptive Cruise Control",
    "Adaptive lighting",
    "Alarm system",
    "Alloy wheels",
    "Autom. dimming interior mirror",
    "Blind spot assist",
    "Bluetooth",
    "Central locking",
    "DAB radio",
    "Digital cockpit",
    "Distance warning system",
    "Electric seat adjustment",
    "Electric side mirror",
    "Electric tailgate",
    "Electric windows",
    "Emergency call system",
    "ESP",
    "Glare-free high beam headlights",
    "Heated seats",
    "Heated steering wheel",
    "High beam assist",
    "Immobilizer",
    "Induction charging for smartphones",
    "Isofix",
    "Keyless central locking",
    "Lane change assist",
    "LED headlights",
    "LED running lights",
    "Light sensor",
    "Lumbar support",
    "Multifunction steering wheel",
    "Navigation system",
    "On-board computer",
    "Power Steering",
    "Seat ventilation",
    "Sound system",
    "Sport seats",
    "Sports package",
    "Sports suspension",
    "Tinted windows",
    "Touchscreen",
    "Traction control",
    "Tuner/radio",
    "Tyre pressure monitoring",
    "Voice control"
  ]
},
{
  "title": "BMW M3 Touring xDrive Competition*Sofort* 360°LASER",
  "previewImage": "https://img.classistatic.de/api/v1/mo-prod/images/e5/e5e50753-783e-41a1-91ac-9b40f02344a8?rule=mo-1600.jpg",
  "category": "EstateCar",
  "brand": "BMW",
  "model": "M3",
  "url": "https://suchen.mobile.de/fahrzeuge/details.html?id=394243364",
  "price.total.amount": 99990,
  "priceRating": {
    "rating": "Fair price",
    "priceRanges": {
      "Very good price": {
        "start": 65201,
        "end": 84700
      },
      "Good price": {
        "start": 84701,
        "end": 91200
      },
      "Fair price": {
        "start": 91201,
        "end": 101500
      },
      "Increased price": {
        "start": 101501,
        "end": 108900
      },
      "High price": {
        "start": 108901,
        "end": 121000
      }
    }
  },
  "description": "Sonderausstattung:\nBMW Live Cockpit Professional, Fahrassistenz-System: Driving Assistant Professional, Innovations-Paket, Lenkrad heizbar, LM-Felgen vorn/hinten: 9,5x19 / 10,5x20 (Doppelspeichen 825 M, Orbit-Grau matt), Metallic-Lackierung, Parkassistent-Paket Plus, Sicherheitsgurte M, Sitzbezug / Polsterung: Voll-Leder Merino, Sonnenschutzverglasung (hinten abgedunkelt), Sound-System Harman-Kardon, Verglasung Akustikglas, belüftete Sitze, Laser Licht, usw.\n\nWeitere Ausstattung:\nAblage-Paket, Adaptives Fahrwerk M-Technic, Airbag Beifahrerseite abschaltbar, Ambiente-Beleuchtung, Ausstattungs-Paket: Connected Professional, Außenausstattung: Shadow-Line Hochglanz, Außenausstattung: Shadow-Line Hochglanz (erweiterter Umfang), Außenspiegel elektr. verstell- und heizbar, Bedienelemente galvanisiert, Bordcomputer, Competition, DAB-Tuner (Radioempfang digital), Dachhimmel Anthrazit (BMW Individual), Diebstahlsicherung für Räder (Felgenschlösser), Durchladeeinrichtung (Mittelarmlehne hinten), Dynamische Stabilitäts-Control (DSC) mit erweiterter Umfang, Erste Hilfe-Kasten / Verbandkasten, Fahrassistenz-System: Active Guard (Bremsassistent), Fahrassistenz-System: Aufmerksamkeits-Assistent, Freisprecheinrichtung Bluetooth mit USB-/Audio-Schnittstelle, Fußmatten Velours, Gepäckraumbeleuchtung, Getriebe Automatik - mit Steptronic und Drivelogic (8-Stufen), Getränkehalter, Heckklappenbetätigung automatisch, Heckleuchten LED, Induktionsladeschale für Smartphone (Wireless Charging), Innenausstattung: Interieurleisten, schwarz hochglänzend, Innenspiegel mit Abblendautomatik, Instrumentenkombination (erweiterter Umfang), Isofix-Aufnahmen für Kindersitz an Rücksitz, Karosserie: 5-türig, Klimaautomatik 3-Zonen mit autom. Umluft-Control, Knieairbag Fahrerseite, Kopf-Airbag-System hinten, Kopf-Airbag-System vorn, Lenksäule (Lenkrad) elektr. verstellbar, Leuchtweitenregelung, M Drive (Fahrprofilauswahl), M Drive Professional (Fahrprofilauswahl), Motor 3,0 Ltr. - 375 kW 24V TwinTurbo KAT (S58), Nebelschlussleuchte(n), Otto-Partikelfilter (OPF), Park-Distance-Control (PDC) vorn und hinten, Parkbremse elektrisch, Reifendruck-Kontrollsystem, Reifenpannen-Anzeige, Schadstoffarm nach Abgasnorm Euro 6d, Schaltpunktanzeige, Seitenairbag vorn, Service-System: ConnectedDrive Services, Service-System: Gesetzlicher Notruf, Sitze vorn elektr. verstellbar (mit Memory), Spiegel-Paket, Sportdifferential, Sportsitze vorn (M-Technic), Start-Stop-Knopf, Start/Stop-Anlage (Funktion), Warndreieck, Wärme-/Sonnenschutzverglasung kombiniert (hinten abgedunkelt)\n\n1. Hand\n\n\nAlle Wartungen bei BMW\nDie im Internet gemachten Angaben sind unverbindliche Beschreibungen. Sie stellen keine zugesicherten Eigenschaften dar. Der Verkäufer haftet nicht für Irrtümer, Eingabefehler und Datenübermittlungsfehler / Änderungen / vorbehalten. Finanzierung / Leasing / Inzahlungnahme möglich.Fotos dienen der Illustration und stellen keine zugesicherten Eigenschaften da!\nFestpreis!\n\n\nPreis bei nettoverkauf: 84.200€\nWichtiger Hinweis – Wichtige Information trotz sorgfältiger Überprüfung aller Details in unserem Angebot kann es vorkommen, dass sich Fehler einschleichen. Teilweise werden diese durch Übertragungsfehler in den Systemen der verschiedenen Plattformanbieter verursacht. Daher möchten wir darauf hinweisen, dass sich alle Angaben ohne Gewähr verstehen und keinen Rechtsanspruch darstellen. Rechtliches: Diese Verkaufsanzeige stellt kein Angebot im Sinne des §145 BGB dar. Vielmehr handelt es sich um Informationen zur Vertragsanbahnung. Die hier gemachten Angaben sind ohne Gewähr und stellen somit keine zugesicherten Eigenschaften dar. Dieses Angebot richtet sich vorwiegend an gewerbliche Käufer.",
  "dealerDetails": {
    "id": 457432,
    "name": "Muenchner-Gebrauchtwagenzentrum",
    "sellerType": "Dealer",
    "phones": [
      "+49 (0)8102 984971012"
    ],
    "messengers": {
      "WHATS_APP": "+49 (0)163 2344871"
    },
    "languages": [
      "Deutsch",
      "English",
      "Italiano",
      "Français"
    ],
    "country": "DE",
    "address": "Eduard Buchner Straße 3a, DE-85662 Hohenbrunn bei München",
    "location": {
      "latitude": 48.0360275,
      "longitude": 11.7180638
    },
    "activeSince": "2005-01-27T00:00:00.000Z",
    "homepageUrl": "https://home.mobile.de/home/redirect.html?customerId=457432",
    "iconUrl": null,
    "reviewPageUrl": "https://www.mobile.de/bewertungen/MUENCHNER-GEBRAUCHTWAGENZENTRUM?lang=en",
    "score": {
      "total": 2.7,
      "responseTime": 3.2,
      "friendliness": 2.8,
      "advice": 2.2
    },
    "activeRatingCount": 23,
    "vehicleAsDescribedPercentage": 36,
    "recommendPercentage": 22,
    "soldVehicleCount": null,
    "reviews": []
  },
  "attributes": {
    "Vehicle condition": "Used vehicle, Accident-free",
    "Category": "Estate car",
    "Trim line": "Competition",
    "Origin": "German edition",
    "Mileage": "3,000 km",
    "Cubic Capacity": "2,993 ccm",
    "Power": "375 kW (510 hp)",
    "Drive type": "Internal combustion engine",
    "Fuel": "Petrol, E10-enabled",
    "Number of Seats": "5",
    "Door Count": "4/5",
    "Transmission": "Automatic",
    "Emission Class": "Euro6d",
    "Emissions Sticker": "4 (Green)",
    "First Registration": "12/2023",
    "Number of Vehicle Owners": "1",
    "HU": "12/2026",
    "Climatisation": "Automatic climatisation, 3 zones",
    "Parking sensors": "360° camera, Front, Self-steering systems, Rear",
    "Airbags": "Front and Side and More Airbags",
    "Colour (Manufacturer)": "BLACK SAPPHIRE METALLIC",
    "Colour": "Black Metallic",
    "Interior Design": "Full leather, Black",
    "Cylinders": "6",
    "Tank capacity": "59 l"
  },
  "features": [
    "ABS",
    "Adaptive cornering lights",
    "Adaptive Cruise Control",
    "Alarm system",
    "Alloy wheels",
    "Ambient lighting",
    "Android Auto",
    "Apple CarPlay",
    "Arm rest",
    "Autom. dimming interior mirror",
    "Blind spot assist",
    "Bluetooth",
    "Cargo barrier",
    "CD player",
    "Central locking",
    "DAB radio",
    "Digital cockpit",
    "Distance warning system",
    "Dynamic chassis control",
    "Electric backseat adjustment",
    "Electric seat adjustment",
    "Electric side mirror",
    "Electric tailgate",
    "Electric windows",
    "Eletric seat adjustment with memory function",
    "Emergency brake assist",
    "Emergency call system",
    "Emergency tyre repair kit",
    "ESP",
    "Fatigue warning system",
    "Fog lamp",
    "Folding exterior mirrors",
    "Four-wheel drive",
    "Full Service History",
    "Glare-free high beam headlights",
    "Hands-free kit",
    "Headlight washer system",
    "Head-up display",
    "Heated rear seats",
    "Heated seats",
    "Heated steering wheel",
    "High beam assist",
    "Hill-start assist",
    "Immobilizer",
    "Induction charging for smartphones",
    "Integrated music streaming",
    "Isofix",
    "Keyless central locking",
    "Lane change assist",
    "Laser headlights",
    "Leather steering wheel",
    "LED running lights",
    "Light sensor",
    "Lumbar support",
    "Multifunction steering wheel",
    "Navigation system",
    "Non-smoker vehicle",
    "On-board computer",
    "Paddle shifters",
    "Particulate filter",
    "Power Steering",
    "Rain sensor",
    "Rear traffic alert",
    "Roof rack",
    "Seat ventilation",
    "Sound system",
    "Speed limit control system",
    "Sport seats",
    "Sports package",
    "Sports suspension",
    "Start-stop system",
    "Summer tyres",
    "Tinted windows",
    "Touchscreen",
    "Traction control",
    "Traffic sign recognition",
    "Tuner/radio",
    "Tyre pressure monitoring",
    "USB port",
    "Voice control",
    "Warranty",
    "Winter package"
  ]
},
{
  "title": "BMW M3 xDrive M EU6e Competition Touring ehem UPE 11",
  "previewImage": "https://img.classistatic.de/api/v1/mo-prod/images/bd/bdeee8a0-d8e6-4fc1-ba2d-bf79aaba78e0?rule=mo-1600.jpg",
  "category": "EstateCar",
  "brand": "BMW",
  "model": "M3",
  "url": "https://suchen.mobile.de/fahrzeuge/details.html?id=432173063",
  "price.total.amount": 100000,
  "priceRating": {
    "rating": "Good price",
    "priceRanges": {
      "Very good price": {
        "start": 76801,
        "end": 99800
      },
      "Good price": {
        "start": 99801,
        "end": 107500
      },
      "Fair price": {
        "start": 107501,
        "end": 119600
      },
      "Increased price": {
        "start": 119601,
        "end": 128300
      },
      "High price": {
        "start": 128301,
        "end": 142600
      }
    }
  },
  "description": "Getriebe\nAutomatik\nTechnik\nAllrad\nBordcomputer\nSperrdifferential\nAdaptives Daempfungssystem\nStart-Stop-Automatik\nVolldigitales Kombiinstrument\nAssistenten\nMüdigkeitserkennung\nPark-Lenk-Assistent\nRegensensor\nFernlichtassistent\nLichtsensor\nNotbremsassistent\nBerganfahrassistent\nSpurwechselassistent\nAbstandsregeltempomat\nAusparkassistent\nAbstands-/Kollisionswarner\nKomfort\nKlimaautomatik\nServolenkung\nZentralverriegelung\nElektrischer Fensterheber\nLederausstattung\nSitzheizung\nElektrische Aussenspiegel\nTeilbare Ruecksitzlehne\nTempomat\nMultifunktionslenkrad\nKeyless Go Startfunktion\nElektrische Sitze\nInnenspiegel autom. abblendbar\nMittelarmlehne\nInnenraumfilter\nLenksaeule einstellbar\nSportsitze\nParkDistanceControl vorne und hinten\nElektrische Heckklappe\nKeyless Entry\nMemory Sitze\nAmbientebeleuchtung\nLordosenstütze\nLederlenkrad\nGeschwindigkeitsbegrenzungsanlage\nKlimaautomatik-2-Zonen\nKlimaautomatik-3-Zonen\nFunkfernbedienung\nSicht\nLED-Hauptscheinwerfer\nadaptives Kurvenlicht\nLED-Tagfahrlicht\n360 Grad Kamera\nHEAD-UP-Display\nLED-Rueckleuchten\nScheinwerferregulierung\nColorverglasung\nPrivacyverglasung\nSicherheit\nABS\nAirbag\nBeifahrer-Airbag\nWegfahrsperre\nSeitenairbags\nAlarmanlage\nESP\nAntriebsschlupfregelung\nReifendruckkontrolle\nTraktionskontrolle\nKopfairbag\nKnieairbag\nKindersitzbefestigung\nAnhängerstabilisierung\nNotrufsystem\nPannenkit\nEntertainment\nNavigationssystem\nSoundsystem\nRadio\nTelefonvorbereitung\nUSB-Anschluss\nMP3\nHarman-Kardon\nBluetooth\nFreisprecheinrichtung\nSprachsteuerung\nDAB\nWLAN\nTouchscreen\nInduktionsladen für Smartphones\nMusikstreaming\nNavigationsvorbereitung\nUmwelt\nAbgasnorm Euro 6D\nGrüne Umweltplakette\nQualität\nGarantie\nScheckheftgepflegt\nHUAU neu\nNichtraucherfahrzeug\nSonstiges\nKatalysator\nMetallic\nAlufelgen\nDachreling\nGepaeckraumabdeckung\nStossfaenger in Wagenfarbe\nSportpaket\nSportfahrwerk\nLenkradheizung\nFahrerprofilauswahl\nGepäckraumabtrennung\n\nInt.KnNr: 2362127\nÄnderungen, Zwischenverkauf und Irrtümer vorbehalten.\nquality by dotzilla",
  "dealerDetails": {
    "id": 453713,
    "name": "Kohl automobile GmbH",
    "sellerType": "Dealer",
    "phones": [
      "+49 (0)241 9809363369"
    ],
    "languages": [
      "Deutsch",
      "English",
      "Français"
    ],
    "country": "DE",
    "address": "Neuenhofstr. 160, DE-52078 Aachen",
    "location": {
      "latitude": 50.7653702,
      "longitude": 6.1470706
    },
    "activeSince": "2001-06-07T00:00:00.000Z",
    "homepageUrl": "https://home.mobile.de/home/redirect.html?customerId=453713",
    "iconUrl": null,
    "reviewPageUrl": "https://www.mobile.de/bewertungen/KOHL-AACHEN?lang=en",
    "score": {
      "total": 4.2,
      "responseTime": 4.3,
      "friendliness": 4.3,
      "advice": 4
    },
    "activeRatingCount": 61,
    "vehicleAsDescribedPercentage": 90,
    "recommendPercentage": 77,
    "soldVehicleCount": null,
    "reviews": []
  },
  "attributes": {
    "Vehicle condition": "New vehicle, Accident-free",
    "Category": "Estate car",
    "Vehicle Number": "2362127",
    "Availability": "Now",
    "Origin": "German edition",
    "Mileage": "1 km",
    "Cubic Capacity": "2,993 ccm",
    "Power": "390 kW (530 hp)",
    "Drive type": "Internal combustion engine",
    "Fuel": "Petrol",
    "CO₂ class": "Based on CO₂ emissions (combined)",
    "Fuel consumption": [
      "10.4 l/100km (combined)",
      "15.8 l/100km (city)",
      "10.3 l/100km (suburban)",
      "8.8 l/100km (country road)",
      "9.8 l/100km (motorway)"
    ],
    "Energy costs for 15,000 km annual mileage": "€2,802/Year",
    "Fuel price": "€1.80/l (annual average 2024)",
    "Possible CO₂ costs over the next 10 years (15,000 km/year)": [
      "€4,439 (assuming an average CO₂ price of €127/t)",
      "€2,097 (assuming a low average CO₂ price of €60/t)",
      "€6,990 (assuming a high average CO₂ price of €200/t)"
    ],
    "Vehicle tax": "€472/Year",
    "Number of Seats": "5",
    "Door Count": "4/5",
    "Transmission": "Automatic",
    "Emission Class": "Euro6d",
    "Emissions Sticker": "4 (Green)",
    "Construction Year": "2025",
    "Number of Vehicle Owners": "0",
    "HU": "New",
    "Climatisation": "Automatic climatisation, 3 zones",
    "Parking sensors": "360° camera, Rear, Front, Self-steering systems",
    "Airbags": "Front and Side and More Airbags",
    "Colour (Manufacturer)": "Tansanitblau II metallic",
    "Colour": "Blue Metallic",
    "Interior Design": "Full leather, Black",
    "Cylinders": "6",
    "Energy consumption (comb.)": "10.4 l/100km",
    "CO₂ emissions (comb.)": "233 g/km"
  },
  "features": [
    "ABS",
    "Adaptive cornering lights",
    "Adaptive Cruise Control",
    "Alarm system",
    "Alloy wheels",
    "Ambient lighting",
    "Arm rest",
    "Autom. dimming interior mirror",
    "Bluetooth",
    "Cargo barrier",
    "Central locking",
    "DAB radio",
    "Digital cockpit",
    "Distance warning system",
    "Dynamic chassis control",
    "Electric seat adjustment",
    "Electric side mirror",
    "Electric tailgate",
    "Electric windows",
    "Eletric seat adjustment with memory function",
    "Emergency brake assist",
    "Emergency call system",
    "Emergency tyre repair kit",
    "ESP",
    "Fatigue warning system",
    "Folding exterior mirrors",
    "Four-wheel drive",
    "Full Service History",
    "Hands-free kit",
    "Head-up display",
    "Heated seats",
    "Heated steering wheel",
    "High beam assist",
    "Hill-start assist",
    "Immobilizer",
    "Induction charging for smartphones",
    "Integrated music streaming",
    "Isofix",
    "Keyless central locking",
    "Leather steering wheel",
    "LED headlights",
    "LED running lights",
    "Light sensor",
    "Lumbar support",
    "Multifunction steering wheel",
    "Navigation preparation",
    "Navigation system",
    "Non-smoker vehicle",
    "On-board computer",
    "Power Steering",
    "Rain sensor",
    "Rear traffic alert",
    "Roof rack",
    "Sound system",
    "Speed limit control system",
    "Sport seats",
    "Sports package",
    "Sports suspension",
    "Start-stop system",
    "Tinted windows",
    "Touchscreen",
    "Traction control",
    "Tuner/radio",
    "Tyre pressure monitoring",
    "USB port",
    "Voice control",
    "Warranty",
    "WLAN / Wi-Fi hotspot"
  ]
},
{
  "title": "BMW M3 xDrive Competition Touring ehem UPE 115.230€ ",
  "previewImage": "https://img.classistatic.de/api/v1/mo-prod/images/eb/eb1bbe84-eb61-4d8b-aae3-2a98748ce781?rule=mo-1600.jpg",
  "category": "EstateCar",
  "brand": "BMW",
  "model": "M3",
  "url": "https://suchen.mobile.de/fahrzeuge/details.html?id=432529285",
  "price.total.amount": 99999,
  "priceRating": {
    "rating": "Very good price",
    "priceRanges": {
      "Very good price": {
        "start": 77701,
        "end": 101000
      },
      "Good price": {
        "start": 101001,
        "end": 108800
      },
      "Fair price": {
        "start": 108801,
        "end": 121000
      },
      "Increased price": {
        "start": 121001,
        "end": 129900
      },
      "High price": {
        "start": 129901,
        "end": 144300
      }
    }
  },
  "description": "Getriebe\nAutomatik\nTechnik\nAllrad\nBordcomputer\nSperrdifferential\nAdaptives Daempfungssystem\nStart-Stop-Automatik\nVolldigitales Kombiinstrument\nAssistenten\nMüdigkeitserkennung\nPark-Lenk-Assistent\nRegensensor\nFernlichtassistent\nLichtsensor\nNotbremsassistent\nBerganfahrassistent\nSpurwechselassistent\nAbstandsregeltempomat\nAusparkassistent\nAbstands-/Kollisionswarner\nKomfort\nKlimaautomatik\nServolenkung\nZentralverriegelung\nElektrischer Fensterheber\nLederausstattung\nSitzheizung\nElektrische Aussenspiegel\nTeilbare Ruecksitzlehne\nTempomat\nMultifunktionslenkrad\nKeyless Go Startfunktion\nElektrische Sitze\nInnenspiegel autom. abblendbar\nMittelarmlehne\nInnenraumfilter\nLenksaeule einstellbar\nSportsitze\nParkDistanceControl vorne und hinten\nElektrische Heckklappe\nKeyless Entry\nMemory Sitze\nAmbientebeleuchtung\nLordosenstütze\nLederlenkrad\nGeschwindigkeitsbegrenzungsanlage\nKlimaautomatik-2-Zonen\nKlimaautomatik-3-Zonen\nFunkfernbedienung\nSicht\nLED-Hauptscheinwerfer\nadaptives Kurvenlicht\nLED-Tagfahrlicht\n360 Grad Kamera\nHEAD-UP-Display\nLED-Rueckleuchten\nScheinwerferregulierung\nColorverglasung\nPrivacyverglasung\nSicherheit\nABS\nAirbag\nBeifahrer-Airbag\nWegfahrsperre\nSeitenairbags\nAlarmanlage\nESP\nAntriebsschlupfregelung\nReifendruckkontrolle\nTraktionskontrolle\nKopfairbag\nKnieairbag\nKindersitzbefestigung\nAnhängerstabilisierung\nNotrufsystem\nPannenkit\nEntertainment\nNavigationssystem\nSoundsystem\nRadio\nTelefonvorbereitung\nUSB-Anschluss\nMP3\nHarman-Kardon\nBluetooth\nFreisprecheinrichtung\nSprachsteuerung\nDAB\nWLAN\nTouchscreen\nInduktionsladen für Smartphones\nMusikstreaming\nNavigationsvorbereitung\nUmwelt\nAbgasnorm Euro 6D\nGrüne Umweltplakette\nQualität\nGarantie\nScheckheftgepflegt\nHUAU neu\nNichtraucherfahrzeug\nSonstiges\nKatalysator\nMetallic\nAlufelgen\nDachreling\nGepaeckraumabdeckung\nStossfaenger in Wagenfarbe\nSportpaket\nSportfahrwerk\nLenkradheizung\nFahrerprofilauswahl\nGepäckraumabtrennung\n\nInt.KnNr: 2362139\nÄnderungen, Zwischenverkauf und Irrtümer vorbehalten.\nquality by dotzilla",
  "dealerDetails": {
    "id": 453713,
    "name": "Kohl automobile GmbH",
    "sellerType": "Dealer",
    "phones": [
      "+49 (0)241 5570007372"
    ],
    "languages": [
      "Deutsch",
      "English",
      "Français"
    ],
    "country": "DE",
    "address": "Neuenhofstr. 160, DE-52078 Aachen",
    "location": {
      "latitude": 50.7653702,
      "longitude": 6.1470706
    },
    "activeSince": "2001-06-07T00:00:00.000Z",
    "homepageUrl": "https://home.mobile.de/home/redirect.html?customerId=453713",
    "iconUrl": null,
    "reviewPageUrl": "https://www.mobile.de/bewertungen/KOHL-AACHEN?lang=en",
    "score": {
      "total": 4.2,
      "responseTime": 4.3,
      "friendliness": 4.3,
      "advice": 4
    },
    "activeRatingCount": 61,
    "vehicleAsDescribedPercentage": 90,
    "recommendPercentage": 77,
    "soldVehicleCount": null,
    "reviews": []
  },
  "attributes": {
    "Vehicle condition": "New vehicle, Accident-free",
    "Category": "Estate car",
    "Vehicle Number": "2362139",
    "Availability": "Now",
    "Origin": "German edition",
    "Mileage": "0 km",
    "Cubic Capacity": "2,993 ccm",
    "Power": "390 kW (530 hp)",
    "Drive type": "Internal combustion engine",
    "Fuel": "Petrol",
    "CO₂ class": "Based on CO₂ emissions (combined)",
    "Fuel consumption": [
      "10.3 l/100km (combined)",
      "15.4 l/100km (city)",
      "10.2 l/100km (suburban)",
      "8.9 l/100km (country road)",
      "9.7 l/100km (motorway)"
    ],
    "Energy costs for 15,000 km annual mileage": "€2,775/Year",
    "Fuel price": "€1.80/l (annual average 2024)",
    "Possible CO₂ costs over the next 10 years (15,000 km/year)": [
      "€4,439 (assuming an average CO₂ price of €127/t)",
      "€2,097 (assuming a low average CO₂ price of €60/t)",
      "€6,990 (assuming a high average CO₂ price of €200/t)"
    ],
    "Vehicle tax": "€472/Year",
    "Number of Seats": "5",
    "Door Count": "4/5",
    "Transmission": "Automatic",
    "Emission Class": "Euro6d",
    "Emissions Sticker": "4 (Green)",
    "Construction Year": "2025",
    "Number of Vehicle Owners": "0",
    "HU": "New",
    "Climatisation": "Automatic climatisation, 3 zones",
    "Parking sensors": "Rear, 360° camera, Self-steering systems, Front",
    "Airbags": "Front and Side and More Airbags",
    "Colour (Manufacturer)": "Skyscraper Grau metallic",
    "Colour": "Grey Metallic",
    "Interior Design": "Full leather, Black",
    "Cylinders": "6",
    "Energy consumption (comb.)": "10.3 l/100km",
    "CO₂ emissions (comb.)": "233 g/km"
  },
  "features": [
    "ABS",
    "Adaptive cornering lights",
    "Adaptive Cruise Control",
    "Alarm system",
    "Alloy wheels",
    "Ambient lighting",
    "Arm rest",
    "Autom. dimming interior mirror",
    "Bluetooth",
    "Cargo barrier",
    "Central locking",
    "DAB radio",
    "Digital cockpit",
    "Distance warning system",
    "Dynamic chassis control",
    "Electric seat adjustment",
    "Electric side mirror",
    "Electric tailgate",
    "Electric windows",
    "Eletric seat adjustment with memory function",
    "Emergency brake assist",
    "Emergency call system",
    "Emergency tyre repair kit",
    "ESP",
    "Fatigue warning system",
    "Folding exterior mirrors",
    "Four-wheel drive",
    "Full Service History",
    "Hands-free kit",
    "Head-up display",
    "Heated seats",
    "Heated steering wheel",
    "High beam assist",
    "Hill-start assist",
    "Immobilizer",
    "Induction charging for smartphones",
    "Integrated music streaming",
    "Isofix",
    "Keyless central locking",
    "Leather steering wheel",
    "LED headlights",
    "LED running lights",
    "Light sensor",
    "Lumbar support",
    "Multifunction steering wheel",
    "Navigation preparation",
    "Navigation system",
    "Non-smoker vehicle",
    "On-board computer",
    "Power Steering",
    "Rain sensor",
    "Rear traffic alert",
    "Roof rack",
    "Sound system",
    "Speed limit control system",
    "Sport seats",
    "Sports package",
    "Sports suspension",
    "Start-stop system",
    "Tinted windows",
    "Touchscreen",
    "Traction control",
    "Tuner/radio",
    "Tyre pressure monitoring",
    "USB port",
    "Voice control",
    "Warranty",
    "WLAN / Wi-Fi hotspot"
  ]
},
{
  "title": "BMW M3 COMPETITION xDr.INDIVIDUAL.SITZBELÜFT.HARMAN",
  "previewImage": "https://img.classistatic.de/api/v1/mo-prod/images/0f/0f1f878c-efb0-48cf-8c60-7e3b3a8c428f?rule=mo-1600.jpg",
  "category": "Limousine",
  "brand": "BMW",
  "model": "M3",
  "url": "https://suchen.mobile.de/fahrzeuge/details.html?id=434091479",
  "price.total.amount": 101990,
  "priceRating": {
    "rating": "Fair price",
    "priceRanges": {
      "Very good price": {
        "start": 72101,
        "end": 93700
      },
      "Good price": {
        "start": 93701,
        "end": 100900
      },
      "Fair price": {
        "start": 100901,
        "end": 112300
      },
      "Increased price": {
        "start": 112301,
        "end": 120500
      },
      "High price": {
        "start": 120501,
        "end": 133900
      }
    }
  },
  "description": "Sonderausstattung:\n\n01CB CO2 Umfang\n01DF Abgasnorm EU6 rde II\n01MB M DRIVE PROFESSIONAL\n01U0 BMW LM Rad 826M JB\n0230 Zusatzumfang EU-spezifisch\n0248 Lenkradheizung\n02PA Radschraubensicherung\n02T4 M Sportdifferenzial\n02VB Reifendruckanzeige\n02VC Reifenreparatur-Set\n02VF Adaptives M Fahrwerk\n0302 Alarmanlage\n0316 Automatische Heckklappenbetätigung\n0322 Komfortzugang\n03KA Akustik Komfort Verglasung\n03M5 M COMPOUND-BREMSE, ROT HOCHGLAENZ.\n03MF M Leuchten Shadow Line\n0420 Abgedunkelte Verglasung\n0428 Warndreieck und Verbandstasche\n0430 Innen-/Aussensp. mit Abblendautomatik\n0431 Innenspiegel automatisch abblendend\n0453 Klimatisierte Sitze vorne\n0459 Sitzverstellung elektrisch mit Memory\n0488 Lordosenstütze Fahrer u. Beifahrer\n0493 Ablagenpaket\n0494 Sitzheizung Fahrer/Beifahrer\n04GQ M Sicherheitsgurte\n04MC Interieurleisten Carbon Fibre\n04NE Blow-by-Heizer\n04U0 Galvanikapplikation Bedienelemente\n0534 Klimaautomatik\n0548 Kilometertacho\n0552 Adaptiver LED-Scheinwerfer\n05AC Fernlichtassistent\n05AL Active Protection\n05AU Driving Assistant Professional\n05AV Active Guard\n05DA Deaktivierung Airbag Beifahrer\n05DC Kopfstützen im Fond klappbar\n05DN Parkassistenzsystem Plus\n0654 DAB-Tuner\n0688 Harman/Kardon Surround Sound System\n06AE Teleservices\n06AF Gesetzlicher Notruf\n06AK Connected Drive Services\n06C4 Connected Package Professional\n06DR BMW drive recorder\n06NX Storage tray wireless charging\n06PA Personal eSIM\n06U3 BMW Live Cockpit Professional\n06VB Steuerung Infotainment\n0712 M Sportsitz\n0760 Hochglanz Shadow-Line\n0775 Dachhimmel anthrazit\n07A2 Innovationspaket II\n07M9 M Shadow Line mit erweitertem Umfang\n08EK Dummy-SALAPA\n08KA Ölwartungsintervall 24 Monate/30.000 km\n08R3 COC ZUSATZUMFAENGE\n08R9 Kältemittel R1234yf\n08S3 Automatische Verriegelung beim Anfahren\n08TF Aktiver Fussgängerschutz\n08TR Dekodierung Zusatzfunktionen\n08WD Steuerung Fahrerassistenzsysteme\n08WM Steuerung D\nL070 L070 Batteriegröße 70AH\n\n\n\nUnsere Email-Adresse: blautomobilegmbh@gmail.com \n\n\nWhatsApp Nr.: +49 151 46335420 (Deutsch, English) \n\n\nNEUZUSTAND\nUNFALLFREI\nNACHLACKIERUNGSFREI\nZINSGÜNSTIGE FINANZIERUNG\nNETTO VERKAUF MÖGLICH\n\n\n\nWir bitten Sie, für eine Fahrzeugbesichtigung in jedem Fall einen Termin mit uns zu vereinbaren. Einige unserer Fahrzeuge sind wegen Platzmangel nicht vor Ort sondern in einem externen Lager. Besichtigungen sind nur in unserem Showroom möglich, auf Basis einer Terminvereinbarung. \n\n\n\nBitte haben Sie Verständnis dafür, dass auch uns einmal Fehler unterlaufen können. Deshalb behalten wir uns Zwischenverkauf, Irrtümer und/oder Tippfehler im Internet-und Printmedien, insbesondere zu den technischen Angaben und den beworbenen Ausstattungsumfang ausdrücklich vor. Die potenziellen Kunden und Interessenten verpflichten sich den Fahrzeugzustand, Fahrzeugangaben oder dazugehörige Dokumenten selbst zu überprüfen. Vertragsgemäße Beschaffenheit ist nur die, welche bei Kaufabschluss vor Ort besichtigt und schriftlich zugesichert wurde.\n\n\nÖffnungszeiten: \n\nMontag bis Freitag von 9:00 Uhr bis 18:00 Uhr.\nSamstag und andere Termine nur nach tel. Absprache.\nAußerhalb der Öffnungszeiten nur über Handy erreichbar!",
  "dealerDetails": {
    "id": 10465924,
    "name": "BL Automobile GmbH.",
    "sellerType": "Dealer",
    "phones": [
      "+49 (0)821 9998483958"
    ],
    "messengers": {
      "WHATS_APP": "+49 (0)1514 6335420"
    },
    "languages": [
      "Deutsch",
      "English"
    ],
    "country": "DE",
    "address": "Parkstrasse 2, DE-86462 Langweid",
    "location": {
      "latitude": 48.4681795,
      "longitude": 10.865216
    },
    "activeSince": "2013-08-27T00:00:00.000Z",
    "homepageUrl": "https://home.mobile.de/home/redirect.html?customerId=10465924",
    "iconUrl": null,
    "reviewPageUrl": "https://www.mobile.de/bewertungen/BLAUTOMOBILEGMBH?lang=en",
    "score": {
      "total": 4.7,
      "responseTime": 4.7,
      "friendliness": 4.7,
      "advice": 4.7
    },
    "activeRatingCount": 50,
    "vehicleAsDescribedPercentage": 95,
    "recommendPercentage": 94,
    "soldVehicleCount": null,
    "reviews": []
  },
  "attributes": {
    "Vehicle condition": "Used vehicle, Accident-free",
    "Category": "Saloon",
    "Model range": "Baureihe M3 Lim. (G80N)(07.2024->)",
    "Trim line": "xDrive Competition M",
    "Availability": "From Oct 21, 2025",
    "Origin": "EU edition",
    "Mileage": "6,100 km",
    "Cubic Capacity": "2,993 ccm",
    "Power": "390 kW (530 hp)",
    "Drive type": "Internal combustion engine",
    "Fuel": "Petrol",
    "Number of Seats": "5",
    "Door Count": "4/5",
    "Transmission": "Automatic",
    "Emission Class": "Euro 6e",
    "Emissions Sticker": "4 (Green)",
    "First Registration": "06/2025",
    "Number of Vehicle Owners": "1",
    "Climatisation": "Automatic climatisation, 3 zones",
    "Parking sensors": "Self-steering systems, Rear, 360° camera, Front",
    "Airbags": "Front and Side and More Airbags",
    "Colour (Manufacturer)": "SONDERLACKIERUNG",
    "Colour": "Black Matte",
    "Interior Design": "Full leather, Red",
    "Weight": "1,855 kg",
    "Cylinders": "6",
    "Tank capacity": "59 l"
  },
  "features": [
    "ABS",
    "Adaptive cornering lights",
    "Adaptive Cruise Control",
    "Alarm system",
    "Alloy wheels",
    "Ambient lighting",
    "Android Auto",
    "Apple CarPlay",
    "Arm rest",
    "Autom. dimming interior mirror",
    "Blind spot assist",
    "Bluetooth",
    "Central locking",
    "DAB radio",
    "Digital cockpit",
    "Distance warning system",
    "Dynamic chassis control",
    "Electric seat adjustment",
    "Electric side mirror",
    "Electric tailgate",
    "Electric windows",
    "Eletric seat adjustment with memory function",
    "Emergency brake assist",
    "Emergency call system",
    "Emergency tyre repair kit",
    "ESP",
    "Fatigue warning system",
    "Fog lamp",
    "Folding exterior mirrors",
    "Four-wheel drive",
    "Full Service History",
    "Glare-free high beam headlights",
    "Hands-free kit",
    "Head-up display",
    "Heated seats",
    "Heated steering wheel",
    "High beam assist",
    "Hill-start assist",
    "Immobilizer",
    "Induction charging for smartphones",
    "Integrated music streaming",
    "Isofix",
    "Keyless central locking",
    "Lane change assist",
    "Leather steering wheel",
    "LED headlights",
    "LED running lights",
    "Light sensor",
    "Lumbar support",
    "Multifunction steering wheel",
    "Navigation preparation",
    "Navigation system",
    "Non-smoker vehicle",
    "On-board computer",
    "Paddle shifters",
    "Particulate filter",
    "Passenger seat Isofix point",
    "Power Steering",
    "Rain sensor",
    "Rear traffic alert",
    "Seat ventilation",
    "Sound system",
    "Speed limit control system",
    "Sport seats",
    "Sports package",
    "Sports suspension",
    "Start-stop system",
    "Summer tyres",
    "Tinted windows",
    "Touchscreen",
    "Traction control",
    "Traffic sign recognition",
    "Tuner/radio",
    "Tyre pressure monitoring",
    "USB port",
    "Voice control",
    "Warranty",
    "WLAN / Wi-Fi hotspot"
  ]
},
{
  "title": "BMW M3 Competition Touring V-max *UPE 119.870€* ACC ",
  "previewImage": "https://img.classistatic.de/api/v1/mo-prod/images/74/74defec6-fa0b-4ab8-89bd-1e3085aef545?rule=mo-1600.jpg",
  "category": "EstateCar",
  "brand": "BMW",
  "model": "M3",
  "url": "https://suchen.mobile.de/fahrzeuge/details.html?id=414010154",
  "price.total.amount": 101880,
  "priceRating": {
    "rating": "Good price",
    "priceRanges": {
      "Very good price": {
        "start": 76201,
        "end": 99100
      },
      "Good price": {
        "start": 99101,
        "end": 106700
      },
      "Fair price": {
        "start": 106701,
        "end": 118700
      },
      "Increased price": {
        "start": 118701,
        "end": 127400
      },
      "High price": {
        "start": 127401,
        "end": 141600
      }
    }
  },
  "description": "Ausstattungspakete:\nAllradantrieb: Antriebsart xDrive (Allrad)\nSpiegel-Paket: Außenspiegel elektr. anklappbar, Außenspiegel mit Abblendautomatik, links, Außenspiegel mit Bordsteinautomatik, rechts\nDriving Assistant Professional: Spurwechselassistent, Spurwechsel-Warnsystem, Heckaufprall-Vermeidung (Prävention Heckkollision), Querverkehrs-Assistent, aktiver Spurhalteassistent, Ausweich-Assistent, Falschfahrwarnung, Geschwindigkeits-Regelanlage, Aktiv mit Stop&Go-Funktion, Frontkollisionswarnung, Kreuzungs-Assistent, Geschwindigkeits-Begrenzeranlage (Speed Limit Device), Ampel-Erkennung\nMotor 3,0 Ltr. - 390 kW 24V TwinPower Turbo (S58): 3,0 Ltr. - 390 kW 24V\nBMW Live Cockpit Professional: BMW Curved Display, Control-Display mit Farbmonitor (14,9 Zoll), Augmented Reality für Navigation, Head-up-Display Full Color\nInnovations-Paket (2): Scheinwerfer LED mit adaptiver Lichtverteilung, Komfortzugang (Öffnungs- und Schließsystem), BMW Digital Key\nParkassistent-Paket Plus: Rückfahrkamera, Park-Assistent, Rückfahrkamera (Top View), Surround-Kamerasystem (Surround View), Rückfahr-Assistent, Rückfahrhilfe Notbremsfunktion (Active PDC), Einparkhilfe Seite\nSonderausstattungen\nCompound - M Bremssystem (Bremssättel Schwarz)\nDriving Assistant Professional\nFernlichtassistent\nGepäckraum-Paket\nInnenausstattung: Interieurleisten Carbon\nInnovations-Paket (2)\nLM-Felgen vorn/hinten: 9,5x19 / 10,5x20 (Doppelspeichen 825 M, Bicolor, Schwarz)\nLenkrad heizbar\nM Driver´s Package\nMetallic-Lackierung\nParkassistent-Paket Plus\nSicherheitssystem Active Protection\nSitzbezug / Polsterung: Voll-Leder Merino Silverstone / Schwarz\nSerienausstattungen\nAblage-Paket\nAdaptives Fahrwerk M-Technic\nAirbag Beifahrerseite abschaltbar\nAirbag Fahrer- und Beifahrerseite\nAktives M Differential\nAlarmanlage\nAmbiente-Beleuchtung\nAnhänger-Stabilisierungs-Programm (ASL)\nAnti-Blockier-System (ABS)\nAusstattungs-Paket: Connected Professional\nAutomatische Stabilitäts-Control (ASC)\nBlinkleuchte in Außenspiegel integriert\nCompetition\nDach schwarz lackiert\nDachreling Hochglanz Shadow-Line\nDiebstahl-Warnanlage\nDurchladeeinrichtung (Mittelarmlehne hinten)\nDynamische Stabilitäts-Control (DSC) mit erweiterter Umfang\nDynamische Tractions Control (DTC)\nEinstiegsleisten mit Einleger in Aluminium mit Schriftzug M\nActive Guard (Bremsassistent)\nFensterheber elektrisch vorn + hinten\nFreisprecheinrichtung Bluetooth mit USB-/Audio-Schnittstelle\nGepäckraum-Abtrennung (Netz)\nGeschwindigkeits-Regelanlage mit Bremsfunktion\nGetriebe Automatik - mit Steptronic und Drivelogic (8-Stufen)\nGetränkehalter\nHeckleuchten LED\nISOFIX-Aufnahmen für Kindersitz\nInduktionsladeschale für Smartphone (Wireless Charging)\nInnenspiegel mit Abblendautomatik\nKennzeichenbeleuchtung LED\nKlimaautomatik 3-Zonen mit autom. Umluft-Control\nKnieairbag Fahrerseite\nKopf-Airbag-System vorn und hinten\nLM-Felgen\nLendenwirbelstütze Sitz vorn links und rechts, elektr. verstellbar\nLenkrad (Leder) mit Multifunktion M-Technic\nLenksäule (Lenkrad) mechan. verstellbar\nLeuchtweitenregelung\nLicht- und Regensensor\nLichtassistent (Follow me home)\nM Drive (Fahrprofilauswahl)\nM Drive Professional (Fahrprofilauswahl)\nMultifunktion für Lenkrad\nPersonalisierungssystem (BMW ID)\nRadioempfang digital (DAB+)\nReifen-Reparaturset (Mobility-Pack)\nReifendruck-Kontrollsystem\nReifenpannen-Anzeige\nSchadstoffarm nach Abgasnorm Euro 6e\nSchaltpunktanzeige\nScheibenwischer mit Regensensor\nScheinwerfer LED\nSeitenairbag vorn\nConnectedDrive Services\nIntelligenter Notruf inkl. TeleServices\nSitzbezug / Polsterung: Leder Merino\nSitze vorn elektr. verstellbar (mit Memory)\nSitzheizung vorn\nSonnenschutzverglasung (hinten abgedunkelt)\nSound-System Harman-Kardon\nSportdifferential\nSportsitze vorn (M-Technic)\nStart/Stop-Anlage (Funktion)\nSteckdose (12V-Anschluß) in Mittelkonsole vorn\nZentralverriegelung mit Diebstahlsicherung und Crashsensor\ndynamische Stabilitäts-Control (DSC)\nUPE des Herstellers 119.870,00 Euro inkl. MwSt zuzüglich Bereitstellungspauschale in Höhe von 1.299,00 Euro\n... Änderungen, Zwischenverkauf und Irrtümer vorbehalten.\n\nquality by dotzilla",
  "dealerDetails": {
    "id": 457793,
    "name": "Schubert Motors GmbH BMW und Hyundai Vertragshändler",
    "sellerType": "Dealer",
    "phones": [
      "+49 (0)3904 639987906"
    ],
    "languages": [
      "Deutsch",
      "Pусский",
      "English"
    ],
    "country": "DE",
    "address": "Friedrich-Schmelzer-Strasse 1, DE-39340 Haldensleben",
    "location": {
      "latitude": 52.2838192,
      "longitude": 11.4294542
    },
    "activeSince": "2005-06-08T00:00:00.000Z",
    "homepageUrl": "https://home.mobile.de/home/redirect.html?customerId=457793",
    "iconUrl": "https://img.classistatic.de/api/v1/mo-prod/images/cf/cfbcf0a1-d7a3-497f-af91-1d6445c20a44?rule=mo-640.jpg",
    "reviewPageUrl": "https://www.mobile.de/bewertungen/SCHUBERT-MOTORS-GMBH?lang=en",
    "score": {
      "total": 4.9,
      "responseTime": 4.9,
      "friendliness": 4.9,
      "advice": 4.9
    },
    "activeRatingCount": 35,
    "vehicleAsDescribedPercentage": 100,
    "recommendPercentage": 100,
    "soldVehicleCount": null,
    "reviews": []
  },
  "attributes": {
    "Vehicle condition": "Used vehicle",
    "Category": "Estate car, Demonstration Vehicle",
    "Model range": "G80",
    "Trim line": "m3 competition",
    "Vehicle Number": "125057",
    "Availability": "Now",
    "Origin": "German edition",
    "Mileage": "1,900 km",
    "Cubic Capacity": "2,993 ccm",
    "Power": "390 kW (530 hp)",
    "Drive type": "Internal combustion engine",
    "Fuel": "Petrol",
    "CO₂ class": "Based on CO₂ emissions (combined)",
    "Fuel consumption": [
      "10.4 l/100km (combined)",
      "15.8 l/100km (city)",
      "10.3 l/100km (suburban)",
      "8.8 l/100km (country road)",
      "9.8 l/100km (motorway)"
    ],
    "Energy costs for 15,000 km annual mileage": "€2,802/Year",
    "Fuel price": "€1.80/l (annual average 2024)",
    "Possible CO₂ costs over the next 10 years (15,000 km/year)": [
      "€4,477 (assuming an average CO₂ price of €127/t)",
      "€2,115 (assuming a low average CO₂ price of €60/t)",
      "€7,050 (assuming a high average CO₂ price of €200/t)"
    ],
    "Vehicle tax": "€480/Year",
    "Number of Seats": "5",
    "Door Count": "4/5",
    "Transmission": "Automatic",
    "Emissions Sticker": "4 (Green)",
    "First Registration": "04/2025",
    "Construction Year": "2024",
    "Number of Vehicle Owners": "1",
    "HU": "New",
    "Climatisation": "Automatic climatisation, 3 zones",
    "Parking sensors": "360° camera, Self-steering systems, Front, Rear",
    "Airbags": "Front and Side and More Airbags",
    "Colour (Manufacturer)": "ISLE OF MAN GRUEN METALLIC",
    "Colour": "Green Metallic",
    "Interior Design": "Full leather, Other",
    "Cylinders": "6",
    "Energy consumption (comb.)": "10.4 l/100km",
    "CO₂ emissions (comb.)": "235 g/km"
  },
  "features": [
    "ABS",
    "Adaptive cornering lights",
    "Adaptive Cruise Control",
    "Alarm system",
    "Alloy wheels",
    "Ambient lighting",
    "Android Auto",
    "Apple CarPlay",
    "Arm rest",
    "Autom. dimming interior mirror",
    "Blind spot assist",
    "Bluetooth",
    "Cargo barrier",
    "Central locking",
    "DAB radio",
    "Digital cockpit",
    "Distance warning system",
    "Dynamic chassis control",
    "Electric seat adjustment",
    "Electric side mirror",
    "Electric tailgate",
    "Electric windows",
    "Eletric seat adjustment with memory function",
    "Emergency brake assist",
    "Emergency call system",
    "Emergency tyre repair kit",
    "ESP",
    "Fatigue warning system",
    "Folding exterior mirrors",
    "Four-wheel drive",
    "Full Service History",
    "Glare-free high beam headlights",
    "Hands-free kit",
    "Head-up display",
    "Heated seats",
    "Heated steering wheel",
    "High beam assist",
    "Hill-start assist",
    "Immobilizer",
    "Induction charging for smartphones",
    "Integrated music streaming",
    "Isofix",
    "Keyless central locking",
    "Lane change assist",
    "Leather steering wheel",
    "LED headlights",
    "LED running lights",
    "Light sensor",
    "Lumbar support",
    "Multifunction steering wheel",
    "Navigation system",
    "New service",
    "Non-smoker vehicle",
    "On-board computer",
    "Paddle shifters",
    "Power Steering",
    "Rain sensor",
    "Rear traffic alert",
    "Roof rack",
    "Sound system",
    "Speed limit control system",
    "Sport seats",
    "Sports package",
    "Sports suspension",
    "Start-stop system",
    "Summer tyres",
    "Tinted windows",
    "Touchscreen",
    "Traction control",
    "Traffic sign recognition",
    "Tuner/radio",
    "Tyre pressure monitoring",
    "USB port",
    "Voice control",
    "Warranty",
    "WLAN / Wi-Fi hotspot"
  ]
},
{
  "title": "BMW M3 Competition xDrive Stratus Grau Indiv. Carbon",
  "previewImage": "https://img.classistatic.de/api/v1/mo-prod/images/7c/7c475cfe-7d77-4196-83e5-fbf8f69689b9?rule=mo-1600.jpg",
  "category": "Limousine",
  "brand": "BMW",
  "model": "M3",
  "url": "https://suchen.mobile.de/fahrzeuge/details.html?id=423252842",
  "price.total.amount": 101980,
  "priceRating": {
    "rating": "Good price",
    "priceRanges": {
      "Very good price": {
        "start": 77201,
        "end": 100400
      },
      "Good price": {
        "start": 100401,
        "end": 108100
      },
      "Fair price": {
        "start": 108101,
        "end": 120200
      },
      "Increased price": {
        "start": 120201,
        "end": 129100
      },
      "High price": {
        "start": 129101,
        "end": 143400
      }
    }
  },
  "description": "Antrieb, Fahrwerk\nAdaptives M Fahrwerk\nAllrad\nBremsanlage: Compound - M Bremssystem (Bremssättel Rot)\nM Drive Professional\nM Sportdifferential\nSportfahrwerk\n\nAußenausstattung\nLM-Felgen\nSonnenschutzverglasung (hinten abgedunkelt)\n\nEditionen und Pakete\nAblagenpaket\nConnectedDrive Services (laufzeitgebundener Dienst)\nConnectedPackage Professional (laufzeitgebundener Dienst)\nInnovations-Paket (2)\n\nFahrerassistenz\nFahrassistenz-System: Driving Assistant Professional\nGesetzlicher Notruf\nHead-Up Display\nParkassistent-Paket Plus\nRückfahrkamera\nTeleServices\n\nIndividualumfänge\nBMW Individual Hochglanz Shadow Line\nBMW Individual Hochglanz Shadow Line mit erweiterten Umfängen\nDachhimmel Individual anthrazit\n\nKomfort, Innenausstattung\nAmbiente-Beleuchtung\nAußenspiegel elektr. anklappbar\nAutomatische Verriegelung beim Anfahren\nBMW Live Cockpit Professional\nDurchladeeinrichtung (Mittelarmlehne hinten)\nDurchladesystem\nEinparkhilfe selbstlenkendes System\nFahrassistenz-System: Einparkhilfe Seite\nFahrassistenz-System: Park-Assistent\nFensterheber elektrisch vorn + hinten\nFensterheber, elektrisch\nFondkopfstützen klappbar\nFreisprecheinrichtung Bluetooth mit USB-/Audio-Schnittstelle\nGalvanikapplikation für Bedienelemente\nGeschwindigkeits-Regelanlage mit Bremsfunktion\nHead-up-Display Full Color\nHeckklappenbetätigung automatisch\nInduktionsladeschale für Smartphone (Wireless Charging)\nInnen- und Aussenspiegel automatisch abblendend\nInnenspiegel mit Abblendautomatik\nIsofix-Aufnahmen für Kindersitz\nKeyless Entry\nKlimaautomatic\nKlimaautomatik 3-Zonen mit autom. Umluft-Control\nKomfortzugang (Öffnungs- und Schließsystem)\nLeder\nLederlenkrad\nLendenwirbelstütze Sitz vorn links und rechts, elektr. verstellbar\nLenkrad (Leder) mit Multifunktion M-Technic\nLenkrad heizbar\nLicht- und Regensensor\nLordose\nM Schalensitze Carbon\nM Sicherheitsgurte\nMultifunktion für Lenkrad\nMultifunktionslenkrad\nRadioempfang digital (DAB+)\nScheibenwischer mit Regensensor\nService-System: Augmented Reality für Navigation\nSitze vorn elektr. verstellbar (mit Memory)\nSitzheizung fuer Fahrer und Beifahrer\nSitzheizung vorn\nSitzverstellung, elektrisch mit Memory\nSonnenschutzverglasung\nSound-System Harman-Kardon\nSportsitze\nStart/Stop-Anlage (Funktion)\nTempomat\nZentralverriegelung\nZentralverriegelung mit Diebstahlsicherung und Crashsensor\n\nMultimedia\nBluetooth\nBMW Live Cockpit Professional (laufzeitgebundener Dienst)\nDAB Tuner\nFreisprecheinrichtung\nHarman Kardon Surround Sound System\nNavigationssystem\nRadio\nTelefon\nUSB Schnittstelle\n\nRäder\n19\"/20\" M Schmiederäder Doppelspeiche 826 M Schwarz / MB\nRadschraubensicherung\nReifenreparatur-Set\n\nSicherheit/Umwelt\nAdaptives Fahrwerk M-Technic\nAirbag Beifahrerseite abschaltbar\nAirbag Fahrer-/Beifahrerseite\nAlarmanlage\nAnti-Blockier-System (ABS)\nAntriebsart: Allradantrieb\nAntriebsart: xDrive (Allrad)\nDiebstahl-Warnanlage\nDynamische Stabilitäts-Control (DSC)\nDynamische Stabilitäts-Control (DSC) mit erweiterter Umfang\nFahrassistenz-System: Active Guard (Bremsassistent)\nFahrassistenz-System: Rückfahrhilfe Notbremsfunktion (Active PDC)\nGeschwindigkeits-Begrenzeranlage (Speed Limit Device)\nKnieairbag Fahrerseite\nKopf-Airbag-System hinten\nKopf-Airbag-System vorn\nLichtassistent (Follow me home)\nOtto-Partikelfilter (OPF)\nReifendruck-Kontrollsystem\nReifenpannen-Anzeige\nScheinwerfer LED\nSeitenairbag vorn\nService-System: Gesetzlicher Notruf\nService-System: Intelligenter Notruf inkl. TeleServices\n\nSitzbezug\nLeder Merino Schwarz/Schwarz\n\nSonstiges\nAblage für Wireless Charging \nAblage-Paket\nActive Guard\nAktives M Differential\nAnhänger-Stabilisierungs-Programm (ASL)\nAußenausstattung: Shadow-Line Hochglanz\nAußenausstattung: Shadow-Line Hochglanz (erweiterter Umfang)\nAußenspiegel mit Abblendautomatik, links\nAußenspiegel mit Bordsteinautomatik, rechts\nAusstattungs-Paket: Connected Professional\nAutomatische Stabilitäts-Control (ASC)\nBedienelemente galvanisiert\nBlinkleuchte in Außenspiegel integriert\nBlow by-Heizer\nBMW Individual-Sonderlackierung Frozen Pure Grey Metallic\nCO2-Umfang\nDekodierung Zusatzfunktionen\nDeutsch / Bordliteratur\nDeutschland-Ausfuehrung\nElektrisch verstellbare Spiegel\nEU-spezifische Zusatzumfaenge\nInterieurleisten Aluminium Rhombicle Anthrazit \nKältemittel\nKilometertacho\nÖlwartungsintervall 24 Monate/30.000 km\nPersonal eSIM \nReifendruckkontrollsystem\nSitzbezug / Polsterung: Leder Merino Schwarz\nSteuerung Infotainment\nSteuerung Karosserie\n\nUmwelt, Sicherheit\nAbgasnorm EU6 RDE II\nABS\nAktiver Fussgängerschutz\nAlarmanlage\nAuto Start/Stop Funktion \nBeifahrerairbag\nBeifahrerairbag-Deaktivierung\nDiebstahlwarnanlage\nESP\nFahrassistenz-System: Fernlichtassistent\nFahrerairbag\nInnenspiegel, automatisch abblendend\nKindersitzbefestigung ISOFIX\nKopfairbag\nLED-Scheinwerfer\nLichtsensor\nNotbremsassistent\nPASM\nRegensensor\nReifen Druck Control\nScheinwerfer LED mit adaptiver Lichtverteilung\nSeitenairbag\nTraction Control\nWarndreieck\nIrrtümer und Zwischenverkauf vorbehalten.",
  "dealerDetails": {
    "id": 7646093,
    "name": "Autohaus Unterberger GmbH",
    "sellerType": "Dealer",
    "phones": [
      "+49 (0)8382 889940170"
    ],
    "languages": [
      "Deutsch",
      "English",
      "Italiano",
      "Français"
    ],
    "country": "DE",
    "address": "Peter-Dornier-Strasse 2, DE-88131 Lindau",
    "location": {
      "latitude": 47.5491682,
      "longitude": 9.7294849
    },
    "activeSince": "2012-04-27T00:00:00.000Z",
    "homepageUrl": "https://home.mobile.de/home/redirect.html?customerId=7646093",
    "iconUrl": "https://img.classistatic.de/api/v1/mo-prod/images/04/04df1411-8c13-446e-9d88-021090b389c3?rule=mo-640.jpg",
    "reviewPageUrl": "https://www.mobile.de/bewertungen/AUTOHAUSUNTERBERGERGMBHLINDAU?lang=en",
    "score": {
      "total": 4.4,
      "responseTime": 4.6,
      "friendliness": 4.4,
      "advice": 4.3
    },
    "activeRatingCount": 16,
    "vehicleAsDescribedPercentage": 92,
    "recommendPercentage": 85,
    "soldVehicleCount": null,
    "reviews": []
  },
  "attributes": {
    "Vehicle condition": "New vehicle, Accident-free",
    "Category": "Saloon",
    "Model range": "G80N",
    "Trim line": "xDrive Stratus Grau Indiv. Carbon Sitze",
    "Availability": "Now",
    "Origin": "German edition",
    "Mileage": "0 km",
    "Cubic Capacity": "2,993 ccm",
    "Power": "390 kW (530 hp)",
    "Drive type": "Internal combustion engine",
    "Fuel": "Petrol, E10-enabled",
    "CO₂ class": "Based on CO₂ emissions (combined)",
    "Fuel consumption": [
      "10.2 l/100km (combined)",
      "15.4 l/100km (city)",
      "10.1 l/100km (suburban)",
      "8.7 l/100km (country road)",
      "9.5 l/100km (motorway)"
    ],
    "Energy costs for 15,000 km annual mileage": "€2,748/Year",
    "Fuel price": "€1.80/l (annual average 2024)",
    "Possible CO₂ costs over the next 10 years (15,000 km/year)": [
      "€4,382 (assuming an average CO₂ price of €127/t)",
      "€2,070 (assuming a low average CO₂ price of €60/t)",
      "€6,900 (assuming a high average CO₂ price of €200/t)"
    ],
    "Vehicle tax": "€460/Year",
    "Number of Seats": "5",
    "Door Count": "4/5",
    "Transmission": "Automatic",
    "Emission Class": "Euro6",
    "Construction Year": "2024",
    "Number of Vehicle Owners": "0",
    "HU": "New",
    "Climatisation": "Automatic climatisation, 3 zones",
    "Parking sensors": "Front, Camera, Self-steering systems, Rear",
    "Airbags": "Front and Side and More Airbags",
    "Colour (Manufacturer)": "Individual Lack Stratusgrau Meta",
    "Colour": "Grey",
    "Interior Design": "Full leather, Black",
    "Weight": "1,855 kg",
    "Tank capacity": "59 l",
    "Energy consumption (comb.)": "10.2 l/100km",
    "CO₂ emissions (comb.)": "230 g/km"
  },
  "features": [
    "ABS",
    "Adaptive Cruise Control",
    "Adaptive lighting",
    "Alarm system",
    "Alloy wheels",
    "Ambient lighting",
    "Arm rest",
    "Autom. dimming interior mirror",
    "Blind spot assist",
    "Bluetooth",
    "Central locking",
    "DAB radio",
    "Digital cockpit",
    "Distance warning system",
    "Dynamic chassis control",
    "Electric seat adjustment",
    "Electric side mirror",
    "Electric tailgate",
    "Electric windows",
    "Emergency brake assist",
    "Emergency call system",
    "ESP",
    "Four-wheel drive",
    "Full Service History",
    "Glare-free high beam headlights",
    "Hands-free kit",
    "Head-up display",
    "Heated seats",
    "Heated steering wheel",
    "High beam assist",
    "Hill-start assist",
    "Immobilizer",
    "Induction charging for smartphones",
    "Isofix",
    "Keyless central locking",
    "Lane change assist",
    "Leather steering wheel",
    "LED headlights",
    "LED running lights",
    "Light sensor",
    "Lumbar support",
    "Multifunction steering wheel",
    "Navigation system",
    "On-board computer",
    "Particulate filter",
    "Power Steering",
    "Rain sensor",
    "Sound system",
    "Speed limit control system",
    "Sport seats",
    "Sports suspension",
    "Start-stop system",
    "Tinted windows",
    "Touchscreen",
    "Traction control",
    "Tuner/radio",
    "Tyre pressure monitoring",
    "USB port",
    "Voice control",
    "Warranty"
  ]
},
{
  "title": "BMW M3 xDrive Competition Touring ehem UPE 119.170€ ",
  "previewImage": "https://img.classistatic.de/api/v1/mo-prod/images/12/12014cc3-4a12-4a23-a8d3-fb6ddd8dfbe4?rule=mo-1600.jpg",
  "category": "EstateCar",
  "brand": "BMW",
  "model": "M3",
  "url": "https://suchen.mobile.de/fahrzeuge/details.html?id=433960162",
  "price.total.amount": 103000,
  "priceRating": {
    "rating": "Good price",
    "priceRanges": {
      "Very good price": {
        "start": 76801,
        "end": 99800
      },
      "Good price": {
        "start": 99801,
        "end": 107500
      },
      "Fair price": {
        "start": 107501,
        "end": 119600
      },
      "Increased price": {
        "start": 119601,
        "end": 128300
      },
      "High price": {
        "start": 128301,
        "end": 142600
      }
    }
  },
  "description": "Getriebe\nAutomatik\nTechnik\nAllrad\nBordcomputer\nSperrdifferential\nAdaptives Daempfungssystem\nStart-Stop-Automatik\nVolldigitales Kombiinstrument\nAssistenten\nMüdigkeitserkennung\nPark-Lenk-Assistent\nRegensensor\nFernlichtassistent\nLichtsensor\nNotbremsassistent\nBerganfahrassistent\nSpurwechselassistent\nAbstandsregeltempomat\nAusparkassistent\nAbstands-/Kollisionswarner\nKomfort\nKlimaautomatik\nServolenkung\nZentralverriegelung\nElektrischer Fensterheber\nLederausstattung\nSitzheizung\nElektrische Aussenspiegel\nTeilbare Ruecksitzlehne\nTempomat\nMultifunktionslenkrad\nKeyless Go Startfunktion\nElektrische Sitze\nInnenspiegel autom. abblendbar\nMittelarmlehne\nInnenraumfilter\nLenksaeule einstellbar\nSportsitze\nParkDistanceControl vorne und hinten\nElektrische Heckklappe\nKeyless Entry\nMemory Sitze\nAmbientebeleuchtung\nLordosenstütze\nLederlenkrad\nGeschwindigkeitsbegrenzungsanlage\nKlimaautomatik-2-Zonen\nKlimaautomatik-3-Zonen\nFunkfernbedienung\nSicht\nLED-Hauptscheinwerfer\nadaptives Kurvenlicht\nLED-Tagfahrlicht\n360 Grad Kamera\nHEAD-UP-Display\nLED-Rueckleuchten\nScheinwerferregulierung\nColorverglasung\nPrivacyverglasung\nSicherheit\nABS\nAirbag\nBeifahrer-Airbag\nWegfahrsperre\nSeitenairbags\nAlarmanlage\nESP\nAntriebsschlupfregelung\nReifendruckkontrolle\nTraktionskontrolle\nKopfairbag\nKnieairbag\nKindersitzbefestigung\nAnhängerstabilisierung\nNotrufsystem\nPannenkit\nEntertainment\nNavigationssystem\nSoundsystem\nRadio\nTelefonvorbereitung\nUSB-Anschluss\nMP3\nHarman-Kardon\nBluetooth\nFreisprecheinrichtung\nSprachsteuerung\nDAB\nWLAN\nTouchscreen\nInduktionsladen für Smartphones\nMusikstreaming\nNavigationsvorbereitung\nUmwelt\nAbgasnorm Euro 6D\nGrüne Umweltplakette\nQualität\nGarantie\nScheckheftgepflegt\nHUAU neu\nNichtraucherfahrzeug\nSonstiges\nKatalysator\nMetallic\nAlufelgen\nDachreling\nGepaeckraumabdeckung\nStossfaenger in Wagenfarbe\nSportpaket\nSportfahrwerk\nLenkradheizung\nFahrerprofilauswahl\nGepäckraumabtrennung\n\nInt.KnNr: 2362123\nÄnderungen, Zwischenverkauf und Irrtümer vorbehalten.\nquality by dotzilla",
  "dealerDetails": {
    "id": 3202549,
    "name": "Kohl automobile GmbH Filiale Bergheim",
    "sellerType": "Dealer",
    "phones": [
      "+49 (0)2271 48699004",
      "+49 (0)2271 760340"
    ],
    "languages": [
      "Deutsch"
    ],
    "country": "DE",
    "address": "Heisenbergstraße, DE-50126 Bergheim",
    "location": {
      "latitude": 50.9470167,
      "longitude": 6.6225836
    },
    "activeSince": "2009-11-30T00:00:00.000Z",
    "homepageUrl": "https://home.mobile.de/home/redirect.html?customerId=3202549",
    "iconUrl": null,
    "reviewPageUrl": "https://www.mobile.de/bewertungen/AUTOHAUSSCHNITZLER?lang=en",
    "score": {
      "total": 4.7,
      "responseTime": 4.7,
      "friendliness": 4.7,
      "advice": 4.7
    },
    "activeRatingCount": 10,
    "vehicleAsDescribedPercentage": 100,
    "recommendPercentage": 100,
    "soldVehicleCount": null,
    "reviews": []
  },
  "attributes": {
    "Vehicle condition": "New vehicle, Accident-free",
    "Category": "Estate car",
    "Vehicle Number": "2362123",
    "Availability": "Now",
    "Origin": "German edition",
    "Mileage": "1 km",
    "Cubic Capacity": "2,993 ccm",
    "Power": "390 kW (530 hp)",
    "Drive type": "Internal combustion engine",
    "Fuel": "Petrol",
    "CO₂ class": "Based on CO₂ emissions (combined)",
    "Fuel consumption": [
      "10.4 l/100km (combined)",
      "15.8 l/100km (city)",
      "10.3 l/100km (suburban)",
      "8.8 l/100km (country road)",
      "9.8 l/100km (motorway)"
    ],
    "Energy costs for 15,000 km annual mileage": "€2,802/Year",
    "Fuel price": "€1.80/l (annual average 2024)",
    "Possible CO₂ costs over the next 10 years (15,000 km/year)": [
      "€4,477 (assuming an average CO₂ price of €127/t)",
      "€2,115 (assuming a low average CO₂ price of €60/t)",
      "€7,050 (assuming a high average CO₂ price of €200/t)"
    ],
    "Vehicle tax": "€480/Year",
    "Number of Seats": "5",
    "Door Count": "4/5",
    "Transmission": "Automatic",
    "Emission Class": "Euro6d",
    "Emissions Sticker": "4 (Green)",
    "Construction Year": "2025",
    "Number of Vehicle Owners": "0",
    "HU": "New",
    "Climatisation": "Automatic climatisation, 3 zones",
    "Parking sensors": "Rear, Front, Self-steering systems, 360° camera",
    "Airbags": "Front and Side and More Airbags",
    "Colour (Manufacturer)": "FROZEN PORTIMAO BLAU METALLIC",
    "Colour": "Blue Metallic",
    "Interior Design": "Full leather, Black",
    "Cylinders": "6",
    "Energy consumption (comb.)": "10.4 l/100km",
    "CO₂ emissions (comb.)": "235 g/km"
  },
  "features": [
    "ABS",
    "Adaptive cornering lights",
    "Adaptive Cruise Control",
    "Alarm system",
    "Alloy wheels",
    "Ambient lighting",
    "Arm rest",
    "Autom. dimming interior mirror",
    "Bluetooth",
    "Cargo barrier",
    "Central locking",
    "DAB radio",
    "Digital cockpit",
    "Distance warning system",
    "Dynamic chassis control",
    "Electric seat adjustment",
    "Electric side mirror",
    "Electric tailgate",
    "Electric windows",
    "Eletric seat adjustment with memory function",
    "Emergency brake assist",
    "Emergency call system",
    "Emergency tyre repair kit",
    "ESP",
    "Fatigue warning system",
    "Folding exterior mirrors",
    "Four-wheel drive",
    "Full Service History",
    "Hands-free kit",
    "Head-up display",
    "Heated seats",
    "Heated steering wheel",
    "High beam assist",
    "Hill-start assist",
    "Immobilizer",
    "Induction charging for smartphones",
    "Integrated music streaming",
    "Isofix",
    "Keyless central locking",
    "Leather steering wheel",
    "LED headlights",
    "LED running lights",
    "Light sensor",
    "Lumbar support",
    "Multifunction steering wheel",
    "Navigation preparation",
    "Navigation system",
    "Non-smoker vehicle",
    "On-board computer",
    "Power Steering",
    "Rain sensor",
    "Rear traffic alert",
    "Roof rack",
    "Sound system",
    "Speed limit control system",
    "Sport seats",
    "Sports package",
    "Sports suspension",
    "Start-stop system",
    "Tinted windows",
    "Touchscreen",
    "Traction control",
    "Tuner/radio",
    "Tyre pressure monitoring",
    "USB port",
    "Voice control",
    "Warranty",
    "WLAN / Wi-Fi hotspot"
  ]
},
{
  "title": "BMW M3 Competition M XDR M Drivers P. / Limousine",
  "previewImage": "https://img.classistatic.de/api/v1/mo-prod/images/19/19588e89-9e9d-4024-9988-7c6303d15226?rule=mo-1600.jpg",
  "category": "Limousine",
  "brand": "BMW",
  "model": "M3",
  "url": "https://suchen.mobile.de/fahrzeuge/details.html?id=425256788",
  "price.total.amount": 102690,
  "priceRating": {
    "rating": "Good price",
    "priceRanges": {
      "Very good price": {
        "start": 76001,
        "end": 98800
      },
      "Good price": {
        "start": 98801,
        "end": 106400
      },
      "Fair price": {
        "start": 106401,
        "end": 118400
      },
      "Increased price": {
        "start": 118401,
        "end": 127100
      },
      "High price": {
        "start": 127101,
        "end": 141200
      }
    }
  },
  "description": "Antrieb, Fahrwerk\nAdaptives M Fahrwerk\nAllrad\nM Compound-Bremse, rot hochglänzend\nM Drive Professional\nM Sportdifferential\nSportfahrwerk\n\nAußenausstattung\nLM-Felgen\nSonnenschutzverglasung (hinten abgedunkelt)\n\nEditionen und Pakete\nAblagenpaket\nConnectedDrive Services (laufzeitgebundener Dienst)\nConnectedPackage Professional (laufzeitgebundener Dienst)\nM Carbon Exterieurpaket\nM Driver's Package \n\nFahrerassistenz\nBMW Drive Recorder\nDriving Assistant Professional\nGesetzlicher Notruf\nHead-Up Display\nParking Assistant Plus\nRückfahrkamera\nSpurverlassenswarnung\nSpurwechselwarnung\nTeleServices\n\nIndividualumfänge\nBMW Individual Hochglanz Shadow Line\nBMW Individual Hochglanz Shadow Line mit erweiterten Umfängen\nBMW Individual Leuchten Shadow Line\nDachhimmel Individual anthrazit\n\nKomfort, Innenausstattung\nAbstandsregeltempomat\nAktive Sitzbelüftung vorn\nAkustikkomfort-Verglasung\nAmbiente-Beleuchtung\nAußenspiegel elektr. anklappbar\nAutomatische Heckklappenbetätigung\nAutomatische Verriegelung beim Anfahren\nBMW Live Cockpit Professional\nDurchladeeinrichtung (Mittelarmlehne hinten)\nDurchladesystem\nEinparkhilfe selbstlenkendes System\nFensterheber elektrisch vorn + hinten\nFensterheber, elektrisch\nFondkopfstützen klappbar\nFreisprecheinrichtung Bluetooth mit USB-/Audio-Schnittstelle\nGalvanikapplikation für Bedienelemente\nGeschwindigkeits-Regelanlage mit Bremsfunktion\nHead-up-Display Full Color\nInduktionsladeschale für Smartphone (Wireless Charging)\nInnen- und Aussenspiegel automatisch abblendend\nInnenspiegel mit Abblendautomatik\nIsofix-Aufnahmen für Kindersitz\nKeyless Entry\nKlimaautomatic\nKlimaautomatik 3-Zonen mit autom. Umluft-Control\nKomfortzugang\nLeder\nLederlenkrad\nLendenwirbelstütze Sitz vorn links und rechts, elektr. verstellbar\nLenkrad (Leder) mit Multifunktion M-Technic\nLenkradheizung\nLicht- und Regensensor\nLordose\nLordosenstuetze fuer Fahrer und Beifahrer\nM Sicherheitsgurte\nM Sportsitze\nMultifunktion für Lenkrad\nMultifunktionslenkrad\nRadioempfang digital (DAB+)\nScheibenwischer mit Regensensor\nService-System: Augmented Reality für Navigation\nSitze vorn elektr. verstellbar (mit Memory)\nSitzheizung fuer Fahrer und Beifahrer\nSitzheizung vorn\nSitzverstellung, elektrisch mit Memory\nSonnenschutzverglasung\nSound-System Harman-Kardon\nSportsitze\nSpurhalteassistent\nStart/Stop-Anlage (Funktion)\nTempomat\nZentralverriegelung\nZentralverriegelung mit Diebstahlsicherung und Crashsensor\n\nMultimedia\nBluetooth\nBMW Live Cockpit Professional (laufzeitgebundener Dienst)\nDAB Tuner\nFreisprecheinrichtung\nHarman Kardon Surround Sound System\nNavigationssystem\nRadio\nTelefon\nUSB Schnittstelle\n\nRäder\nAlufelgen\nRadschraubensicherung\nReifenreparatur-Set\n\nSicherheit/Umwelt\nAdaptives Fahrwerk M-Technic\nAirbag Beifahrerseite abschaltbar\nAirbag Fahrer-/Beifahrerseite\nAlarmanlage\nAnti-Blockier-System (ABS)\nAntriebsart: Allradantrieb\nAntriebsart: xDrive (Allrad)\nDiebstahl-Warnanlage\nDynamische Stabilitäts-Control (DSC)\nDynamische Stabilitäts-Control (DSC) mit erweiterter Umfang\nFahrassistenz-System: Active Guard (Bremsassistent)\nGeschwindigkeits-Begrenzeranlage (Speed Limit Device)\nKnieairbag Fahrerseite\nKopf-Airbag-System hinten\nKopf-Airbag-System vorn\nLichtassistent (Follow me home)\nOtto-Partikelfilter (OPF)\nReifendruck-Kontrollsystem\nReifenpannen-Anzeige\nScheinwerfer LED\nSeitenairbag vorn\nService-System: Gesetzlicher Notruf\nService-System: Intelligenter Notruf inkl. TeleServices\n\nSitzbezug\nVOLLLEDER MERINO\n\nSonstiges\nAblage für Wireless Charging \nAblage-Paket\nActive Guard\nAktive Sitzbelüftung vorn\nAktives M Differential\nAnhänger-Stabilisierungs-Programm (ASL)\nAußenausstattung: Shadow-Line Hochglanz\nBlow by-Heizer\nBMW Drive Recorder (Dashcam)\nBMW Individual-Sonderlackierung Aventurin-Rot II Metallic\nBremsanlage: Compound - M Bremssystem (Bremssättel Rot)\nCO2-Umfang\nDekodierung Zusatzfunktionen\nDeutsch / Bordliteratur\nDeutschland-Ausfuehrung\nElektrisch verstellbare Spiegel\nEU-spezifische Zusatzumfaenge\nFahrassistenz-System: Driving Assistant Professional\nFahrassistenz-System: Fernlichtassistent\nInterieurleisten Aluminium Rhombicle Anthrazit \nKältemittel\nKilometertacho\nM Driver´s Package\nMetallic-Lackierung\nÖlwartungsintervall 24 Monate/30.000 km\nPersonal eSIM \nReifendruckkontrollsystem\nSicherheitssystem Active Protection\nSitzbezug / Polsterung: Voll-Leder Merino\nSteuerung Infotainment\nSteuerung Karosserie\nUltimate-Paket\nVerglasung Akustikglas\n\nUmwelt, Sicherheit\nAbgasnorm EU6 RDE II\nABS\nActive Protection\nAdaptiver LED-Scheinwerfer\nAktiver Fussgängerschutz\nAlarmanlage\nAuto Start/Stop Funktion \nBeifahrerairbag\nBeifahrerairbag-Deaktivierung\nDiebstahlwarnanlage\nESP\nFahrerairbag\nFernlichtassistent\nInnenspiegel, automatisch abblendend\nKindersitzbefestigung ISOFIX\nKopfairbag\nLED-Scheinwerfer\nLichtsensor\nNotbremsassistent\nPASM\nRegensensor\nReifen Druck Control\nSeitenairbag\nTraction Control\nWarndreieck\nIrrtümer und Zwischenverkauf vorbehalten.",
  "dealerDetails": {
    "id": 452090,
    "name": "Gottstein GmbH Automobile & Motorräder",
    "sellerType": "Dealer",
    "phones": [
      "+49 (0)7751 306942491"
    ],
    "languages": [
      "Deutsch"
    ],
    "country": "DE",
    "address": "Karl Ziegler Strasse 4, DE-79761 Waldshut-Tiengen",
    "location": {
      "latitude": 47.6162465,
      "longitude": 8.2457357
    },
    "activeSince": "2001-01-10T00:00:00.000Z",
    "homepageUrl": "https://home.mobile.de/home/redirect.html?customerId=452090",
    "iconUrl": null,
    "reviewPageUrl": "https://www.mobile.de/bewertungen/GOTTSTEIN?lang=en",
    "score": {
      "total": 4.7,
      "responseTime": 4.7,
      "friendliness": 4.8,
      "advice": 4.7
    },
    "activeRatingCount": 31,
    "vehicleAsDescribedPercentage": 100,
    "recommendPercentage": 93,
    "soldVehicleCount": null,
    "reviews": []
  },
  "attributes": {
    "Vehicle condition": "New vehicle, Accident-free",
    "Category": "Saloon",
    "Model range": "G80",
    "Trim line": "M XDR M Drivers P. / Limousine",
    "Vehicle Number": "56000084",
    "Availability": "Now",
    "Origin": "German edition",
    "Mileage": "0 km",
    "Cubic Capacity": "2,993 ccm",
    "Power": "390 kW (530 hp)",
    "Drive type": "Internal combustion engine",
    "Fuel": "Petrol, E10-enabled",
    "CO₂ class": "Based on CO₂ emissions (combined)",
    "Fuel consumption": [
      "10.2 l/100km (combined)",
      "15.4 l/100km (city)",
      "10.1 l/100km (suburban)",
      "8.7 l/100km (country road)",
      "9.5 l/100km (motorway)"
    ],
    "Energy costs for 15,000 km annual mileage": "€2,748/Year",
    "Fuel price": "€1.80/l (annual average 2024)",
    "Possible CO₂ costs over the next 10 years (15,000 km/year)": [
      "€4,382 (assuming an average CO₂ price of €127/t)",
      "€2,070 (assuming a low average CO₂ price of €60/t)",
      "€6,900 (assuming a high average CO₂ price of €200/t)"
    ],
    "Number of Seats": "5",
    "Door Count": "4/5",
    "Transmission": "Automatic",
    "Emission Class": "Euro6",
    "Emissions Sticker": "4 (Green)",
    "Construction Year": "2025",
    "Number of Vehicle Owners": "0",
    "HU": "New",
    "Climatisation": "Automatic climatisation, 3 zones",
    "Parking sensors": "Camera, Self-steering systems, Rear, Front",
    "Airbags": "Front and Side and More Airbags",
    "Colour (Manufacturer)": "AVENTURINROT III",
    "Colour": "Red Metallic",
    "Interior Design": "Full leather, Black",
    "Weight": "1,855 kg",
    "Tank capacity": "59 l",
    "Energy consumption (comb.)": "10.2 l/100km",
    "CO₂ emissions (comb.)": "230 g/km"
  },
  "features": [
    "ABS",
    "Adaptive Cruise Control",
    "Adaptive lighting",
    "Alarm system",
    "Alloy wheels",
    "Ambient lighting",
    "Arm rest",
    "Autom. dimming interior mirror",
    "Blind spot assist",
    "Bluetooth",
    "Central locking",
    "DAB radio",
    "Digital cockpit",
    "Distance warning system",
    "Dynamic chassis control",
    "Electric seat adjustment",
    "Electric side mirror",
    "Electric tailgate",
    "Electric windows",
    "Emergency brake assist",
    "Emergency call system",
    "ESP",
    "Four-wheel drive",
    "Glare-free high beam headlights",
    "Hands-free kit",
    "Head-up display",
    "Heated seats",
    "Heated steering wheel",
    "High beam assist",
    "Hill-start assist",
    "Immobilizer",
    "Induction charging for smartphones",
    "Isofix",
    "Keyless central locking",
    "Lane change assist",
    "Leather steering wheel",
    "LED headlights",
    "LED running lights",
    "Light sensor",
    "Lumbar support",
    "Multifunction steering wheel",
    "Navigation system",
    "On-board computer",
    "Particulate filter",
    "Power Steering",
    "Rain sensor",
    "Seat ventilation",
    "Sound system",
    "Speed limit control system",
    "Sport seats",
    "Sports package",
    "Sports suspension",
    "Start-stop system",
    "Summer tyres",
    "Tinted windows",
    "Touchscreen",
    "Traction control",
    "Tuner/radio",
    "Tyre pressure monitoring",
    "USB port",
    "Voice control"
  ]
},
{
  "title": "BMW M3 A Competition M xDrive Tou el.Sitz+Mem,DAProf",
  "previewImage": "https://img.classistatic.de/api/v1/mo-prod/images/ba/bada2496-e217-4904-a71b-2639d1d32fe7?rule=mo-1600.jpg",
  "category": "EstateCar",
  "brand": "BMW",
  "model": "M3",
  "url": "https://suchen.mobile.de/fahrzeuge/details.html?id=425794611",
  "price.total.amount": 102695,
  "priceRating": {
    "rating": "Good price",
    "priceRanges": {
      "Very good price": {
        "start": 74701,
        "end": 97100
      },
      "Good price": {
        "start": 97101,
        "end": 104600
      },
      "Fair price": {
        "start": 104601,
        "end": 116300
      },
      "Increased price": {
        "start": 116301,
        "end": 124800
      },
      "High price": {
        "start": 124801,
        "end": 138700
      }
    }
  },
  "description": "BMW Individual Dravitgrau meta\nVollleder Merino Schwarz\nBMW Live Cockpit Professional\nAdaptiver LED-Scheinwerfer\nDriving Assistant Professional\nParking Assistant Plus\nHarman Kardon Surround Sound System\nLenkradheizung\nFernlichtassistent\nAdaptives Sportfahrwerk\nSitzverstellung, elektrisch mit Memory für Fahrer\nSitzheizung für Fahrer und Beifahrer\nDAB-Tuner\nKlimaautomatik\nKomfortzugang (Keyless Entry)\nAlarmanlage\nBMW Drive Recorder\nSonnenschutzverglasung\nInnen- und Außenspiegel, automatisch abblendend\nM Driver´s Package (inkl. V-max-Aufhebung)\nInnenspiegel, automatisch abblendend\nBMW Individual Dachreling Hochglanz Shadow Line\nDach und Spiegelkappen in schwarz\nDachhimmel in anthrazit\nAblagepaket\nAblage für Wireless Charging\nHochglanz Shadow-Line\nBeifahrerairbag Deaktivierung\nGesetzlicher Notruf\nBMW Individual HochglanzShadow Line mit \nActive Protection\nInterieurleisten Carbon Fibre\nFondkopfstützen klappbar\nReifendruckanzeige\nAutomatische Verriegelung beim Anfahren\nM Sicherheitsgurte\nInstrumententafel Luxury\nGalvanikapplikation für Bedienelemente\nM Compound-Bremse, schwarz hochglänzend\n19\"/20\" M Schmiederäder\nM Drive Professional\nM Sportdifferential\nBMW Individual Leuchten Shadow Line\nM Carbon Schalensitze\nAbstandstempomat\nNotbremsassistent\nÄnderungen Zwischenverkauf und Irrtümer vorbehalten!",
  "dealerDetails": {
    "id": 462876,
    "name": "Autohaus Reisacher GmbH",
    "sellerType": "Dealer",
    "phones": [
      "+49 (0)731 8507080993"
    ],
    "languages": [
      "Deutsch",
      "English",
      "Français",
      "Türkçe"
    ],
    "country": "DE",
    "address": "Blaubeurer  Strasse 110, DE-89077 Ulm",
    "location": {
      "latitude": 48.4013097,
      "longitude": 9.9598537
    },
    "activeSince": "2003-10-28T00:00:00.000Z",
    "homepageUrl": "https://home.mobile.de/home/redirect.html?customerId=462876",
    "iconUrl": null,
    "reviewPageUrl": "https://www.mobile.de/bewertungen/REISACHER-ULM?lang=en",
    "score": {
      "total": 4.8,
      "responseTime": 4.6,
      "friendliness": 4.9,
      "advice": 4.8
    },
    "activeRatingCount": 33,
    "vehicleAsDescribedPercentage": 100,
    "recommendPercentage": 92,
    "soldVehicleCount": null,
    "reviews": []
  },
  "attributes": {
    "Vehicle condition": "New vehicle",
    "Category": "Estate car",
    "Vehicle Number": "151203",
    "Availability": "From Aug 24, 2025",
    "Origin": "German edition",
    "Cubic Capacity": "2,993 ccm",
    "Power": "390 kW (530 hp)",
    "Drive type": "Internal combustion engine",
    "Fuel": "Petrol",
    "CO₂ class": "Based on CO₂ emissions (combined)",
    "Fuel consumption": [
      "10.4 l/100km (combined)",
      "15.7 l/100km (city)",
      "10.3 l/100km (suburban)",
      "8.8 l/100km (country road)",
      "9.8 l/100km (motorway)"
    ],
    "Number of Seats": "5",
    "Door Count": "4/5",
    "Transmission": "Automatic",
    "Emission Class": "Euro 6e",
    "Number of Vehicle Owners": "0",
    "Climatisation": "Automatic air conditioning",
    "Parking sensors": "Self-steering systems, 360° camera",
    "Airbags": "Front and Side and More Airbags",
    "Colour (Manufacturer)": "Dravitgrau metallic",
    "Colour": "Grey",
    "Interior Design": "Full leather, Black",
    "Energy consumption (comb.)": "10.4 l/100km",
    "CO₂ emissions (comb.)": "234 g/km"
  },
  "features": [
    "ABS",
    "Adaptive cornering lights",
    "Adaptive Cruise Control",
    "Alarm system",
    "Alloy wheels",
    "Central locking",
    "DAB radio",
    "Distance warning system",
    "Electric seat adjustment",
    "Electric side mirror",
    "Electric windows",
    "ESP",
    "Four-wheel drive",
    "Full Service History",
    "Heated seats",
    "Immobilizer",
    "Isofix",
    "Keyless central locking",
    "LED headlights",
    "LED running lights",
    "Light sensor",
    "Navigation system",
    "Non-smoker vehicle",
    "On-board computer",
    "Power Steering",
    "Roof rack",
    "Sound system",
    "Sport seats",
    "Sports suspension",
    "Start-stop system",
    "Traction control",
    "Tuner/radio",
    "Warranty"
  ]
},
{
  "title": "BMW M3 Competition xDrive KAMERA H/K NAVI LED 360°",
  "previewImage": "https://img.classistatic.de/api/v1/mo-prod/images/ee/ee84549e-2c5d-4591-8913-b4cfca3c31e9?rule=mo-1600.jpg",
  "category": "Limousine",
  "brand": "BMW",
  "model": "M3",
  "url": "https://suchen.mobile.de/fahrzeuge/details.html?id=421309864",
  "price.total.amount": 101990,
  "priceRating": {
    "rating": "Good price",
    "priceRanges": {
      "Very good price": {
        "start": 75001,
        "end": 96500
      },
      "Good price": {
        "start": 96501,
        "end": 104000
      },
      "Fair price": {
        "start": 104001,
        "end": 114700
      },
      "Increased price": {
        "start": 114701,
        "end": 125400
      },
      "High price": {
        "start": 125401,
        "end": 139400
      }
    }
  },
  "description": "Fahrzeug-Nr.: 181745.\nAusstattungspakete:\nInnovationspaket.\nAssistenzsysteme:\nPDC (Einparkhilfe), Spurassistent, Surround View, Auffahrwarner, Fernlichtassistent, Parkassistent, 360-Grad-Kamera, Frontkamera, Parking Assistant, Rückfahrkamera, City-/Notbremsassistent / Funktion, Berganfahrassistent, Lichtsensor, Regensensor, Driving Assistant Professional, 3D View / Vorbereitung, Fußgängererkennung, Umgebungskamera, Active Guard, BMW Drive Recorder, Einparkhilfe vorne, Parking Assistant Plus, TeleServices.\nLicht:\nLED Scheinwerfer, Adaptives Kurvenlicht, M Leuchten Shadow Line, LED (Teil)-Rückleuchten, LED Tagfahrlicht, Blinkleuchten seitlich in die Außenspiegel integriert, LED (Teil-) Blinker.\nMedia & Infotainment:\nNavigation / Online Navigation, Harman Kardon Surround Sound System, Bluetooth Schnittstelle, DAB Tuner, Freisprecheinrichtung, USB-Schnittstelle/Anschluss, 3D-Kartendarstellung, BMW Live Cockpit Professional, Splitscreen-Funktion, APPS, Touchscreen-Display, Connected Package Professional, Radio, Audiosystem MP3-fähig, Sprachsteuerung-/Bedienung, Telefonvorbereitung mit Bluetooth, Apple Car Play / Vorbereitung, Telefonie mit Wireless Charging, BMW Connected, Android Auto / Vorbereitung, BMW Online / Vorbereitung, ConnectedDrive Services.\nSicherheit & Technik:\nadaptives M-Fahrwerk, Sportdifferenzial, Beifahrerairbag, Beifahrerairbag-Deaktivierung, Fahrerairbag, Alarmanlage, Fahrzeugfront mit Fußgängerschutz, Gurtanlegekontrolle, Gurtkraftbegrenzer, M Drive Professional, M Traction Control, Seitenaufprallschutz, Sicherheitsgurte mit Gurtstraffern, Wegfahrsperre.\nKomfort & Klima:\nSitzheizung, Klimaautomatik, Komfortzugang / Keyless Entry, Innenspiegel automatisch abblendend, Top View, elektrische Sitzverstellung für Fahrer mit Memory, Telematik/Notrufsystem (Vorbereitung), Bordcomputer, Komfortblinker (1xAntippen = 3xBlinken), Lordose / Lendenwirbelstütze, elektr. Spiegel beheizt, elektrische Fensterheber, Zentralverriegelung mit Fernbedienung, ATA / Aussentemperaturanzeige, automatische Türverriegelung nach dem Anfahren und Entriegelung im Falle eines Unfalls, Begrüßungslicht über Funkfernbedienung, Center Lock Schalter, Colorglas, Komfortschliessung / -öffnung der Fenster, schlüsselloser Motorstart, Servolenkung, Sportsitz(e).\nReifen & Felgen:\n19/20 Zoll Alufelgen, Reifendruck-Kontrolle.\nExterieur & Design:\nAußenspiegelpaket, Shadow Line, Bremssättel rot, Compoundbremsscheiben innenbelüftet, Laptimer, M Drift Analyser, M Drivers Package.\nInterieur & Design:\nLenkradheizung, Multifunktionslenkrad, Dachhimmel anthrazit, virtuelle Instrumente, Schaltwippen am Lenkrad, Vollleder Paket, Applikationen Innenraum in Carbon, M Sicherheitsgurte.\nGepäck- / Ladehilfen:\nautomatische Heckklappe-/Deckel, Ablagenpaket.\nUmwelt & Laden:\nE10 geeignet, Efficient Dynamics, EURO 6d-TEMP, Katalysator, Ottopartikelfilter, Umweltplakette 4.\nGetriebe:\nAutomatik.\nWeitere Informationen:\nOelwartungsintervall 30000 km / 24 Monate, Scheckheft.\nVollleder Merino Feinnarbe Schwarz/, Radschraubensicherung, Personal es im, Blow by-Heizer, Galvanikapplikation fuer bedien eleme, COC Zusatzumfaenge, Steuerung F AS 18, Steuerung D\nWir nehmen Ihr Fahrzeug in Zahlung. Jedes Modell, jedes Alter.\n\nDie genauen Verbrauchswerte erfragen Sie bitte bei unserem Verkaufspersonal\nIhren Ansprechpartner für dieses Fahrzeug erreichen Sie unter Tel.: 030-7900950\nZwischenverkauf und Irrtümer vorbehalten. Die Fahrzeugbeschreibung dient ausschließlich der allgemeinen Identifikation des Fahrzeugs und stellt keine rechtsverbindliche Gewährleistung dar. Verbindlich sind nur die Vereinbarungen im Kaufvertrag und der Auftragsbestätigung. Bitte beachten Sie, dass bestimmte Sonderausstattungen zusätzliche Kosten verursachen können. Detaillierte Informationen zum Ausstattungsumfang erhalten Sie von unserem Verkaufspersonal.",
  "dealerDetails": {
    "id": 453658,
    "name": "Riller & Schnauck GmbH, BMW und MINI Vertragshändler",
    "sellerType": "Dealer",
    "phones": [
      "+49 (0)30 9210612005"
    ],
    "languages": [
      "Deutsch",
      "English",
      "Français",
      "Polski",
      "Türkçe"
    ],
    "country": "DE",
    "address": "Hindenburgdamm 68, DE-12203 Berlin",
    "location": {
      "latitude": 52.45081,
      "longitude": 13.3128977
    },
    "activeSince": "2004-09-15T00:00:00.000Z",
    "homepageUrl": "https://home.mobile.de/home/redirect.html?customerId=453658",
    "iconUrl": null,
    "reviewPageUrl": "https://www.mobile.de/bewertungen/RILLER-SCHNAUCK-GROUP?lang=en",
    "score": {
      "total": 4.5,
      "responseTime": 4.6,
      "friendliness": 4.7,
      "advice": 4.3
    },
    "activeRatingCount": 21,
    "vehicleAsDescribedPercentage": 88,
    "recommendPercentage": 93,
    "soldVehicleCount": null,
    "reviews": []
  },
  "attributes": {
    "Vehicle condition": "New vehicle",
    "Category": "Saloon",
    "Trim line": "Innovation",
    "Vehicle Number": "2395048",
    "Availability": "Now",
    "Origin": "German edition",
    "Mileage": "0 km",
    "Cubic Capacity": "2,993 ccm",
    "Power": "390 kW (530 hp)",
    "Drive type": "Internal combustion engine",
    "Fuel": "Petrol, E10-enabled",
    "CO₂ class": "Based on CO₂ emissions (combined)",
    "Fuel consumption": [
      "10.1 l/100km (combined)"
    ],
    "Energy costs for 15,000 km annual mileage": "€2,803/Year",
    "Fuel price": "€1.85/l (annual average 2023)",
    "Possible CO₂ costs over the next 10 years (15,000 km/year)": [
      "€3,950 (assuming an average CO₂ price of €115/t)",
      "€1,718 (assuming a low average CO₂ price of €50/t)",
      "€6,527 (assuming a high average CO₂ price of €190/t)"
    ],
    "Vehicle tax": "€456/Year",
    "Number of Seats": "5",
    "Door Count": "4/5",
    "Transmission": "Automatic",
    "Emission Class": "Euro6d-TEMP",
    "Emissions Sticker": "4 (Green)",
    "Climatisation": "Automatic air conditioning",
    "Parking sensors": "Front, Self-steering systems, Rear, 360° camera",
    "Airbags": "Front Airbags",
    "Colour (Manufacturer)": "saphirschwarz",
    "Colour": "Black Metallic",
    "Interior Design": "Full leather, Black",
    "Energy consumption (comb.)": "10.1 l/100km",
    "CO₂ emissions (comb.)": "229 g/km"
  },
  "features": [
    "ABS",
    "Adaptive cornering lights",
    "Alarm system",
    "Alloy wheels",
    "Android Auto",
    "Apple CarPlay",
    "Autom. dimming interior mirror",
    "Bluetooth",
    "Central locking",
    "DAB radio",
    "Digital cockpit",
    "Distance warning system",
    "Dynamic chassis control",
    "Electric seat adjustment",
    "Electric side mirror",
    "Electric tailgate",
    "Electric windows",
    "Eletric seat adjustment with memory function",
    "Emergency brake assist",
    "Emergency call system",
    "Four-wheel drive",
    "Full Service History",
    "Hands-free kit",
    "Heated seats",
    "Heated steering wheel",
    "High beam assist",
    "Hill-start assist",
    "Immobilizer",
    "Induction charging for smartphones",
    "Integrated music streaming",
    "Keyless central locking",
    "Lane change assist",
    "LED headlights",
    "LED running lights",
    "Light sensor",
    "Lumbar support",
    "Multifunction steering wheel",
    "Navigation system",
    "On-board computer",
    "Paddle shifters",
    "Particulate filter",
    "Power Steering",
    "Rain sensor",
    "Sound system",
    "Sport seats",
    "Sports suspension",
    "Touchscreen",
    "Traction control",
    "Tuner/radio",
    "Tyre pressure monitoring",
    "USB port",
    "Voice control"
  ]
},
{
  "title": "BMW M3 A Competition M xDrive Touring",
  "previewImage": "https://img.classistatic.de/api/v1/mo-prod/images/5f/5f32978a-1e92-4d74-b413-341051407f42?rule=mo-1600.jpg",
  "category": "EstateCar",
  "brand": "BMW",
  "model": "M3",
  "url": "https://suchen.mobile.de/fahrzeuge/details.html?id=433057793",
  "price.total.amount": 102490,
  "priceRating": {
    "rating": "Fair price",
    "priceRanges": {
      "Very good price": {
        "start": 70801,
        "end": 92000
      },
      "Good price": {
        "start": 92001,
        "end": 99100
      },
      "Fair price": {
        "start": 99101,
        "end": 110200
      },
      "Increased price": {
        "start": 110201,
        "end": 118300
      },
      "High price": {
        "start": 118301,
        "end": 131400
      }
    }
  },
  "description": "BMW Individual Dravitgrau meta\nVollleder Merino schwarz\nBMW Live Cockpit Professional\nM Sportsitze\nAdaptiver LED-Scheinwerfer\nDriving Assistant Professional\nFernlichtassistent\nAktive Sitzbelüftung vorn\nAdaptives Sportfahrwerk\nParking Assistant\nLenkradheizung\nHarman Kardon Surround Sound System\nSitzheizung für Fahrer und Beifahrer\nDAB-Tuner\nSitzverstellung, elektrisch mit Memory für Fahrer\nKlimaautomatik\nKomfortzugang (Keyless Entry)\nSonnenschutzverglasung\nAlarmanlage\nInnen- und Außenspiegel, automatisch abblendend\nInnenspiegel, automatisch abblendend\nM Driver´s Package (inkl. V-max-Aufhebung)\nBMW Individual Dachreling Hochglanz Shadow Line\nDach und Spiegelkappen in schwarz\nDachhimmel in anthrazit\nAblagepaket\nAblage für Wireless Charging\nGepäckraumpaket\nHochglanz Shadow-Line\nBeifahrerairbag Deaktivierung\nGesetzlicher Notruf\nBMW Individual HochglanzShadow Line mit \nInterieurleisten Carbon Fibre\nFondkopfstützen klappbar\nReifendruckanzeige\nLordosenstütze\n19\"/20\" M Schmiederäder Doppelspeiche 826M Bicolor\nM Drive Professional\nBMW Individual Leuchten Shadow Line\nAutomatische Verriegelung beim Anfahren\nM Compound-Bremse, rot\nM Sicherheitsgurte\nGalvanikapplikation für Bedienelemente\nM Sportdifferential\nAbstandstempomat\nNotbremsassistent\nÄnderungen Zwischenverkauf und Irrtümer vorbehalten!",
  "dealerDetails": {
    "id": 457922,
    "name": "Reisacher Augsburg GmbH",
    "sellerType": "Dealer",
    "phones": [
      "+49 (0)821 9998485445"
    ],
    "languages": [
      "Deutsch",
      "English"
    ],
    "country": "DE",
    "address": "Ammannstraße 1, DE-86167 Augsburg",
    "location": {
      "latitude": 48.3987117,
      "longitude": 10.9218009
    },
    "activeSince": "2001-12-06T00:00:00.000Z",
    "homepageUrl": "https://home.mobile.de/home/redirect.html?customerId=457922",
    "iconUrl": null,
    "reviewPageUrl": "https://www.mobile.de/bewertungen/AUTOHAUS-AUGSBURG?lang=en",
    "score": {
      "total": 3.9,
      "responseTime": 4,
      "friendliness": 4.1,
      "advice": 3.7
    },
    "activeRatingCount": 56,
    "vehicleAsDescribedPercentage": 78,
    "recommendPercentage": 72,
    "soldVehicleCount": null,
    "reviews": []
  },
  "attributes": {
    "Vehicle condition": "New vehicle",
    "Category": "Estate car",
    "Vehicle Number": "153039",
    "Availability": "From Aug 24, 2025",
    "Origin": "German edition",
    "Cubic Capacity": "2,993 ccm",
    "Power": "0 kW (0 hp)",
    "Drive type": "Internal combustion engine",
    "Fuel": "Petrol",
    "CO₂ class": "Based on CO₂ emissions (combined)",
    "Fuel consumption": [
      "10.4 l/100km (combined)"
    ],
    "Number of Seats": "5",
    "Door Count": "4/5",
    "Transmission": "Automatic",
    "Emission Class": "Euro 6e",
    "Number of Vehicle Owners": "0",
    "Climatisation": "Automatic air conditioning",
    "Parking sensors": "Camera, Self-steering systems",
    "Airbags": "Front and Side and More Airbags",
    "Colour (Manufacturer)": "Dravitgrau metallic",
    "Colour": "Grey",
    "Interior Design": "Full leather, Black",
    "Energy consumption (comb.)": "10.4 l/100km",
    "CO₂ emissions (comb.)": "234 g/km"
  },
  "features": [
    "ABS",
    "Adaptive cornering lights",
    "Adaptive Cruise Control",
    "Alarm system",
    "Alloy wheels",
    "Central locking",
    "DAB radio",
    "Distance warning system",
    "Electric seat adjustment",
    "Electric side mirror",
    "Electric windows",
    "ESP",
    "Fog lamp",
    "Four-wheel drive",
    "Full Service History",
    "Heated seats",
    "Immobilizer",
    "Isofix",
    "Keyless central locking",
    "LED headlights",
    "LED running lights",
    "Light sensor",
    "Lumbar support",
    "Navigation system",
    "Non-smoker vehicle",
    "On-board computer",
    "Power Steering",
    "Roof rack",
    "Sound system",
    "Sport seats",
    "Sports package",
    "Sports suspension",
    "Start-stop system",
    "Traction control",
    "Tuner/radio",
    "Warranty"
  ]
},
{
  "title": "BMW M3 Competition M xDrive Touring (Navi LED H/K)",
  "previewImage": "https://img.classistatic.de/api/v1/mo-prod/images/6a/6a2417fd-a28d-4795-88f3-f1f23adb40b2?rule=mo-1600.jpg",
  "category": "EstateCar",
  "brand": "BMW",
  "model": "M3",
  "url": "https://suchen.mobile.de/fahrzeuge/details.html?id=419719738",
  "price.total.amount": 102490.02,
  "priceRating": {
    "rating": "Fair price",
    "priceRanges": {
      "Very good price": {
        "start": 72501,
        "end": 94200
      },
      "Good price": {
        "start": 94201,
        "end": 101400
      },
      "Fair price": {
        "start": 101401,
        "end": 112800
      },
      "Increased price": {
        "start": 112801,
        "end": 121100
      },
      "High price": {
        "start": 121101,
        "end": 134600
      }
    }
  },
  "description": "Interieur: \nM Hochglanz Shadow Line mit erweite rten Umfängen\nVollleder Merino Feinnarbe Schwarz/ Schwarz\nLenkradheizung\nM Interieurleisten 'Carbon Fibre'\nInnenspiegel automatisch abblendend\nSitzverstellung, elektrisch mit Mem ory für Fahrersitz\nM Sicherheitsgurte\nFondkopfstützen klappbar\nM Sportsitze\nM Hochglanz Shadow Line\nM Dachhimmel anthrazit\nM Leuchten Shadow Line\n\nExterieur: \nAlpinweiß uni\n19\"/20\" M Schmiederäder Doppelspeic he 826 M Schwarz / MB\nModellschriftzug Entfall\nDach und Spiegelkappen schwarz\nM Dachreling Hochglanz Shadow Line\n\nKomfort: \nKomfortzugang\nBlow by-Heizer\nKlimaautomatik\nLordosenstütze für Fahrer und Beifa hrer\nSitzheizung für Fahrer und Beifahre r\nParking Assistant Plus\nConnectedDrive Services\nSonnenschutzverglasung\n\nSicherheit: \nAdaptiver LED-Scheinwerfer\nFernlichtassistent\nDriving Assistant Professional\nRadschraubensicherung\nActive Guard\nDeaktivierung Beifahrerairbag\nWarndreieck und Verbandkasten\nGesetzlicher Notruf\nReifendruck-Kontrolle\nReifenreparatur Set\nAlarmanlage\n\nFahrdynamik: \nSteuerung EfficientDynamics\nM Drive Professional\nAdaptives M Fahrwerk\n\nHiFi/Kommunikation: \nDAB-Tuner\nHarman Kardon Surround Sound System\nTeleservices\n\nPakete: \nM Driver's Package\nInnovationspaket\nInnen- und Außenspiegelpaket\nAblagenpaket\nConnected Package Professional\nM Carbon Exterieurpaket\n\nSonstiges: \nDeutschland-Ausführung\nSprachversion Deutsch\nDeutsch/Betriebsanleitung/Servicehe ft\nSteuerung Karosserie\nCOC Zusatzumfänge\nAktiver Fußgängerschutz\nDekodierung Zusatzfunktionen\nSteuerung FAS 18\nAbgasnorm EU6 RDE II\nEU spezifische Umfänge\nM Sportdifferenzial\nSteuerung D\nGalvanikapplikation für Bedieneleme nte\nKilometertacho\nAblage für Wireless Charging\nPersonal eSIM\nBMW Live Cockpit Professional\nM Compound-Bremse, schwarz hochglän zend\nStandort STOCKACH: +49 (0) 7771 9305-444\nAUER Vertrauenspaket - unser Service für Sie:\n\nGebrauchtwagengarantie optional (12/24/36 Monate möglich)\nFahrzeugdurchsicht/-check durch uns (BMW, MINI, Land Rover, Jaguar und Lotus Vertragswerkstatt)\nDekra Siegel oder TÜV Vertrauenscheck möglich\nVermittlung einer maßgeschneiderten Finanzierung/Leasing (auch ohne Anzahlung) - sprechen Sie uns einfach an, wir beraten Sie gerne!\nInzahlungnahme / Vermittlung Ihres derzeitigen Fahrzeugs (PKW / Transporter / Motorrad / Wohnmobil...)\nZulassungsservice (Kurzzeitkennzeichen / Überführungskennzeichen / Exportkennzeichen)\nZwischenverkauf vorbehalten - alle Angaben sind unverbindlich.",
  "dealerDetails": {
    "id": 454124,
    "name": "Auer Gruppe GmbH",
    "sellerType": "Dealer",
    "phones": [
      "+49 (0)7771 634005609"
    ],
    "languages": [
      "Deutsch",
      "English",
      "Italiano",
      "Română",
      "Español",
      "Türkçe"
    ],
    "country": "DE",
    "address": "Bodenseeallee 2, DE-78333 Stockach",
    "location": {
      "latitude": 47.8410102,
      "longitude": 9.0280039
    },
    "activeSince": "2002-10-02T00:00:00.000Z",
    "homepageUrl": "https://home.mobile.de/home/redirect.html?customerId=454124",
    "iconUrl": "https://img.classistatic.de/api/v1/mo-prod/images/5d/5dd1d4c3-4a13-452a-b038-906910b628d6?rule=mo-640.jpg",
    "reviewPageUrl": "https://www.mobile.de/bewertungen/AUER-GRUPPE-GMBH?lang=en",
    "score": {
      "total": 4.3,
      "responseTime": 4.3,
      "friendliness": 4.4,
      "advice": 4.2
    },
    "activeRatingCount": 54,
    "vehicleAsDescribedPercentage": 91,
    "recommendPercentage": 85,
    "soldVehicleCount": null,
    "reviews": []
  },
  "attributes": {
    "Vehicle condition": "New vehicle, Accident-free",
    "Category": "Estate car",
    "Model range": "G81",
    "Vehicle Number": "175641",
    "Availability": "Now",
    "Origin": "German edition",
    "Mileage": "0 km",
    "Cubic Capacity": "2,993 ccm",
    "Power": "390 kW (530 hp)",
    "Drive type": "Internal combustion engine",
    "Fuel": "Petrol",
    "CO₂ class": "Based on CO₂ emissions (combined)",
    "Fuel consumption": [
      "10.4 l/100km (combined)"
    ],
    "Door Count": "4/5",
    "Transmission": "Automatic",
    "Emissions Sticker": "4 (Green)",
    "Number of Vehicle Owners": "0",
    "Climatisation": "Automatic climatisation, 3 zones",
    "Parking sensors": "Rear, 360° camera, Front, Self-steering systems",
    "Airbags": "Front and Side Airbags",
    "Colour (Manufacturer)": "Weiss",
    "Colour": "White",
    "Interior Design": "Full leather, Other",
    "Energy consumption (comb.)": "10.4 l/100km",
    "CO₂ emissions (comb.)": "234 g/km"
  },
  "features": [
    "ABS",
    "Adaptive cornering lights",
    "Alarm system",
    "Alloy wheels",
    "Android Auto",
    "Apple CarPlay",
    "Arm rest",
    "Autom. dimming interior mirror",
    "Blind spot assist",
    "Bluetooth",
    "Central locking",
    "Cruise control",
    "DAB radio",
    "Daytime running lights",
    "Distance warning system",
    "Electric seat adjustment",
    "Electric side mirror",
    "Electric windows",
    "Emergency brake assist",
    "Emergency call system",
    "ESP",
    "Fatigue warning system",
    "Four-wheel drive",
    "Hands-free kit",
    "Heated seats",
    "Heated steering wheel",
    "High beam assist",
    "Hill-start assist",
    "Immobilizer",
    "Induction charging for smartphones",
    "Isofix",
    "Keyless central locking",
    "Lane change assist",
    "Leather steering wheel",
    "LED headlights",
    "Lumbar support",
    "Multifunction steering wheel",
    "Navigation system",
    "On-board computer",
    "Power Steering",
    "Rain sensor",
    "Roof rack",
    "Sound system",
    "Speed limit control system",
    "Sport seats",
    "Sports suspension",
    "Start-stop system",
    "Summer tyres",
    "Touchscreen",
    "Traction control",
    "Traffic sign recognition",
    "USB port",
    "Voice control",
    "Warranty"
  ]
},
{
  "title": "BMW M3 A Competition M xDrive Tou DAProf,Leder,Autom",
  "previewImage": "https://img.classistatic.de/api/v1/mo-prod/images/26/265b99d3-2afe-4429-8fb0-c317f63de7be?rule=mo-1600.jpg",
  "category": "EstateCar",
  "brand": "BMW",
  "model": "M3",
  "url": "https://suchen.mobile.de/fahrzeuge/details.html?id=432656083",
  "price.total.amount": 101990,
  "priceRating": {
    "rating": "Good price",
    "priceRanges": {
      "Very good price": {
        "start": 74801,
        "end": 97300
      },
      "Good price": {
        "start": 97301,
        "end": 104800
      },
      "Fair price": {
        "start": 104801,
        "end": 116500
      },
      "Increased price": {
        "start": 116501,
        "end": 125100
      },
      "High price": {
        "start": 125101,
        "end": 139000
      }
    }
  },
  "description": "Dravitgrau metallic\nVollleder Merino schwarz\nBMW Live Cockpit Professional\nM Sportsitze\nAdaptiver LED-Scheinwerfer\nDriving Assistant Professional\nParking Assistant\nLenkradheizung\nAdaptives Sportfahrwerk\nHarman Kardon Surround Sound System\nSitzheizung für Fahrer und Beifahrer\nDAB-Tuner\nKlimaautomatik\nKomfortzugang (Keyless Entry)\nAlarmanlage\nSonnenschutzverglasung\nDachhimmel in anthrazit\nM Driver´s Package (inkl. V-max-Aufhebung)\nBMW Individual Dachreling Hochglanz Shadow Line\nDach und Spiegelkappen in schwarz\nInnen- und Außenspiegel, automatisch abblendend\nAblage für Wireless Charging\nAblagepaket\nHochglanz Shadow-Line\nBeifahrerairbag Deaktivierung\nBMW Individual HochglanzShadow Line mit \nGesetzlicher Notruf\nInterieurleisten Carbon Fibre\nFondkopfstützen klappbar\nLordosenstütze\nReifendruckanzeige\nAutomatische Verriegelung beim Anfahren\nM Compound-Bremse, rot\nInnenspiegel, automatisch abblendend\nAktive Sitzbelüftung vorn\nSitzverstellung, elektrisch mit Memory für Fahrer\nM Sicherheitsgurte\nBMW Individual Leuchten Shadow Line\nM Sportdifferential\n19\"/20\" M Schmiederäder Doppelspeiche 826M Bicolor\nGalvanikapplikation für Bedienelemente\nM Drive Professional\nFernlichtassistent\nGepäckraumpaket\nAbstandstempomat\nNotbremsassistent\nÄnderungen Zwischenverkauf und Irrtümer vorbehalten!",
  "dealerDetails": {
    "id": 457922,
    "name": "Reisacher Augsburg GmbH",
    "sellerType": "Dealer",
    "phones": [
      "+49 (0)821 9998405298"
    ],
    "languages": [
      "Deutsch",
      "English"
    ],
    "country": "DE",
    "address": "Ammannstraße 1, DE-86167 Augsburg",
    "location": {
      "latitude": 48.3987117,
      "longitude": 10.9218009
    },
    "activeSince": "2001-12-06T00:00:00.000Z",
    "homepageUrl": "https://home.mobile.de/home/redirect.html?customerId=457922",
    "iconUrl": null,
    "reviewPageUrl": "https://www.mobile.de/bewertungen/AUTOHAUS-AUGSBURG?lang=en",
    "score": {
      "total": 3.9,
      "responseTime": 4,
      "friendliness": 4.1,
      "advice": 3.7
    },
    "activeRatingCount": 56,
    "vehicleAsDescribedPercentage": 78,
    "recommendPercentage": 72,
    "soldVehicleCount": null,
    "reviews": []
  },
  "attributes": {
    "Vehicle condition": "New vehicle",
    "Category": "Estate car",
    "Vehicle Number": "152893",
    "Availability": "From Aug 24, 2025",
    "Origin": "German edition",
    "Cubic Capacity": "2,993 ccm",
    "Power": "390 kW (530 hp)",
    "Drive type": "Internal combustion engine",
    "Fuel": "Petrol",
    "CO₂ class": "Based on CO₂ emissions (combined)",
    "Fuel consumption": [
      "10.4 l/100km (combined)",
      "15.8 l/100km (city)",
      "10.3 l/100km (suburban)",
      "8.8 l/100km (country road)",
      "9.8 l/100km (motorway)"
    ],
    "Number of Seats": "5",
    "Door Count": "4/5",
    "Transmission": "Automatic",
    "Emission Class": "Euro 6e",
    "Number of Vehicle Owners": "0",
    "Climatisation": "Automatic air conditioning",
    "Parking sensors": "Camera, Self-steering systems",
    "Airbags": "Front and Side and More Airbags",
    "Colour (Manufacturer)": "Dravitgrau metallic",
    "Colour": "Grey",
    "Interior Design": "Full leather, Black",
    "Energy consumption (comb.)": "10.4 l/100km",
    "CO₂ emissions (comb.)": "234 g/km"
  },
  "features": [
    "ABS",
    "Adaptive cornering lights",
    "Adaptive Cruise Control",
    "Alarm system",
    "Alloy wheels",
    "Central locking",
    "DAB radio",
    "Distance warning system",
    "Electric seat adjustment",
    "Electric side mirror",
    "Electric windows",
    "ESP",
    "Fog lamp",
    "Four-wheel drive",
    "Full Service History",
    "Heated seats",
    "Immobilizer",
    "Isofix",
    "Keyless central locking",
    "LED headlights",
    "LED running lights",
    "Light sensor",
    "Lumbar support",
    "Navigation system",
    "Non-smoker vehicle",
    "On-board computer",
    "Power Steering",
    "Roof rack",
    "Sound system",
    "Sport seats",
    "Sports package",
    "Sports suspension",
    "Start-stop system",
    "Traction control",
    "Tuner/radio",
    "Warranty"
  ]
},
{
  "title": "BMW Touring xDrive Competition M",
  "previewImage": "https://img.classistatic.de/api/v1/mo-prod/images/39/39436a72-4513-4ad2-8490-24a9fb67b4f4?rule=mo-1600.jpg",
  "category": "EstateCar",
  "brand": "BMW",
  "model": "M3",
  "url": "https://suchen.mobile.de/fahrzeuge/details.html?id=433802869",
  "price.total.amount": 102900,
  "priceRating": {
    "rating": "Good price",
    "priceRanges": {
      "Very good price": {
        "start": 77501,
        "end": 100700
      },
      "Good price": {
        "start": 100701,
        "end": 108500
      },
      "Fair price": {
        "start": 108501,
        "end": 120700
      },
      "Increased price": {
        "start": 120701,
        "end": 129500
      },
      "High price": {
        "start": 129501,
        "end": 143900
      }
    }
  },
  "description": "Fahrzeugstandort:\nBMW Unterberger Kufstein Ansprechperson:\nVerkaufsleiter Herr Matthias Hollinger\nE-Mail: matthias.hollinger@unterberger.cc\nTel.: +4353726945142\n\nAusstattungshighlights: Erleben Sie die perfekte Symbiose aus Power, Eleganz und Innovation mit dem neuen BMW M3 Facelift. Dieses Fahrzeug ist der Inbegriff sportlicher Exzellenz und setzt neue Maßstäbe in seiner Klasse.\n\nLenkradheizung\nM Leuchten Shadownline\nM Compound-Bremse Schwarz\nM Interieurleisten Carbon Fibre\nKomfortzugang\nAktive Sitzbelüftung vorne\nSonnenschutzverglasung\nDriving Assistant Profession\nParking Assistant Plus\nBMW Drive Recorder\nSitzverstellung elektrisch mit Memory\nBMW Live Cockpit Professional inkl. Head-Up Display\nHarman Kardon Sound System\nFernlichtassistent\nInnovationspaket\nAkustikverglasung",
  "dealerDetails": {
    "id": 457359,
    "name": "AUTOHAUS UNTERBERGER GmbH (BMW Vertragshändler)",
    "sellerType": "Dealer",
    "phones": [
      "+49 (0)8051 640995762"
    ],
    "languages": [
      "Deutsch",
      "English",
      "Türkçe"
    ],
    "country": "DE",
    "address": "Am Reitbach 2, DE-83209 Prien am Chiemsee",
    "location": {
      "latitude": 47.8441159,
      "longitude": 12.3462083
    },
    "activeSince": "2003-01-28T00:00:00.000Z",
    "homepageUrl": "https://home.mobile.de/home/redirect.html?customerId=457359",
    "iconUrl": "https://img.classistatic.de/api/v1/mo-prod/images/4f/4faad3e0-2155-4f52-937b-634649de0acd?rule=mo-640.jpg",
    "reviewPageUrl": "https://www.mobile.de/bewertungen/UNTERBERGER-GMBH-AH?lang=en",
    "score": {
      "total": 4.3,
      "responseTime": 4.3,
      "friendliness": 4.5,
      "advice": 4.2
    },
    "activeRatingCount": 15,
    "vehicleAsDescribedPercentage": 91,
    "recommendPercentage": 86,
    "soldVehicleCount": null,
    "reviews": []
  },
  "attributes": {
    "Vehicle condition": "New vehicle, Accident-free",
    "Category": "Estate car",
    "Model range": "Baureihe M3 Touring (G81N)(07.2024->)",
    "Trim line": "Driving Assi Prof | Innovations Paket | Sitzbelüftung …",
    "Availability": "Now",
    "Origin": "EU edition",
    "Cubic Capacity": "2,993 ccm",
    "Power": "390 kW (530 hp)",
    "Drive type": "Internal combustion engine",
    "Fuel": "Petrol",
    "Number of Seats": "5",
    "Door Count": "4/5",
    "Transmission": "Automatic",
    "Climatisation": "Automatic climatisation, 3 zones",
    "Parking sensors": "Rear, 360° camera, Front",
    "Airbags": "Front and Side and More Airbags",
    "Colour (Manufacturer)": "BLACK SAPPHIRE METALLIC",
    "Colour": "Black Metallic",
    "Interior Design": "Full leather, Black",
    "Weight": "1,940 kg",
    "Cylinders": "6",
    "Tank capacity": "59 l"
  },
  "features": [
    "ABS",
    "Adaptive cornering lights",
    "Adaptive Cruise Control",
    "Alarm system",
    "Alloy wheels",
    "Ambient lighting",
    "Android Auto",
    "Apple CarPlay",
    "Arm rest",
    "Autom. dimming interior mirror",
    "Blind spot assist",
    "Bluetooth",
    "Central locking",
    "DAB radio",
    "Digital cockpit",
    "Distance warning system",
    "Dynamic chassis control",
    "Electric seat adjustment",
    "Electric side mirror",
    "Electric tailgate",
    "Electric windows",
    "Eletric seat adjustment with memory function",
    "Emergency brake assist",
    "Emergency call system",
    "Emergency tyre repair kit",
    "ESP",
    "Fatigue warning system",
    "Fog lamp",
    "Folding exterior mirrors",
    "Four-wheel drive",
    "Glare-free high beam headlights",
    "Hands-free kit",
    "Head-up display",
    "Heated seats",
    "Heated steering wheel",
    "High beam assist",
    "Hill-start assist",
    "Immobilizer",
    "Induction charging for smartphones",
    "Integrated music streaming",
    "Isofix",
    "Keyless central locking",
    "Lane change assist",
    "Leather steering wheel",
    "LED headlights",
    "LED running lights",
    "Lumbar support",
    "Multifunction steering wheel",
    "Navigation system",
    "Non-smoker vehicle",
    "On-board computer",
    "Paddle shifters",
    "Power Steering",
    "Rain sensor",
    "Rear traffic alert",
    "Roof rack",
    "Seat ventilation",
    "Sound system",
    "Sport seats",
    "Sports package",
    "Sports suspension",
    "Start-stop system",
    "Summer tyres",
    "Tinted windows",
    "Touchscreen",
    "Traction control",
    "Traffic sign recognition",
    "Tuner/radio",
    "Tyre pressure monitoring",
    "Voice control",
    "Warranty"
  ]
},
{
  "title": "BMW M3 Competition Limousine M xDrive Innovationspak",
  "previewImage": "https://img.classistatic.de/api/v1/mo-prod/images/10/109cbb63-d945-4cae-a062-644cb41e5c9d?rule=mo-1600.jpg",
  "category": "Limousine",
  "brand": "BMW",
  "model": "M3",
  "url": "https://suchen.mobile.de/fahrzeuge/details.html?id=424797575",
  "price.total.amount": 102330,
  "priceRating": {
    "rating": "Fair price",
    "priceRanges": {
      "Very good price": {
        "start": 70901,
        "end": 92200
      },
      "Good price": {
        "start": 92201,
        "end": 99300
      },
      "Fair price": {
        "start": 99301,
        "end": 110400
      },
      "Increased price": {
        "start": 110401,
        "end": 118500
      },
      "High price": {
        "start": 118501,
        "end": 131700
      }
    }
  },
  "description": "Profitieren Sie von den Vorteilen einer Online-Beratung inkl. vollständiger Abwicklung über unser ahg Online Autohaus!\nWeitere Informationen dazu finden Sie unter: https://www.ahg-mobile.de/de/online-autohaus.\nIhr Ansprechpartner:\nahg Onlinevertrieb\nTel: 0781/608-77\nE-Mail: onlinevertrieb@ahg-mobile.de\n\nSonderausstattung:\n19'/20' M Schmieder. Doppelsp. 826 M Schwarz /MB\nTrack Reifen\nActive Protection\nAktive Sitzbelüftung vorn\nAkustikverglasung\nDekodierung Zusatzfunktionen\nInnovationspaket \n(Automatische Heckklappenbetätigung\nKomfortzugang\nAdaptiver LED-Scheinwerfer\nFernlichtassistent\nDriving Assistant Professional)\nInterne Steuerung\nM Compound-Bremse rot hochglänzend\nM Driver's Package\nParking Assistant Plus\n\nSerienausstattung:\nAblage für Wireless Charging\nAblagenpaket\nAdaptives M Fahrwerk\nAktiver Fußgängerschutz\nAlarmanlage\nBMW Live Cockpit Professional\nConnected Package Professional\nConnectedDrive Services\nDAB-Tuner\nDeaktivierung Beifahrerairbag\nFondkopfstützen klappbar\nGalvanikapplikation für Bedienelemente\nGesetzlicher Notruf\nHarman Kardon Surround Sound System\nInnen- und Außenspiegelpaket\nInnenspiegel automatisch abblendend\nKlimaautomatik\nLordosenstütze für Fahrer und Beifahrer\nM Dachhimmel anthrazit\nM Drive Professional\nM Hochglanz Shadow Line\nM Hochglanz Shadow Line mit erweiterten Umfängen\nM Sicherheitsgurte\nM Sportdifferenzial\nM Sportsitze\nPersonal eSIM\nRadschraubensicherung\nReifendruck-Kontrolle\nReifenreparatur Set\nSitzheizung für Fahrer und Beifahrer\nSitzverstellung elektrisch mit Memory für Fahrersitz\nSonnenschutzverglasung\nSteuerung EfficientDynamics\nTeleservices\n\n(Änderungen, Irrtümer und Zwischenverkauf vorbehalten!)",
  "dealerDetails": {
    "id": 14775403,
    "name": "Online Autohaus - ahg Autohandelsgesellschaft mbH",
    "sellerType": "Dealer",
    "phones": [
      "+49 (0)7451 520906081"
    ],
    "languages": [
      "Deutsch",
      "English",
      "Italiano"
    ],
    "country": "DE",
    "address": "Weberstraße 13, DE-72160 Horb am Neckar",
    "location": {
      "latitude": 48.4573232,
      "longitude": 8.695715
    },
    "activeSince": "2016-05-12T00:00:00.000Z",
    "homepageUrl": "https://home.mobile.de/home/redirect.html?customerId=14775403",
    "iconUrl": "https://img.classistatic.de/api/v1/mo-prod/images/3d/3d9b8f70-c574-40f1-a564-50077ef1f016?rule=mo-640.jpg",
    "reviewPageUrl": "https://www.mobile.de/bewertungen/PKWOUTLET?lang=en",
    "score": {
      "total": 4.6,
      "responseTime": 4.7,
      "friendliness": 4.6,
      "advice": 4.6
    },
    "activeRatingCount": 11,
    "vehicleAsDescribedPercentage": 90,
    "recommendPercentage": 100,
    "soldVehicleCount": null,
    "reviews": []
  },
  "attributes": {
    "Vehicle condition": "Used vehicle, Accident-free",
    "Category": "Saloon, Demonstration Vehicle",
    "Availability": "Now",
    "Mileage": "10 km",
    "Cubic Capacity": "2,993 ccm",
    "Power": "390 kW (530 hp)",
    "Drive type": "Internal combustion engine",
    "Fuel": "Petrol",
    "CO₂ class": "Based on CO₂ emissions (combined)",
    "Fuel consumption": [
      "10.1 l/100km (combined)",
      "15.3 l/100km (city)",
      "10.1 l/100km (suburban)",
      "8.7 l/100km (country road)",
      "9.5 l/100km (motorway)"
    ],
    "Number of Seats": "5",
    "Door Count": "4/5",
    "Transmission": "Automatic",
    "Emission Class": "Euro6",
    "Emissions Sticker": "4 (Green)",
    "First Registration": "04/2025",
    "Number of Vehicle Owners": "1",
    "Climatisation": "Automatic air conditioning",
    "Parking sensors": "Rear, Front, Camera, Self-steering systems",
    "Airbags": "Front and Side and More Airbags",
    "Colour (Manufacturer)": "BMW Individual Frozen Brillan",
    "Colour": "White Metallic",
    "Interior Design": "Full leather, Black",
    "Energy consumption (comb.)": "10.1 l/100km",
    "CO₂ emissions (comb.)": "228 g/km"
  },
  "features": [
    "ABS",
    "Adaptive Cruise Control",
    "Adaptive lighting",
    "Alarm system",
    "Alloy wheels",
    "Bluetooth",
    "Central locking",
    "DAB radio",
    "Daytime running lights",
    "Electric seat adjustment",
    "Electric side mirror",
    "Electric windows",
    "ESP",
    "Four-wheel drive",
    "Full Service History",
    "Hands-free kit",
    "Head-up display",
    "Heated seats",
    "Immobilizer",
    "Isofix",
    "LED headlights",
    "Light sensor",
    "Multifunction steering wheel",
    "Navigation system",
    "Non-smoker vehicle",
    "On-board computer",
    "Particulate filter",
    "Power Steering",
    "Rain sensor",
    "Seat ventilation",
    "Sport seats",
    "Sports package",
    "Sports suspension",
    "Start-stop system",
    "Traction control",
    "Tuner/radio"
  ]
},
{
  "title": "BMW M3 Competition Touring mit M x",
  "previewImage": "https://img.classistatic.de/api/v1/mo-prod/images/51/51a83d5f-77d5-4421-9cca-2c453a9fcf77?rule=mo-1600.jpg",
  "category": "EstateCar",
  "brand": "BMW",
  "model": "M3",
  "url": "https://suchen.mobile.de/fahrzeuge/details.html?id=428490045",
  "price.total.amount": 102719,
  "priceRating": {
    "rating": "Good price",
    "priceRanges": {
      "Very good price": {
        "start": 74301,
        "end": 96600
      },
      "Good price": {
        "start": 96601,
        "end": 104000
      },
      "Fair price": {
        "start": 104001,
        "end": 115600
      },
      "Increased price": {
        "start": 115601,
        "end": 124100
      },
      "High price": {
        "start": 124101,
        "end": 137900
      }
    }
  },
  "description": "Fahrzeugnummer: NA78014\n\nBrutto-Listen-Neupreis: 120.619 €\nSie erreichen uns direkt unter der Telefonnummer +49921959239004. \nHIGHLIGHTS & PAKETE\nM DRIVE PROFESSIONAL\nGepäckraumpaket\nAblagenpaket\nBMW Live Cockpit Professional\nHochglanz Shadow-Line\nInnovationspaket II\nM Shadow Line mit erweitertem Umfang\n\nASSISTENZSYSTEME\nDriving Assistant Professional\nParkassistenzsystem\nSteuerung Fahrerassistenzsysteme\n\nMOTOR GETRIEBE & FAHRWERK\nAbgasnorm EU6 rde II\nM Sportdifferenzial\nAdaptives M Fahrwerk\nKomfortzugang\n\nAUDIO & KOMMUNIKATION\nDAB-Tuner (DAB+ fähig)\nHarman/Kardon Surround Sound System\nConnected Package Professional\nPersonal eSIM\nSteuerung Infotainment\nSprachversion deutsch\n\nINTERIEUR\nLenkradheizung\nInnenspiegel automatisch abblendend\nKlimatisierte Sitze vorne\nSitzverstellung elektrisch mit Memory\nLordosenstütze Fahrer u. Beifahrer\nSitzheizung Fahrer/Beifahrer\nM Sicherheitsgurte\nInterieurleisten Carbon Fibre\nGalvanikapplikation Bedienelemente\nKlimaautomatik\nDeaktivierung Airbag Beifahrer\nKopfstützen im Fond klappbar\nStorage tray wireless charging\nM Sportsitz\nDachhimmel anthrazit\nBordliteratur deutsch\n\nLICHT & SICHT\nAdaptiver LED-Scheinwerfer\nFernlichtassistent\n\nRÄDER\nBMW LM Rad 826M JB\nRadschraubensicherung\nReifendruckanzeige\nReifenreparatur-Set\n\nTECHNIK & SICHERHEIT\nAlarmanlage\nInnen-/Aussensp. mit Abblendautomatik\nKilometertacho\nActive Guard\nAktiver Fussgängerschutz\n\nEXTERIEUR\nDach und Spiegelkappen schwarz\nM COMPOUND-BREMSE ROT HOCHGLAENZ.\nM Dachreling Shadow Line\nAbgedunkelte Verglasung\n\nSONSTIGE AUSSTATTUNGEN\nZusatzumfang EU-spezifisch\nWarndreieck und Verbandstasche\nDeutschland-Ausführung\nDummy-SALAPA\nCOC ZUSATZUMFAENGE\nKältemittel R1234yf\nL070 Batteriegröße 70AH \nSie erreichen uns direkt unter der Telefonnummer +49921959239004. \n\nIhr Wunschfahrzeug konfigurieren wir Ihnen gerne im persönlichen Gespräch zu TOP-KONDITIONEN ! Bitte sprechen Sie uns an. \n\nIrrtum und Zwischenverkauf vorbehalten",
  "dealerDetails": {
    "id": 38944411,
    "name": "Autohaus Rhein Bayreuth, Zweigniederlassung der Autohaus Heermann und Rhein GmbH",
    "sellerType": "Dealer",
    "phones": [
      "+49 (0)921 5303750784"
    ],
    "languages": [
      "Deutsch"
    ],
    "country": "DE",
    "address": "Justus-Liebig-Straße 41, DE-95447 Bayreuth",
    "location": {
      "latitude": 49.9331127,
      "longitude": 11.563088
    },
    "activeSince": "2025-04-11T00:00:00.000Z",
    "homepageUrl": "https://home.mobile.de/home/redirect.html?customerId=38944411",
    "iconUrl": null,
    "reviewPageUrl": "https://www.mobile.de/bewertungen/AutohausRheinBayreuthZweigniederlassungderAutohausHeermannundRhe?lang=en",
    "score": {
      "total": 3.7,
      "responseTime": 4,
      "friendliness": 4,
      "advice": 3
    },
    "activeRatingCount": 1,
    "vehicleAsDescribedPercentage": null,
    "recommendPercentage": null,
    "soldVehicleCount": null,
    "reviews": []
  },
  "attributes": {
    "Vehicle condition": "New vehicle, Accident-free",
    "Category": "Estate car",
    "Availability": "Now",
    "Origin": "German edition",
    "Mileage": "0 km",
    "Cubic Capacity": "2,993 ccm",
    "Power": "390 kW (530 hp)",
    "Drive type": "Internal combustion engine",
    "Fuel": "Petrol, E10-enabled",
    "CO₂ class": "Based on CO₂ emissions (combined)",
    "Fuel consumption": [
      "10.4 l/100km (combined)",
      "15.8 l/100km (city)",
      "10.3 l/100km (suburban)",
      "8.8 l/100km (country road)",
      "9.8 l/100km (motorway)"
    ],
    "Energy costs for 15,000 km annual mileage": "€2,886/Year",
    "Fuel price": "€1.85/l (annual average 2024)",
    "Possible CO₂ costs over the next 10 years (15,000 km/year)": [
      "€4,036 (assuming an average CO₂ price of €115/t)",
      "€1,930 (assuming a low average CO₂ price of €55/t)",
      "€6,669 (assuming a high average CO₂ price of €190/t)"
    ],
    "Vehicle tax": "€476/Year",
    "Number of Seats": "5",
    "Door Count": "4/5",
    "Transmission": "Automatic",
    "Climatisation": "Automatic climatisation, 3 zones",
    "Parking sensors": "Rear, Front, Self-steering systems, 360° camera",
    "Airbags": "Front and Side and More Airbags",
    "Colour (Manufacturer)": "M Toronto Rot",
    "Colour": "Red Metallic",
    "Interior Design": "Full leather, Black",
    "Cylinders": "6",
    "Energy consumption (comb.)": "10.4 l/100km",
    "CO₂ emissions (comb.)": "234 g/km"
  },
  "features": [
    "ABS",
    "Adaptive cornering lights",
    "Adaptive Cruise Control",
    "Alarm system",
    "Alloy wheels",
    "Ambient lighting",
    "Android Auto",
    "Apple CarPlay",
    "Arm rest",
    "Autom. dimming interior mirror",
    "Blind spot assist",
    "Bluetooth",
    "Central locking",
    "Daytime running lights",
    "Digital cockpit",
    "Distance warning system",
    "Dynamic chassis control",
    "Electric seat adjustment",
    "Electric side mirror",
    "Electric tailgate",
    "Electric windows",
    "Emergency brake assist",
    "Emergency call system",
    "ESP",
    "Fatigue warning system",
    "Folding exterior mirrors",
    "Four-wheel drive",
    "Full Service History",
    "Hands-free kit",
    "Head-up display",
    "Heated seats",
    "Heated steering wheel",
    "High beam assist",
    "Hill-start assist",
    "Immobilizer",
    "Induction charging for smartphones",
    "Integrated music streaming",
    "Isofix",
    "Keyless central locking",
    "Lane change assist",
    "Leather steering wheel",
    "LED headlights",
    "Light sensor",
    "Lumbar support",
    "Multifunction steering wheel",
    "Navigation system",
    "Non-smoker vehicle",
    "On-board computer",
    "Paddle shifters",
    "Power Steering",
    "Rain sensor",
    "Roof rack",
    "Seat ventilation",
    "Sound system",
    "Speed limit control system",
    "Sport seats",
    "Sports package",
    "Sports suspension",
    "Start-stop system",
    "Summer tyres",
    "Tinted windows",
    "Touchscreen",
    "Traction control",
    "Traffic sign recognition",
    "Tuner/radio",
    "Tyre pressure monitoring",
    "USB port",
    "Voice control",
    "Warranty"
  ]
},
{
  "title": "BMW M3 Competition UPE 117.440,- #exclusive",
  "previewImage": "https://img.classistatic.de/api/v1/mo-prod/images/8a/8a35649d-ba16-40b6-9e36-8409d860e404?rule=mo-1600.jpg",
  "category": "Limousine",
  "brand": "BMW",
  "model": "M3",
  "url": "https://suchen.mobile.de/fahrzeuge/details.html?id=430774673",
  "price.total.amount": 101990,
  "priceRating": {
    "rating": "Good price",
    "priceRanges": {
      "Very good price": {
        "start": 74601,
        "end": 97000
      },
      "Good price": {
        "start": 97001,
        "end": 104500
      },
      "Fair price": {
        "start": 104501,
        "end": 116200
      },
      "Increased price": {
        "start": 116201,
        "end": 124700
      },
      "High price": {
        "start": 124701,
        "end": 138600
      }
    }
  },
  "description": "Antrieb, Fahrwerk\nAdaptives M Fahrwerk\nAllrad\nM Sportdifferential\n\nAußenausstattung\nLM-Felgen\nSonnenschutzverglasung (hinten abgedunkelt)\n\nEditionen und Pakete\nAblagenpaket\nConnectedDrive Services\nConnectedPackage Professional\nInnovations-Paket (2)\nM Driver´s Package\n\nFahrerassistenz\nFahrassistenz-System: Driving Assistant Professional\nGesetzlicher Notruf\nHead-Up Display\nParking Assistant\nTeleServices\n\nIndividualumfänge\nBMW Individual Hochglanz Shadow Line mit erweiterten Umfängen\nDachhimmel Individual anthrazit\nHochglanz Shadow Line\n\nKomfort, Innenausstattung\nAmbiente-Beleuchtung\nAußenspiegel elektr. anklappbar\nAutomatische Verriegelung beim Anfahren\nBMW Live Cockpit Professional\nDurchladeeinrichtung (Mittelarmlehne hinten)\nDurchladesystem\nEinparkhilfe selbstlenkendes System\nFahrassistenz-System: Einparkhilfe Seite\nFahrassistenz-System: Park-Assistent\nFensterheber elektrisch vorn + hinten\nFensterheber, elektrisch\nFondkopfstützen klappbar\nFreisprecheinrichtung Bluetooth mit USB-/Audio-Schnittstelle\nGalvanikapplikation für Bedienelemente\nGeschwindigkeits-Begrenzeranlage (Speed Limit Device)\nGeschwindigkeits-Regelanlage mit Bremsfunktion\nHead-up-Display Full Color\nHeckklappenbetätigung automatisch\nInduktionsladeschale für Smartphone (Wireless Charging)\nInnen- und Aussenspiegel automatisch abblendend\nInnenausstattung: Interieurleisten Carbon\nInnenspiegel mit Abblendautomatik\nIsofix-Aufnahmen für Kindersitz\nKlimaautomatic\nKlimaautomatik 3-Zonen mit autom. Umluft-Control\nKomfortzugang (Öffnungs- und Schließsystem)\nLendenwirbelstütze Sitz vorn links und rechts, elektr. verstellbar\nLenkrad (Leder) mit Multifunktion M-Technic\nLenkrad heizbar\nLicht- und Regensensor\nLordosenstuetze fuer Fahrer und Beifahrer\nM Sicherheitsgurte\nM Sportsitze\nMultifunktion für Lenkrad\nParkassistent-Paket\nRadioempfang digital (DAB+)\nRückfahrkamera\nScheibenwischer mit Regensensor\nService-System: Augmented Reality für Navigation\nSitzheizung fuer Fahrer und Beifahrer\nSitzverstellung, elektrisch mit Memory\nSkisack\nSonnenschutzverglasung\n\nMultimedia\nBMW Live Cockpit Professional\nDAB Tuner\nFreisprecheinrichtung\nHarman Kardon Surround Sound System\nNavigationssystem\nTelefon\n\nRäder\nAlufelgen\nRadschraubensicherung\n\nSitzbezug\nLEDER MERINO\n\nSonstiges\nAblage für Wireless Charging \nABS\nActive Guard\nBlow by-Heizer\nBMW Individuallackierung Dravit-Grau Metallic\nBremsanlage: Compound - M Bremssystem (Bremssättel Rot)\nDekodierung Zusatzfunktionen\nDeutsch / Bordliteratur\nDeutschland-Ausfuehrung\nElektrisch verstellbare Spiegel\nEU-spezifische Zusatzumfaenge\nFahrassistenz-System: aktiver Spurhalteassistent\nFahrassistenz-System: Ampel-Erkennung\nFahrassistenz-System: Ausweich-Assistent\nFahrassistenz-System: Falschfahrwarnung\nFahrassistenz-System: Frontkollisionswarnung\nFahrassistenz-System: Heckaufprall-Vermeidung (Prävention Heckkollision)\nFahrassistenz-System: Kreuzungs-Assistent\nFahrassistenz-System: Querverkehrs-Assistent\nFahrassistenz-System: Spurwechselassistent\nFahrassistenz-System: Spurwechsel-Warnsystem\nFahrerairbag\nGeschwindigkeits-Regelanlage, Aktiv mit Stop&Go-Funktion\nInstrumententafel Luxury\ninterne Steuerung\nKältemittel\nKilometertacho\nLeder\nLM-Felgen vorn/hinten: 9,5x19 / 10,5x20 (Doppelspeichen 826 M, Bicolor, Schwarz)\nM Drive Professional\nMetallic-Lackierung\nMultifunktionslenkrad\nÖlwartungsintervall 24 Monate/30.000 km\nPersonal eSIM \nReifenreparatur-Set\nScheinwerfer BMW Individual Shadow-Line\nSeitenairbag\nSitzbezug / Polsterung: Leder Merino Schwarz\nSportfahrwerk\nSportsitze\nSteuerung Infotainment\nSteuerung Karosserie\nTempomat\nZentralverriegelung\n\nUmwelt, Sicherheit\nAbgasnorm EU6 RDE II\nAktiver Fussgängerschutz\nAlarmanlage\nBeifahrerairbag\nBeifahrerairbag-Deaktivierung\nESP\nFahrassistenz-System: Fernlichtassistent\nInnenspiegel, automatisch abblendend\nKindersitzbefestigung ISOFIX\nLED-Scheinwerfer\nPASM\nRegensensor\nReifen Druck Control\nScheinwerfer LED mit adaptiver Lichtverteilung\nTraction Control\nWarndreieck\n\nUnser Angebotspreise verstehen sich zzgl. 1090,-€ für Zulassung und Überführung.\nAlle Preise inkl. MwSt.\n\nGesonderte Konditionen für Gewerbetreibende / Fahrschulen / Autovermieter / mobilitätseingeschränkte Personen / Journalisten.\nLassen Sie sich Ihr individuelles Angebot von uns erstellen!\n\nIhre Ansprechpartner im Haus: CHRISTOPH OSTERHAGE & JEROME BRINKMANN\nTel: 05261-2585-18 oder christoph.osterhage@becker-tiemann.de\nTEL: 05261-2585-19 oder Jerome.Brinkmann@Becker-Tiemann.de\n\nMelden Sie sich gerne Irrtümer und Zwischenverkauf vorbehalten.",
  "dealerDetails": {
    "id": 460274,
    "name": "Autohaus Becker-Tiemann GmbH & Co. KG - BMW Vertragshändler / MINI Service",
    "sellerType": "Dealer",
    "phones": [
      "+49 (0)5261 280468227"
    ],
    "languages": [
      "Deutsch",
      "English",
      "Polski",
      "Türkçe"
    ],
    "country": "DE",
    "address": "Entruper Weg 23, DE-32657 Lemgo",
    "location": {
      "latitude": 52.032215,
      "longitude": 8.8928082
    },
    "activeSince": "2000-06-23T00:00:00.000Z",
    "homepageUrl": "https://home.mobile.de/home/redirect.html?customerId=460274",
    "iconUrl": null,
    "reviewPageUrl": "https://www.mobile.de/bewertungen/AUTOHAUSBECKERTIEMANN?lang=en",
    "score": {
      "total": 4.5,
      "responseTime": 4.4,
      "friendliness": 4.6,
      "advice": 4.5
    },
    "activeRatingCount": 16,
    "vehicleAsDescribedPercentage": 100,
    "recommendPercentage": 92,
    "soldVehicleCount": null,
    "reviews": []
  },
  "attributes": {
    "Vehicle condition": "New vehicle, Accident-free",
    "Category": "Saloon",
    "Model range": "G80",
    "Trim line": "UPE 117.440,- #exclusive",
    "Vehicle Number": "BTLFV21713",
    "Availability": "Now",
    "Origin": "German edition",
    "Mileage": "0 km",
    "Cubic Capacity": "2,993 ccm",
    "Power": "390 kW (530 hp)",
    "Drive type": "Internal combustion engine",
    "Fuel": "Petrol, E10-enabled",
    "CO₂ class": "Based on CO₂ emissions (combined)",
    "Fuel consumption": [
      "10.2 l/100km (combined)",
      "15.4 l/100km (city)",
      "10.1 l/100km (suburban)",
      "8.7 l/100km (country road)",
      "9.5 l/100km (motorway)"
    ],
    "Energy costs for 15,000 km annual mileage": "€2,748/Year",
    "Fuel price": "€1.80/l (annual average 2024)",
    "Possible CO₂ costs over the next 10 years (15,000 km/year)": [
      "€4,382 (assuming an average CO₂ price of €127/t)",
      "€2,070 (assuming a low average CO₂ price of €60/t)",
      "€6,900 (assuming a high average CO₂ price of €200/t)"
    ],
    "Vehicle tax": "€460/Year",
    "Number of Seats": "5",
    "Door Count": "4/5",
    "Transmission": "Automatic",
    "Emission Class": "Euro6",
    "Construction Year": "2025",
    "Number of Vehicle Owners": "0",
    "HU": "New",
    "Climatisation": "Automatic climatisation, 3 zones",
    "Parking sensors": "Rear, Front, Camera, Self-steering systems",
    "Airbags": "Front and Side and More Airbags",
    "Colour (Manufacturer)": "DRAVITGRAU METALLIC",
    "Colour": "Grey Metallic",
    "Interior Design": "Full leather, Black",
    "Weight": "1,855 kg",
    "Tank capacity": "59 l",
    "Energy consumption (comb.)": "10.2 l/100km",
    "CO₂ emissions (comb.)": "230 g/km"
  },
  "features": [
    "ABS",
    "Adaptive Cruise Control",
    "Adaptive lighting",
    "Alarm system",
    "Alloy wheels",
    "Ambient lighting",
    "Arm rest",
    "Autom. dimming interior mirror",
    "Blind spot assist",
    "Bluetooth",
    "Central locking",
    "DAB radio",
    "Digital cockpit",
    "Distance warning system",
    "Dynamic chassis control",
    "Electric seat adjustment",
    "Electric side mirror",
    "Electric tailgate",
    "Electric windows",
    "Emergency brake assist",
    "Emergency call system",
    "ESP",
    "Four-wheel drive",
    "Glare-free high beam headlights",
    "Hands-free kit",
    "Head-up display",
    "Heated seats",
    "Heated steering wheel",
    "High beam assist",
    "Hill-start assist",
    "Immobilizer",
    "Induction charging for smartphones",
    "Isofix",
    "Keyless central locking",
    "Lane change assist",
    "Leather steering wheel",
    "LED headlights",
    "LED running lights",
    "Light sensor",
    "Lumbar support",
    "Multifunction steering wheel",
    "Navigation system",
    "On-board computer",
    "Particulate filter",
    "Power Steering",
    "Rain sensor",
    "Ski bag",
    "Sound system",
    "Speed limit control system",
    "Sport seats",
    "Sports package",
    "Sports suspension",
    "Start-stop system",
    "Tinted windows",
    "Touchscreen",
    "Traction control",
    "Traffic sign recognition",
    "Tuner/radio",
    "Tyre pressure monitoring",
    "USB port",
    "Voice control",
    "WLAN / Wi-Fi hotspot"
  ]
},
{
  "title": "BMW M3 Competion M xDrive Touring Innovationsp.",
  "previewImage": "https://img.classistatic.de/api/v1/mo-prod/images/b2/b283a38d-53b8-47b3-b795-79ba37a855e1?rule=mo-1600.jpg",
  "category": "EstateCar",
  "brand": "BMW",
  "model": "M3",
  "url": "https://suchen.mobile.de/fahrzeuge/details.html?id=433886254",
  "price.total.amount": 102690,
  "priceRating": {
    "rating": "Good price",
    "priceRanges": {
      "Very good price": {
        "start": 75701,
        "end": 98500
      },
      "Good price": {
        "start": 98501,
        "end": 106000
      },
      "Fair price": {
        "start": 106001,
        "end": 117900
      },
      "Increased price": {
        "start": 117901,
        "end": 126600
      },
      "High price": {
        "start": 126601,
        "end": 140700
      }
    }
  },
  "description": "Sonderausstattung\nS03M5 M Combound-Bremse Rot hochglänzend\nS03MF M Leuchten Shadow Line\nS0453 Aktive Sitzbelüftung vorn\nS04MC M Interieurleisten Carbon Fibre\nS04NW Instrumententafel Luxury\nS05AC Fernlichtassistent\nS05AU Driving Assistant Professional\nS05DN Parking Assistant Plus\nS06DR BMW Drive Recorder\nS070A M Alcantaralenkrad\nS07A2 Innovationspaket\nS07ME M Driver’s Package\n\nSonderausstattung ab Werk\n19'/20' M Schmiederäder Doppelspeiche 826 M Schwarz mit Mischbereifung\nM Sportdifferenzial\nReifenreparatur Set\nAdaptives Fahrwerk\nAlarmanlage\nKomfortzugang\nM Dachreling Hochglanz shadow line\nSonnenschutzverglasung\nInnen- und Außenspiegelpaket\nInnenspiegel.automatisch abblendend\nSitzverstellung elektrisch mit Memory\nLordosenstütze für Fahrer und Beifahrer\nAblagenpaket\nSitzheizung für Fahrer und Beifahrer\nM Sicherheitsgurte\nGalvanikapplikation für Bedienelemente\nKlimaautomatik\nAdaptiver LED-Scheinwerfer\nHarman Kardon Surround Sound System\nWireless Charging Ablage\nBMW Live Cockpit Professional\nM Sportsitze\nM Hochglanz Shadow Line\nM Dachhimmel anthrazit\nBMW Individual Hochglanz Shadow Line\n\nSerienaustattung\nElektrische Heckklappen-Zuziehhilfe\nElektr. Sitz-Memory für Außenspiegel\nGeschwindigkeitsregelanlage\nEinparkhilfe vorne Sensor, Einparkhilfe hinten Sensor & Kamera, Einparkhilfe seitlich Sensor\nTagfahrlicht\nKopf-/Dach Airbag vorn und hinten\nDachreling getönt\nFahrer-Airbag, Beifahrer-Airbag mit Deaktivierung für Beifahrerairbag\nSeiten-Airbag vorne\nArmlehne für Rücksitze\nFahrersitz Sportsitz mit sieben elektr. Verstellmöglichkeiten, Sitzheizung, Lehnenneigungsverstellung mit Memory, Längsverstellung mit Memory und Längsverstellung mit Memory 2-Wege elektrisch mit Sitzflächenneigungsverstellung mit Memory und mechanischer Oberschenkelauflage, Beifahrersitz Sportsitz mit sieben elektr. Verstellmöglichkeiten, Sitzheizung, elektrischer Lehnenneigungsverstellung, elektrischer Längsverstellung und elektrischer Höhenverstellung 2-Wege elektrisch mit elektrischer Sitzflächenneigungsverstellung und mechanischer Oberschenkelauflage\nSportfahrwerk\nAktive Radaufhängung mit wählbarer Einstellung elektronisch\nNavigationssystem mit Bedienung über Touch Screen, Datenquelle: Internet (Farbe), 14,90 Zoll-Bildschirm, Verkehrsinformation und Verkehrsinfo Monate inklusive: 24\nSportauspuff\nSprachbedienung herstellereigen\nTelematik mit automatischem Notruf, mit SIM im Fahrzeug, Tracking System, Concierge Service Monate inkl.: und Pannenhilfe\nPartikelfilter\nKnie-Airbags Fahrer\nLokale Sprache Deutsch, BMW, 3er-Reihe, M3 Competion M xDrive Touring, M3 Competion und M3 Competion M xDrive Touring\nCrash Warnsystem aktiviert Bremslicht, Müdigkeitswarnung, automatische Notbremsung, Bremst bei niedriger Geschwindigkeit Mindestgeschw. Zur Aktivierung: 5 km/h Fußgängerschutz, visuelle/akustische Warnung, Funktion über 130 km/h 78 mph, Funktion über 50 km/h 30 mph und Funktion unter 50 km/h 30 mph\nBluetooth\nStart/Stop\nSpurassistent aktiviert Lenkung\nSichtschutzglas hinten und Seite hinten\nEinparkassistent hinten und vollautomatisches Ein- und Ausparken 90°\nMulti-Funktions-Monitor mit 12,30 Zoll Bildschirm Kombi-Instrumente 1, Bildschirmgröße (cm):, Wahlrad und beinhaltet Augmented Reality, Multi-Funktions-Monitor mit 14,90 Zoll Bildschirm und Touch-Bedienung Armaturenbrett 1, Bildschirmgröße (cm):, fix, Drehknopf, Touchpadsteuerung, nein und beinhaltet Augmented Reality\nEnergie Rückgewinnung\nParkplatzinformation\nVerkehrszeichenerkennung\nAktives Differenzial Hinten\nInterner Speicher/Festplatte 320,00 GB\nFahrereinstellungen Motorcharakteristik, Lenkung, Fahrwerk, Stabilitätskontrolle und Traktionskontrolle\nWifi Netzwerk Anzahl Monate Vertrag inkl.: 999 und Verbindungsart: SIM-Karte erforderlich\nFernbedienung Klimaanlage per Internet, per Telefon, mit Zeitschaltuhr, mit Heizen und mit Kühlen\nKabelloses Ladekissen\nInstallierte Apps\nApp-Steuerung\nText - Sprache/Sprache - Text\n7 Airbags\nGarantie Antrieb - OEM Dauer (Monate) 36 und Gesamtfahrleistung (km) 9.999.999\nMobiltelefonintegration Apple CarPlay, Android Auto, Apple Monate inklusive: 999, Android Monate inklusive: 999, MirrorLink Monate inklusive: 0, Apple drahtlos und Android drahtlos\nAmbientelicht einhüllend, Farbauswahl und reaktives Licht\nWLTP Emissionen ICE, kombiniert: 234,0, kombiniert Fzg niedrig: 233,0 und kombiniert Fzg hoch: 235,0\nElektrisches System 12\nTorque vectoring Differential\nRemote Services Fensterbruchwarnung, Fahrzeug finden, Ton/Blinken, 999 Monate inklusive, Zielübertragung, Position teilen, Fahrzeugdiagnose und Fahrhistorie & Analyse\nOver air updates OS Version\nAlkoholsperre\nUnfalldatenschreiber\nNotruf\n\n\n\nIrrtümer und Zwischenverkauf vorbehalten.\n\n(MOJS 24.08.2025 01.23)",
  "dealerDetails": {
    "id": 455002,
    "name": "Auto-Zentrum Bernhard Ernst GmbH & Co. KG",
    "sellerType": "Dealer",
    "phones": [
      "+49 (0)2302 289407594"
    ],
    "languages": [
      "Deutsch",
      "English",
      "Türkçe"
    ],
    "country": "DE",
    "address": "Crengeldanzstrasse 83, DE-58455 Witten",
    "location": {
      "latitude": 51.4506757,
      "longitude": 7.3252466
    },
    "activeSince": "2002-08-28T00:00:00.000Z",
    "homepageUrl": "https://home.mobile.de/home/redirect.html?customerId=455002",
    "iconUrl": "https://img.classistatic.de/api/v1/mo-prod/images/4a/4ae17180-5b50-426f-9340-68742aa9d0c0?rule=mo-640.jpg",
    "reviewPageUrl": "https://www.mobile.de/bewertungen/AZ-WITTEN?lang=en",
    "score": {
      "total": 4.7,
      "responseTime": 4.6,
      "friendliness": 4.7,
      "advice": 4.7
    },
    "activeRatingCount": 22,
    "vehicleAsDescribedPercentage": 94,
    "recommendPercentage": 94,
    "soldVehicleCount": null,
    "reviews": []
  },
  "attributes": {
    "Vehicle condition": "New vehicle, Accident-free",
    "Category": "Estate car",
    "Model range": "G81",
    "Trim line": "M3",
    "Vehicle Number": "3018702",
    "Availability": "Now",
    "Origin": "German edition",
    "Mileage": "0 km",
    "Cubic Capacity": "2,993 ccm",
    "Power": "390 kW (530 hp)",
    "Drive type": "Internal combustion engine",
    "Fuel": "Petrol, E10-enabled",
    "CO₂ class": "Based on CO₂ emissions (combined)",
    "Fuel consumption": [
      "10.4 l/100km (combined)",
      "15.8 l/100km (city)",
      "10.3 l/100km (suburban)",
      "8.8 l/100km (country road)",
      "8.8 l/100km (motorway)"
    ],
    "Energy costs for 15,000 km annual mileage": "€2,802/Year",
    "Fuel price": "€1.80/l (annual average 2025)",
    "Vehicle tax": "€476/Year",
    "Number of Seats": "5",
    "Door Count": "4/5",
    "Transmission": "Automatic",
    "Emission Class": "Euro 6e",
    "Emissions Sticker": "4 (Green)",
    "Climatisation": "Automatic climatisation, 3 zones",
    "Parking sensors": "Rear, Front, Self-steering systems, 360° camera",
    "Airbags": "Front and Side and More Airbags",
    "Colour (Manufacturer)": "BMW Individual Dravitgrau",
    "Colour": "Grey Metallic",
    "Interior Design": "Full leather, Black",
    "Weight": "1,940 kg",
    "Cylinders": "6",
    "Tank capacity": "59 l",
    "Energy consumption (comb.)": "10.4 l/100km",
    "CO₂ emissions (comb.)": "234 g/km"
  },
  "features": [
    "ABS",
    "Adaptive cornering lights",
    "Adaptive Cruise Control",
    "Alarm system",
    "Alloy wheels",
    "Ambient lighting",
    "Android Auto",
    "Apple CarPlay",
    "Arm rest",
    "Autom. dimming interior mirror",
    "Blind spot assist",
    "Bluetooth",
    "Cargo barrier",
    "Central locking",
    "DAB radio",
    "Digital cockpit",
    "Distance warning system",
    "Dynamic chassis control",
    "Electric seat adjustment",
    "Electric side mirror",
    "Electric tailgate",
    "Electric windows",
    "Eletric seat adjustment with memory function",
    "Emergency brake assist",
    "Emergency call system",
    "ESP",
    "Fatigue warning system",
    "Folding exterior mirrors",
    "Four-wheel drive",
    "Glare-free high beam headlights",
    "Hands-free kit",
    "Head-up display",
    "Heated seats",
    "High beam assist",
    "Hill-start assist",
    "Immobilizer",
    "Isofix",
    "Keyless central locking",
    "Lane change assist",
    "Leather steering wheel",
    "LED headlights",
    "LED running lights",
    "Light sensor",
    "Lumbar support",
    "Multifunction steering wheel",
    "Navigation system",
    "Non-smoker vehicle",
    "On-board computer",
    "Paddle shifters",
    "Particulate filter",
    "Power Steering",
    "Rain sensor",
    "Rear traffic alert",
    "Roof rack",
    "Seat ventilation",
    "Sound system",
    "Speed limit control system",
    "Sport seats",
    "Sports package",
    "Sports suspension",
    "Start-stop system",
    "Tinted windows",
    "Touchscreen",
    "Traction control",
    "Traffic sign recognition",
    "Tuner/radio",
    "Tyre pressure monitoring",
    "USB port",
    "Voice control",
    "WLAN / Wi-Fi hotspot"
  ]
},
{
  "title": "BMW M3 Competition M Performance Umbau 1.056€ netto/",
  "previewImage": "https://img.classistatic.de/api/v1/mo-prod/images/17/17f64b06-3027-44ad-9e07-1b8aab72cdc3?rule=mo-1600.jpg",
  "category": "Limousine",
  "brand": "BMW",
  "model": "M3",
  "url": "https://suchen.mobile.de/fahrzeuge/details.html?id=430254294",
  "price.total.amount": 101990,
  "priceRating": {
    "rating": "High price",
    "priceRanges": {
      "Very good price": {
        "start": 58701,
        "end": 76300
      },
      "Good price": {
        "start": 76301,
        "end": 82200
      },
      "Fair price": {
        "start": 82201,
        "end": 91500
      },
      "Increased price": {
        "start": 91501,
        "end": 98200
      },
      "High price": {
        "start": 98201,
        "end": 109100
      }
    }
  },
  "description": "Sonstiges\nAblage für Wireless Charging\nActive Guard\nBlow by-Heizer\nBMW Apps\nKaeltemittel\nMWSt ausweisbar\nPersonal eSIM\nProbefahrt\nSonderwunschausstattung\nSteuerung EfficientDynamics\nSteuerung Karosserie\nUnfallfrei\n\nAntrieb, Fahrwerk\nAdaptives M Fahrwerk\nAllrad\nM Carbon-Keramik-Bremse\nM Drive Professional\nM Sportdifferenzial\nSportfahrwerk\n\nEditionen und Pakete\nAblagenpaket\nConnected Package Professional (laufzeitgebundener Dienst)\nConnectedDrive Services (laufzeitgebundener Dienst)\nInnovationspaket\nM Carbon Exterieurpaket\nM Driver's Package\nM Race Track Paket\n\nFahrerassistenz\nGeschwindigkeitsregelung mit Bremsfunktion\nGesetzlicher Notruf\nParking Assistant Plus\nTeleservices\n\nIndividualumfänge\nIndividual\nM Hochglanz Shadow Line\nM Hochglanz Shadow Line mit erweiterten Umfängen\nM Leuchten Shadow Line\n\nKomfort, Innenausstattung\nAkustikverglasung\nAutomatische Heckklappenbetätigung\nFondkopfstützen klappbar\nGalvanikapplikation für Bedienelemente\nInnen- und Außenspiegelpaket\nInstrumententafel in Sensatec\nKlimaautomatik\nKomfortzugang\nM Carbon Schalensitze\nM Interieurleisten 'Carbon Fibre'\nM Sicherheitsgurte\nSitzheizung für Fahrer und Beifahrer\nSitzverstellung elektrisch mit Memory für Fahrersitz\nSonnenschutzverglasung\n\nMultimedia\nBMW Live Cockpit Professional (laufzeitgebundener Dienst)\nDAB Tuner\nHarman Kardon Surround Sound System\n\nRäder\n19\"/20\" M Schmiederäder Doppelspeiche 826 M Schwarz / MB\nRadschraubensicherung\n\nSitzbezug\nSonderpolsterung\n\nUmwelt, Sicherheit\nAbgasnorm EU6 RDE II\nABS\nActive Protection\nAktiver Fussgängerschutz\nAlarmanlage mit Fernbedienung\nBeifahrerairbag-Deaktivierung\nBMW Laserlicht\nDriving Assistant\nFernlichtassistent\nInnenspiegel automatisch abblendend\nReifendruck-Kontrolle\nIrrtümer und Zwischenverkauf vorbehalten.",
  "dealerDetails": {
    "id": 17648872,
    "name": "Autohaus Michael Schmidt GmbH, BMW Vertragshändler",
    "sellerType": "Dealer",
    "phones": [
      "+49 (0)89 4132431474"
    ],
    "messengers": {
      "WHATS_APP": "+49 (0)1511 4609401"
    },
    "languages": [
      "Deutsch",
      "English",
      "Français"
    ],
    "country": "DE",
    "address": "Industriestr. 8, DE-82110 Germering",
    "location": {
      "latitude": 48.1309561,
      "longitude": 11.3744134
    },
    "activeSince": "2018-02-06T00:00:00.000Z",
    "homepageUrl": "https://home.mobile.de/home/redirect.html?customerId=17648872",
    "iconUrl": null,
    "reviewPageUrl": "https://www.mobile.de/bewertungen/BMWAutohausMichaelSchmidtGmbHBMWVertragshaendler?lang=en",
    "score": {
      "total": 4.5,
      "responseTime": 4.5,
      "friendliness": 4.6,
      "advice": 4.5
    },
    "activeRatingCount": 20,
    "vehicleAsDescribedPercentage": 88,
    "recommendPercentage": 94,
    "soldVehicleCount": null,
    "reviews": []
  },
  "attributes": {
    "Vehicle condition": "Used vehicle",
    "Category": "Saloon",
    "Model range": "M3",
    "Trim line": "M Performance Umbau 1.056€ netto/mtl*INDIVIDUAL*CARBON…",
    "Vehicle Number": "B3578025500484",
    "Availability": "Now",
    "Origin": "German edition",
    "Mileage": "33,162 km",
    "Cubic Capacity": "2,993 ccm",
    "Power": "375 kW (510 hp)",
    "Drive type": "Internal combustion engine",
    "Fuel": "Petrol",
    "Number of Seats": "5",
    "Door Count": "4/5",
    "Transmission": "Manual gearbox",
    "Emission Class": "Euro6",
    "First Registration": "03/2024",
    "Number of Vehicle Owners": "1",
    "HU": "03/2027",
    "Climatisation": "Automatic climatisation, 2 zones",
    "Parking sensors": "360° camera, Rear, Front, Self-steering systems",
    "Airbags": "Front and Side and More Airbags",
    "Colour (Manufacturer)": "Sonderlackierung",
    "Colour": "Gold",
    "Interior Design": "Other, Other",
    "Cylinders": "6"
  },
  "features": [
    "ABS",
    "Adaptive cornering lights",
    "Alarm system",
    "Alloy wheels",
    "Ambient lighting",
    "Android Auto",
    "Apple CarPlay",
    "Arm rest",
    "Autom. dimming interior mirror",
    "Blind spot assist",
    "Bluetooth",
    "CD player",
    "Central locking",
    "Cruise control",
    "DAB radio",
    "Digital cockpit",
    "Distance warning system",
    "Electric seat adjustment",
    "Electric side mirror",
    "Electric tailgate",
    "Electric windows",
    "Eletric seat adjustment with memory function",
    "Emergency brake assist",
    "Emergency call system",
    "ESP",
    "Fatigue warning system",
    "Four-wheel drive",
    "Full Service History",
    "Glare-free high beam headlights",
    "Hands-free kit",
    "Head-up display",
    "Heated seats",
    "High beam assist",
    "Hill-start assist",
    "Immobilizer",
    "Induction charging for smartphones",
    "Integrated music streaming",
    "Isofix",
    "Keyless central locking",
    "Lane change assist",
    "Laser headlights",
    "Leather steering wheel",
    "Light sensor",
    "Multifunction steering wheel",
    "Navigation system",
    "Non-smoker vehicle",
    "On-board computer",
    "Paddle shifters",
    "Power Steering",
    "Rain sensor",
    "Rear traffic alert",
    "Sound system",
    "Speed limit control system",
    "Sport seats",
    "Sports package",
    "Sports suspension",
    "Start-stop system",
    "Summer tyres",
    "Tinted windows",
    "Touchscreen",
    "Traction control",
    "Traffic sign recognition",
    "Tuner/radio",
    "Tyre pressure monitoring",
    "USB port",
    "Voice control",
    "Warranty"
  ]
},
{
  "title": "BMW M3 Touring Competition - UPE 120.040,00 EUR #exc",
  "previewImage": "https://img.classistatic.de/api/v1/mo-prod/images/23/23039ae4-210c-4679-bc24-10a8b3953840?rule=mo-1600.jpg",
  "category": "EstateCar",
  "brand": "BMW",
  "model": "M3",
  "url": "https://suchen.mobile.de/fahrzeuge/details.html?id=430880492",
  "price.total.amount": 102407,
  "priceRating": {
    "rating": "Good price",
    "priceRanges": {
      "Very good price": {
        "start": 74801,
        "end": 97200
      },
      "Good price": {
        "start": 97201,
        "end": 104700
      },
      "Fair price": {
        "start": 104701,
        "end": 116400
      },
      "Increased price": {
        "start": 116401,
        "end": 125000
      },
      "High price": {
        "start": 125001,
        "end": 138800
      }
    }
  },
  "description": "Antrieb, Fahrwerk\nAdaptives M Fahrwerk\nAllrad\nM Sportdifferential\n\nAußenausstattung\nDachreling Hochglanz Shadow-Line\nHeckklappenbetätigung automatisch\nLM-Felgen\nSonnenschutzverglasung (hinten abgedunkelt)\n\nEditionen und Pakete\nAblagenpaket\nConnectedDrive Services\nConnectedPackage Professional\nInnovations-Paket (2)\nM Driver´s Package\n\nExterieur\nDach und Spiegelkappen schwarz\n\nFahrerassistenz\nFahrassistenz-System: Driving Assistant Professional\nGesetzlicher Notruf\nHead-Up Display\nParkassistent-Paket Plus\nTeleServices\n\nIndividualumfänge\nBMW Individual Dachreling Hochglanz Shadow Line\nBMW Individual Hochglanz Shadow Line mit erweiterten Umfängen\nDachhimmel Individual anthrazit\nHochglanz Shadow Line\n\nKomfort, Innenausstattung\nAmbiente-Beleuchtung\nAußenspiegel elektr. anklappbar\nAutomatische Verriegelung beim Anfahren\nBMW Live Cockpit Professional\nDurchladeeinrichtung (Mittelarmlehne hinten)\nDurchladesystem\nEinparkhilfe selbstlenkendes System\nFensterheber elektrisch vorn + hinten\nFensterheber, elektrisch\nFondkopfstützen klappbar\nFreisprecheinrichtung Bluetooth mit USB-/Audio-Schnittstelle\nGalvanikapplikation für Bedienelemente\nGeschwindigkeits-Begrenzeranlage (Speed Limit Device)\nGeschwindigkeits-Regelanlage mit Bremsfunktion\nHead-up-Display Full Color\nInduktionsladeschale für Smartphone (Wireless Charging)\nInnen- und Aussenspiegel automatisch abblendend\nInnenausstattung: Interieurleisten Carbon\nInnenspiegel mit Abblendautomatik\nIsofix-Aufnahmen für Kindersitz\nKlimaautomatic\nKlimaautomatik 3-Zonen mit autom. Umluft-Control\nKomfortzugang (Öffnungs- und Schließsystem)\nLendenwirbelstütze Sitz vorn links und rechts, elektr. verstellbar\nLenkrad (Leder) mit Multifunktion M-Technic\nLenkrad heizbar\nLicht- und Regensensor\nLordosenstuetze fuer Fahrer und Beifahrer\nM Sicherheitsgurte\nM Sportsitze\nSitzheizung fuer Fahrer und Beifahrer\nSitzverstellung, elektrisch mit Memory\nSkisack\nSonnenschutzverglasung\n\nMultimedia\nBMW Live Cockpit Professional\nDAB Tuner\nFreisprecheinrichtung\nHarman Kardon Surround Sound System\nNavigationssystem\nTelefon\n\nRäder\n19\"/20\" M Schmiederäder Doppelspeiche 826 M Schwarz / MB\nRadschraubensicherung\n\nSitzbezug\nVollleder Merino Silverstone/Schwarz\n\nSonstiges\nAblage für Wireless Charging \nABS\nActive Guard\nBlow by-Heizer\nBMW Digital Key\nBMW Individuallackierung Tansanit-Blau II Metallic\nDekodierung Zusatzfunktionen\nDeutsch / Bordliteratur\nDeutschland-Ausfuehrung\nElektrisch verstellbare Spiegel\nEU-spezifische Zusatzumfaenge\nFahrassistenz-System: aktiver Spurhalteassistent\nFahrassistenz-System: Ampel-Erkennung\nFahrassistenz-System: Ausweich-Assistent\nFahrassistenz-System: Einparkhilfe Seite\nFahrassistenz-System: Falschfahrwarnung\nFahrassistenz-System: Frontkollisionswarnung\nFahrassistenz-System: Heckaufprall-Vermeidung (Prävention Heckkollision)\nFahrassistenz-System: Kreuzungs-Assistent\nFahrassistenz-System: Park-Assistent\nFahrassistenz-System: Querverkehrs-Assistent\nFahrassistenz-System: Rückfahr-Assistent\nFahrassistenz-System: Rückfahrhilfe Notbremsfunktion (Active PDC)\nFahrassistenz-System: Spurwechselassistent\nFahrassistenz-System: Spurwechsel-Warnsystem\nFahrerairbag\nGeschwindigkeits-Regelanlage, Aktiv mit Stop&Go-Funktion\ninterne Steuerung\nKältemittel\nKilometertacho\nLeder\nM Drive Professional\nMetallic-Lackierung\nMultifunktionslenkrad\nÖlwartungsintervall 24 Monate/30.000 km\nPersonal eSIM \nReifenreparatur-Set\nRückfahrkamera\nRückfahrkamera (Top View)\nScheinwerfer BMW Individual Shadow-Line\nSeitenairbag\nService-System: Remote 3D View\nSitzbezug / Polsterung: Voll-Leder Merino Silverstone / Schwarz\nSportfahrwerk\nSportsitze\nSteuerung Infotainment\nSteuerung Karosserie\nSurround-Kamerasystem (Surround View)\nTempomat\nZentralverriegelung\n\nUmwelt, Sicherheit\nAbgasnorm EU6 RDE II\nAktiver Fussgängerschutz\nAlarmanlage\nBeifahrerairbag\nBeifahrerairbag-Deaktivierung\nESP\nFahrassistenz-System: Fernlichtassistent\nInnenspiegel, automatisch abblendend\nKindersitzbefestigung ISOFIX\nLED-Scheinwerfer\nPASM\nRegensensor\nReifen Druck Control\nScheinwerfer LED mit adaptiver Lichtverteilung\nTraction Control\nWarndreieck\n\nNeupreis: 120.040,00 EUR inkl. MwSt.\nEin individuelles Leasingangebot ist auf Anfrage möglich.\n\nIhre Ansprechpartner bei uns im Haus:\nDennis Rybka Tel. 05225-878537 Mail: dennis.rybka@becker-tiemann.de\nNico Hinzmann Tel. 05225-878518 Mail: nico.hinzmann@becker-tiemann.de\n\nLassen Sie sich Ihr individuelles Angebot erstellen!\nZzgl. 1.090€ einmalig für das Auslieferungspaket. Irrtümer und Zwischenverkauf vorbehalten.",
  "dealerDetails": {
    "id": 31027996,
    "name": "Autohaus Becker-Tiemann Spenge GmbH & Co KG",
    "sellerType": "Dealer",
    "phones": [
      "+49 (0)5225 899502219"
    ],
    "languages": [
      "Deutsch",
      "English",
      "Türkçe"
    ],
    "country": "DE",
    "address": "Düttingdorfer Str. 342, DE-32139 Spenge",
    "location": {
      "latitude": 52.1279492,
      "longitude": 8.4149624
    },
    "activeSince": "2000-09-13T00:00:00.000Z",
    "homepageUrl": "https://home.mobile.de/home/redirect.html?customerId=31027996",
    "iconUrl": null,
    "reviewPageUrl": "https://www.mobile.de/bewertungen/AUTOHAUSBECKERTIEMANNSPENGEGMBHCOKG?lang=en",
    "score": {
      "total": 4.2,
      "responseTime": 4.2,
      "friendliness": 4.4,
      "advice": 4.1
    },
    "activeRatingCount": 14,
    "vehicleAsDescribedPercentage": 92,
    "recommendPercentage": 83,
    "soldVehicleCount": null,
    "reviews": []
  },
  "attributes": {
    "Vehicle condition": "New vehicle, Accident-free",
    "Category": "Estate car",
    "Model range": "G81",
    "Trim line": " Competition - UPE 120.040,00 EUR #exclusive",
    "Vehicle Number": "FV40485",
    "Availability": "Now",
    "Origin": "German edition",
    "Mileage": "0 km",
    "Cubic Capacity": "2,993 ccm",
    "Power": "390 kW (530 hp)",
    "Drive type": "Internal combustion engine",
    "Fuel": "Petrol, E10-enabled",
    "CO₂ class": "Based on CO₂ emissions (combined)",
    "Fuel consumption": [
      "10.4 l/100km (combined)",
      "15.8 l/100km (city)",
      "10.3 l/100km (suburban)",
      "8.8 l/100km (country road)",
      "9.8 l/100km (motorway)"
    ],
    "Energy costs for 15,000 km annual mileage": "€2,802/Year",
    "Fuel price": "€1.80/l (annual average 2024)",
    "Possible CO₂ costs over the next 10 years (15,000 km/year)": [
      "€4,458 (assuming an average CO₂ price of €127/t)",
      "€2,106 (assuming a low average CO₂ price of €60/t)",
      "€7,020 (assuming a high average CO₂ price of €200/t)"
    ],
    "Vehicle tax": "€476/Year",
    "Number of Seats": "5",
    "Door Count": "4/5",
    "Transmission": "Automatic",
    "Emission Class": "Euro6",
    "Construction Year": "2025",
    "Number of Vehicle Owners": "0",
    "HU": "New",
    "Climatisation": "Automatic climatisation, 3 zones",
    "Parking sensors": "360° camera, Front, Self-steering systems, Rear",
    "Airbags": "Front and Side and More Airbags",
    "Colour (Manufacturer)": "Individual Tansanitblau",
    "Colour": "Blue Metallic",
    "Interior Design": "Full leather, Black",
    "Weight": "1,940 kg",
    "Tank capacity": "59 l",
    "Energy consumption (comb.)": "10.4 l/100km",
    "CO₂ emissions (comb.)": "234 g/km"
  },
  "features": [
    "ABS",
    "Adaptive cornering lights",
    "Adaptive Cruise Control",
    "Alarm system",
    "Alloy wheels",
    "Ambient lighting",
    "Android Auto",
    "Apple CarPlay",
    "Arm rest",
    "Autom. dimming interior mirror",
    "Blind spot assist",
    "Bluetooth",
    "Cargo barrier",
    "Central locking",
    "DAB radio",
    "Digital cockpit",
    "Distance warning system",
    "Dynamic chassis control",
    "Electric seat adjustment",
    "Electric side mirror",
    "Electric tailgate",
    "Electric windows",
    "Eletric seat adjustment with memory function",
    "Emergency brake assist",
    "Emergency call system",
    "ESP",
    "Fatigue warning system",
    "Four-wheel drive",
    "Full Service History",
    "Glare-free high beam headlights",
    "Hands-free kit",
    "Head-up display",
    "Heated seats",
    "Heated steering wheel",
    "High beam assist",
    "Hill-start assist",
    "Immobilizer",
    "Induction charging for smartphones",
    "Isofix",
    "Keyless central locking",
    "Lane change assist",
    "Leather steering wheel",
    "LED headlights",
    "LED running lights",
    "Light sensor",
    "Lumbar support",
    "Multifunction steering wheel",
    "Navigation system",
    "Non-smoker vehicle",
    "On-board computer",
    "Paddle shifters",
    "Particulate filter",
    "Power Steering",
    "Rain sensor",
    "Rear traffic alert",
    "Roof rack",
    "Ski bag",
    "Sound system",
    "Speed limit control system",
    "Sport seats",
    "Sports package",
    "Sports suspension",
    "Start-stop system",
    "Summer tyres",
    "Tinted windows",
    "Touchscreen",
    "Traction control",
    "Traffic sign recognition",
    "Tuner/radio",
    "Tyre pressure monitoring",
    "USB port",
    "Voice control",
    "Warranty",
    "WLAN / Wi-Fi hotspot"
  ]
},
{
  "title": "BMW M3 Competition M xDrive Touring LivePro HUD",
  "previewImage": "https://img.classistatic.de/api/v1/mo-prod/images/d9/d938d5bd-aa47-46dd-ac06-ad1d060a4e78?rule=mo-1600.jpg",
  "category": "EstateCar",
  "brand": "BMW",
  "model": "M3",
  "url": "https://suchen.mobile.de/fahrzeuge/details.html?id=431893423",
  "price.total.amount": 102980,
  "priceRating": {
    "rating": "Fair price",
    "priceRanges": {
      "Very good price": {
        "start": 72001,
        "end": 93600
      },
      "Good price": {
        "start": 93601,
        "end": 100800
      },
      "Fair price": {
        "start": 100801,
        "end": 112200
      },
      "Increased price": {
        "start": 112201,
        "end": 120400
      },
      "High price": {
        "start": 120401,
        "end": 133800
      }
    }
  },
  "description": "Verbrauch und Emission (WLTP)\nPrimärer Antrieb Verbrauch innerorts: 15,30 l/100 km\nPrimärer Antrieb Verbrauch Stadtrand: 10,10 l/100 km\nPrimärer Antrieb Verbrauch Landstraße: 8,70 l/100 km\nPrimärer Antrieb Verbrauch Autobahn: 9,50 l/100 km\nPrimärer Antrieb Verbrauch kombiniert: 10,10 l/100 km\nCO2 Emission kombiniert: 229 g/km\n\nGetriebe\nAutomatikgetriebe Steptronic, 8 Gänge\n\nAusstattungslinie\nAusstattungslinie Exterieur: Competition\n\nAusstattungspakete\nAusstattungspaket: Connected Professional (laufzeitgebundener Dienst), ULTIMATE PAKET\nOptikpaket: M Hochglanz Shadow Line\nAblagepaket\nSpiegelpaket: Innen- und Außenspiegelpaket\n\nAssistenzsysteme\nHead-up-Display HUD\nFernlichtassistent\nBMW ParkAssistent\nRückfahrkamera\nSurround View\nAktive Geschwindigkeitsregelung mit Stop & Go\nSpurwechselassistent\nSpurhalteassistent\nBremsassistent\nFahrerassistenzpaket: Driving Assistant Professional, Heckaufprall-Vermeidung, Parkassistent-Paket Plus, Rückfahr-Assistent\nActive Guard Auffahrwarnung\nGespannstabilisierung\n\nLicht und Sicht\nAdaptiver LED-Scheinwerfer\nAdaptives Kurvenlicht\nRegensensor\nAutomatisch abblendende Innen- und Außenspiegel\nSonnenschutzverglasung\nDynamische Leuchtweitenregulierung\nAmbientebeleuchtung\nLichtsensor\n\nAudio & Kommunikation\nBMW Live Cockpit Professional: Augmented Reality\nMulti-Funktions-Display\nDigitaler Radioempfang DAB\nHarman/Kardon Soundsystem\nBMW ConnectedDrive: ConnectedDrive Services (laufzeitgebundener Dienst), Connected Package Professional (laufzeitgebundener Dienst)\nHandyvorbereitung Bluetooth\nKabelloses Laden für Handys\nWLAN Hotspot: Personal eSIM\n\nKomfort\nBMW Live Cockpit Professional: BMW Curved Display\nKlimaautomatik, 3 Zonen\nFahrer-/Beifahrersitz elektrisch\nMemoryfunktion Fahrersitz\nLordosenstütze Fahrer/Beifahrer elektrisch\nSitzheizung Fahrer/Beifahrer\nSportsitze\nArmauflage hinten\nLenksäule verstellbar\nKomfortzugang\nAuto Start Stop Funktion\nZentralver. mit Fernbedienung: mit Diebstahlsicherung und Crashsensor\nFensterheber elektrisch 4-fach\nKopfstützen vorn und hinten\nAutomatisch öffnende Heckklappe\nSitzklimatisierung vorn\nM Drive\nGetränkehalter\n\nInterieur\nSitze Leder Leder Merino Silverstone/Schwarz\nInnenfarbe weiß\nMultifunktions-Lederlenkrad\nLenkradheizung\nDurchladesystem\nDekoreinlagen Carbon: Rhombicle mit Akzentleiste, Carbon Fibre\n\nExterieur\nAdaptives Fahrwerk\nAntrieb: Allrad\nCarbon Paket Exterieur: M Carbon\nM Sportfahrwerk\nTouchscreen Bedienung\nDifferentialsperre: Aktives M Differential\nCompound-Bremse\nM Leichtmetallräder 20 Zoll: Doppelspeiche 826 M\nAußenspiegel elekt. anklappbar\nDachreling: Hochglanz Shadow, Hochglanz Shadow-Line, Hochglanz Shadow Line\nReifenpannenset\nNotrufsystem: Intelligenter Notruf inkl. TeleServices (laufzeitgebundener Dienst)\nGeschwindigkeitsbegrenzer\nFahrzeugpersonalisierung: BMW ID\n\nSicherheit\nISOFIX Kindersitzbefestigung\nFußgängerschutzsystem\nFahrer- /Beifahrerairbag\nKopfairbag vorn\nSeitenairbag vorn und hinten\nKnieairbag Fahrer\nDynamische Traktions Control DTC\nDynamische Stabilitäts Control DSC\nReifen Pannen Anzeige RPA\nDiebstahlwarnanlage\nAntiblockiersystem ABS\nQuerverkehrswarnung\n\nWeitere Ausstattung\n19/20 M Schmiederäder Doppel\nEU-spezifische Zusatzumfänge\nDach und Spiegelkappen schwarz\nM Compound-Bremse\nschwarz hoc\nM Leuchten Shadow Line\nM Sicherheitsgurte\nGalvanikapplikation für Bedien\nTeleServices (laufzeitgebundener Dienst)\nConnectedPackage Professional\nBMW DRIVE RECORDER\nM Carbon Exterieurpaket\nM Dachhimmel Anthrazit\nM Hochglanz Shadow Line mit er\nDeutschland-Ausführung\nÖlwartungsintervall - 24 Monat\nCOC Zusatzumfänge\nAutomatische Verriegelung beim\nFahrgestellnummer\nvon außen s\nDekodierung Zusatzfunktion\nUltimate Package\nÜberführung NA 3er\nDachhimmel Anthrazit (BMW Individual)\nBMW Drive Recorder (Dashcam)\nFalschfahrwarnung\nAusweich-Assistent\nAmpel-Erkennung\nGepäckraum-Paket\nRemote 3D View (laufzeitgebundener Dienst)\nScheinwerfer BMW Individual Shadow-Line\nGalvanikapplikation für Bedienelemente\nehemalige unverbindliche Preisempfehlung des Herstellers: 124710 EUR\n\nFahrdaten\nvMax: 280 km/h\nBeschleunigung: 4 Sek. 0-100 km/h\n\nDie im Inserat aufgeführten Ausstattungsmerkmale sind unverbindlich. Maßgeblich für den Kauf ist allein der schriftliche Kaufvertrag. Angaben im Inserat begründen keine Beschaffenheitsvereinbarung. Verbindliche Ausstattungsangaben werden ausschließlich im Kaufvertrag festgelegt. \nBei Abschluss eines Leasing- oder Finanzierungsvertrages wird dem Leasingnehmer bzw. Darlehensnehmer das Auslieferungspaket gesondert in Rechnung gestellt.",
  "dealerDetails": {
    "id": 40034345,
    "name": "WELLER Premium GmbH",
    "sellerType": "Dealer",
    "phones": [
      "+49 (0)531 2136381336"
    ],
    "languages": [
      "Deutsch",
      "English"
    ],
    "country": "DE",
    "address": "Gifhorner Straße 151, DE-38112 Braunschweig",
    "location": {
      "latitude": 52.3006177,
      "longitude": 10.5180492
    },
    "activeSince": "2025-07-21T00:00:00.000Z",
    "homepageUrl": "https://home.mobile.de/home/redirect.html?customerId=40034345",
    "iconUrl": "https://img.classistatic.de/api/v1/mo-prod/images/d8/d8d3d16d-f61d-49b9-834d-4d6aa1218c50?rule=mo-640.jpg",
    "reviewPageUrl": "https://www.mobile.de/bewertungen/WELLERPREMIUMGMBHBRAUNSCHWEIG?lang=en",
    "score": {
      "total": 4.3,
      "responseTime": 4.3,
      "friendliness": 4.5,
      "advice": 4.2
    },
    "activeRatingCount": 47,
    "vehicleAsDescribedPercentage": 89,
    "recommendPercentage": 87,
    "soldVehicleCount": null,
    "reviews": []
  },
  "attributes": {
    "Vehicle condition": "New vehicle",
    "Category": "Estate car",
    "Trim line": "Competition",
    "Vehicle Number": "2331175",
    "Availability": "Now",
    "Origin": "German edition",
    "Mileage": "0 km",
    "Cubic Capacity": "2,993 ccm",
    "Power": "390 kW (530 hp)",
    "Drive type": "Internal combustion engine",
    "Fuel": "Petrol",
    "CO₂ class": "Based on CO₂ emissions (combined)",
    "Fuel consumption": [
      "10.1 l/100km (combined)",
      "15.3 l/100km (city)",
      "10.1 l/100km (suburban)",
      "8.7 l/100km (country road)",
      "9.5 l/100km (motorway)"
    ],
    "Energy costs for 15,000 km annual mileage": "€2,721/Year",
    "Fuel price": "€1.80/l (annual average 2024)",
    "Possible CO₂ costs over the next 10 years (15,000 km/year)": [
      "€3,950 (assuming an average CO₂ price of €115/t)",
      "€1,718 (assuming a low average CO₂ price of €50/t)",
      "€6,526 (assuming a high average CO₂ price of €190/t)"
    ],
    "Vehicle tax": "€456/Year",
    "Number of Seats": "5",
    "Door Count": "4/5",
    "Transmission": "Automatic",
    "Emission Class": "Euro6d",
    "Emissions Sticker": "4 (Green)",
    "Climatisation": "Automatic climatisation, 3 zones",
    "Parking sensors": "Front, Self-steering systems, Rear, 360° camera",
    "Airbags": "Front and Side and More Airbags",
    "Colour (Manufacturer)": "BMW Individual Frozen Brillant",
    "Colour": "White Matte",
    "Interior Design": "Full leather",
    "Cylinders": "6",
    "Energy consumption (comb.)": "10.1 l/100km",
    "CO₂ emissions (comb.)": "229 g/km"
  },
  "features": [
    "ABS",
    "Adaptive cornering lights",
    "Adaptive Cruise Control",
    "Alarm system",
    "Alloy wheels",
    "Ambient lighting",
    "Arm rest",
    "Autom. dimming interior mirror",
    "Blind spot assist",
    "Bluetooth",
    "Central locking",
    "DAB radio",
    "Digital cockpit",
    "Distance warning system",
    "Dynamic chassis control",
    "Electric seat adjustment",
    "Electric side mirror",
    "Electric tailgate",
    "Electric windows",
    "Eletric seat adjustment with memory function",
    "Emergency call system",
    "Emergency tyre repair kit",
    "ESP",
    "Folding exterior mirrors",
    "Four-wheel drive",
    "Full Service History",
    "Hands-free kit",
    "Head-up display",
    "Heated seats",
    "Heated steering wheel",
    "High beam assist",
    "Induction charging for smartphones",
    "Isofix",
    "Keyless central locking",
    "Lane change assist",
    "Leather steering wheel",
    "LED headlights",
    "Light sensor",
    "Lumbar support",
    "Multifunction steering wheel",
    "Navigation system",
    "Non-smoker vehicle",
    "Particulate filter",
    "Rain sensor",
    "Roof rack",
    "Seat ventilation",
    "Sound system",
    "Speed limit control system",
    "Sport seats",
    "Sports suspension",
    "Start-stop system",
    "Touchscreen",
    "Traction control",
    "Tuner/radio",
    "Tyre pressure monitoring",
    "WLAN / Wi-Fi hotspot"
  ]
},
{
  "title": "BMW M3 Competition M xDrive Driv.Assist.Prof Kamera",
  "previewImage": "https://img.classistatic.de/api/v1/mo-prod/images/92/92e82294-718b-4e7e-88ea-1d1ac3550893?rule=mo-1600.jpg",
  "category": "EstateCar",
  "brand": "BMW",
  "model": "M3",
  "url": "https://suchen.mobile.de/fahrzeuge/details.html?id=433713637",
  "price.total.amount": 102190,
  "priceRating": {
    "rating": "Good price",
    "priceRanges": {
      "Very good price": {
        "start": 75301,
        "end": 97800
      },
      "Good price": {
        "start": 97801,
        "end": 105400
      },
      "Fair price": {
        "start": 105401,
        "end": 117200
      },
      "Increased price": {
        "start": 117201,
        "end": 125800
      },
      "High price": {
        "start": 125801,
        "end": 139800
      }
    }
  },
  "description": "Gerne informiert Sie einer unserer Verkaufsberater, vor Besuch unserer Niederlassung, über die Verfügbarkeit des gewünschten Fahrzeuges. In diesem Zuge vereinbaren Sie gerne auch Ihren persönlichen Beratungstermin.Vielen Dank, ihr Verkaufsteam!\n\nSonstiges\nAblage für Wireless Charging\nABS\nActive Guard\nBMW Apps\nIndividual\nKlimaanlage oder -automatik\nLeder\nLordose\nM Compound-Bremse, rot hochglänzend\nM Drive Professional\nM Interieurleisten Aluminium Rhombicle Anthrazit\nPersonal eSIM\nSitzheizung\nSportfahrwerk\nUnfallfrei\n\nAntrieb, Fahrwerk\nAdaptives M Fahrwerk\nAllrad\nM Sportdifferenzial\n\nEditionen und Pakete\nAblagenpaket\nConnected Package Professional (laufzeitgebundener Dienst)\nConnectedDrive Services (laufzeitgebundener Dienst)\nGepäckraumpaket\nInnovationspaket\n\nExterieur\nDach und Spiegelkappen schwarz\nDachreling\n\nFahrerassistenz\nDriving Assistant Professional\nGesetzlicher Notruf\nParking Assistant Plus\n\nIndividualumfänge\nM Dachreling Hochglanz Shadow Line\nM Hochglanz Shadow Line\nM Hochglanz Shadow Line mit erweiterten Umfängen\n\nKomfort, Innenausstattung\nFondkopfstützen klappbar\nGalvanikapplikation für Bedienelemente\nInnen- und Außenspiegelpaket\nKlimaautomatik\nKomfortzugang\nLordosenstütze für Fahrer und Beifahrer\nM Sicherheitsgurte\nM Sportsitze\nSitzheizung für Fahrer und Beifahrer\nSitzverstellung elektrisch\nSitzverstellung elektrisch mit Memory für Fahrersitz\nSonnenschutzverglasung\n\nMultimedia\nBMW Live Cockpit Professional (laufzeitgebundener Dienst)\nDAB Tuner\nHarman Kardon Surround Sound System\n\nRäder\n19\"/20\" M Schmiederäder Doppelspeiche 826 M Schwarz / MB\n\nSitzbezug\nLeder Merino Schwarz/Schwarz\n\nUmwelt, Sicherheit\nAbgasnorm EU6 RDE II\nActive Protection\nAdaptiver LED-Scheinwerfer\nAktiver Fußgängerschutz\nAlarmanlage mit Fernbedienung\nBeifahrerairbag-Deaktivierung\nFernlichtassistent\nInnenspiegel automatisch abblendend\nReifendruck-Kontrolle\n\nehemal. Neupreis Euro 113.600 (brutto)\n\nBitte haben Sie Verständnis dafür, dass es sich bei den ausgewiesenen Angebotspreisen um Festpreise handelt.Vielen Dank, Ihr Verkaufsteam!Irrtümer und Zwischenverkauf vorbehalten.",
  "dealerDetails": {
    "id": 452744,
    "name": "BMW AG Niederlassung Dreieich",
    "sellerType": "Dealer",
    "phones": [
      "+49 (0)6103 374129788"
    ],
    "languages": [
      "Deutsch",
      "Slovenščina",
      "English",
      "Italiano",
      "Français",
      "Türkçe"
    ],
    "country": "DE",
    "address": "Gustav-Otto-Straße 1, DE-63303 Dreieich-Sprendlingen",
    "location": {
      "latitude": 50.0336698,
      "longitude": 8.7025703
    },
    "activeSince": "2003-05-27T00:00:00.000Z",
    "homepageUrl": "https://home.mobile.de/home/redirect.html?customerId=452744",
    "iconUrl": "https://img.classistatic.de/api/v1/mo-prod/images/01/0194d669-b138-435c-ac6b-bda3563b75fe?rule=mo-640.jpg",
    "reviewPageUrl": "https://www.mobile.de/bewertungen/BMW-GROUP-DREIEICH?lang=en",
    "score": {
      "total": 4.4,
      "responseTime": 4.5,
      "friendliness": 4.5,
      "advice": 4.2
    },
    "activeRatingCount": 116,
    "vehicleAsDescribedPercentage": 87,
    "recommendPercentage": 85,
    "soldVehicleCount": null,
    "reviews": []
  },
  "attributes": {
    "Vehicle condition": "Used vehicle",
    "Category": "Estate car, Employee's Car",
    "Model range": "M3 touring",
    "Trim line": "M xDrive Driv.Assist.Prof Kamera",
    "Vehicle Number": "XE591483",
    "Availability": "Now",
    "Mileage": "2,251 km",
    "Cubic Capacity": "2,993 ccm",
    "Power": "390 kW (530 hp)",
    "Drive type": "Internal combustion engine",
    "Fuel": "Petrol, E10-enabled",
    "CO₂ class": "Based on CO₂ emissions (combined)",
    "Fuel consumption": [
      "10.4 l/100km (combined)"
    ],
    "Energy costs for 15,000 km annual mileage": "€2,802/Year",
    "Fuel price": "€1.80/l (annual average 2024)",
    "Possible CO₂ costs over the next 10 years (15,000 km/year)": [
      "€4,458 (assuming an average CO₂ price of €127/t)",
      "€2,106 (assuming a low average CO₂ price of €60/t)",
      "€7,020 (assuming a high average CO₂ price of €200/t)"
    ],
    "Vehicle tax": "€476/Year",
    "Door Count": "4/5",
    "Transmission": "Automatic",
    "First Registration": "06/2025",
    "Construction Year": "2025",
    "Number of Vehicle Owners": "1",
    "HU": "06/2028",
    "Climatisation": "Automatic climatisation, 2 zones",
    "Parking sensors": "Front, Self-steering systems, Rear, 360° camera",
    "Airbags": "Front and Side and More Airbags",
    "Colour (Manufacturer)": "M Isle of Man Grün",
    "Colour": "Green Metallic",
    "Interior Design": "Full leather, Black",
    "Energy consumption (comb.)": "10.4 l/100km",
    "CO₂ emissions (comb.)": "234 g/km"
  },
  "features": [
    "ABS",
    "Adaptive cornering lights",
    "Adaptive Cruise Control",
    "Alarm system",
    "Alloy wheels",
    "Arm rest",
    "Autom. dimming interior mirror",
    "Blind spot assist",
    "Bluetooth",
    "Central locking",
    "DAB radio",
    "Digital cockpit",
    "Distance warning system",
    "Electric seat adjustment",
    "Electric side mirror",
    "Electric windows",
    "Eletric seat adjustment with memory function",
    "Emergency brake assist",
    "Emergency call system",
    "ESP",
    "Fatigue warning system",
    "Four-wheel drive",
    "Full Service History",
    "Glare-free high beam headlights",
    "Hands-free kit",
    "Heated seats",
    "High beam assist",
    "Hill-start assist",
    "Immobilizer",
    "Induction charging for smartphones",
    "Isofix",
    "Keyless central locking",
    "Lane change assist",
    "Leather steering wheel",
    "LED headlights",
    "LED running lights",
    "Light sensor",
    "Lumbar support",
    "Multifunction steering wheel",
    "Navigation system",
    "On-board computer",
    "Paddle shifters",
    "Power Steering",
    "Rain sensor",
    "Roof rack",
    "Sound system",
    "Speed limit control system",
    "Sport seats",
    "Sports package",
    "Sports suspension",
    "Start-stop system",
    "Summer tyres",
    "Tinted windows",
    "Touchscreen",
    "Traction control",
    "Traffic sign recognition",
    "Tuner/radio",
    "Tyre pressure monitoring",
    "USB port",
    "Voice control",
    "Warranty"
  ]
},
{
  "title": "BMW M3 Touring xDrive Competition SITZBELÜFTUNG LED",
  "previewImage": "https://img.classistatic.de/api/v1/mo-prod/images/69/69a0863f-ce9f-4c3a-bb59-ec0bd7626c59?rule=mo-1600.jpg",
  "category": "EstateCar",
  "brand": "BMW",
  "model": "M3",
  "url": "https://suchen.mobile.de/fahrzeuge/details.html?id=430929848",
  "price.total.amount": 102590,
  "priceRating": {
    "rating": "Fair price",
    "priceRanges": {
      "Very good price": {
        "start": 71501,
        "end": 92900
      },
      "Good price": {
        "start": 92901,
        "end": 100100
      },
      "Fair price": {
        "start": 100101,
        "end": 111300
      },
      "Increased price": {
        "start": 111301,
        "end": 119500
      },
      "High price": {
        "start": 119501,
        "end": 132700
      }
    }
  },
  "description": "Fahrzeug-Nr.: 183238.\nAusstattungspakete:\nInnovationspaket II.\nAssistenzsysteme:\nParkassistenzpaket, PDC (Einparkhilfe), Spurassistent, Spurwechselassistent, Tempomat, Auffahrwarner, Fernlichtassistent, Parkassistent, Verkehrszeichenerkennung, Parking Assistant, Querverkehrswarnung, Rückfahrkamera, Müdigkeitserkennung / Aufmerksamkeitsassistent, Rückfahrassistent, Lichtsensor, Regensensor, Active Guard, Driving Assistant, Einparkhilfe Seite, Einparkhilfe vorne, intelligenter Notruf, Speed Limit Device, TeleServices.\nLicht:\nLED Scheinwerfer, Adaptives Kurvenlicht, M Leuchten Shadow Line, Adaptives - variables Lichtsystem/-Verteilung, LED (Teil)-Rückleuchten, LED Tagfahrlicht, Heimleuchtautomatik, Blinkleuchten seitlich in die Außenspiegel integriert, LED Kennzeichenleuchte.\nMedia & Infotainment:\nNavigation / Online Navigation, Harman Kardon Surround Sound System, Bluetooth Schnittstelle, DAB Tuner, Freisprecheinrichtung, USB-Schnittstelle/Anschluss, 3D-Kartendarstellung, BMW Live Cockpit Professional, Splitscreen-Funktion, APPS, Touchscreen-Display, Connected Package Professional, Soundsystem (HARMAN/KARDON), Radio, Audiosystem MP3-fähig, Sprachsteuerung-/Bedienung, Telefonvorbereitung mit Bluetooth, Telefonie mit Wireless Charging, BMW Connected, Augmented Reality für Navigation, BMW Online / Vorbereitung, ConnectedDrive Services.\nSicherheit & Technik:\nM Drive, adaptives M-Fahrwerk, Dynamic Stability Control (DSC), Dynamische Traktions Control (DTC), Sportdifferenzial, Beifahrerairbag, Beifahrerairbag-Deaktivierung, Fahrerairbag, Knieairbag, Kopfairbags hinten, Kopfairbagsystem, Seitenairbags vorn, Alarmanlage, Antiblockiersystem (ABS), Automatic Stability Control (ASC), Bremsassistent (BAS), Crashsensor zur Aktivierung der Warnblinkanlage, Fahrzeugfront mit Fußgängerschutz, Gespannstabilisierung, Gurtanlegekontrolle, Gurtkraftbegrenzer, M Drive Professional, M Traction Control, Seitenaufprallschutz, Sicherheitsgurte mit Gurtstraffern, Wegfahrsperre.\nKomfort & Klima:\nHead-Up Display, Sitzheizung, Klimaautomatik, Innen-/Aussenspiegel automatisch abblendend, Komfortzugang / Keyless Entry, Sitzbelüftung, elektrische Sitzverstellung Fahrer/Beifahrer mit Fahrermemory, Spiegel elektrisch klappbar, Telematik/Notrufsystem (Vorbereitung), Außenspiegel mit Beifahrerspiegelabsenkung, Bordcomputer, Komfortblinker (1xAntippen = 3xBlinken), Lordose / Lendenwirbelstütze, elektr. Spiegel beheizt, elektrische Fensterheber, ISOFIX Kindersitzbefestigung, Zentralverriegelung mit Fernbedienung, (3-Zonen Klimaautomatik), 12V Steckdose, abgedunkelte Scheibe(n), ATA / Aussentemperaturanzeige, automatische Türverriegelung nach dem Anfahren und Entriegelung im Falle eines Unfalls, Begrüßungslicht über Funkfernbedienung, BMW Digital Key, Center Lock Schalter, Colorglas, Komfortschliessung / -öffnung der Fenster, Luftgütesensor, schlüsselloser Motorstart, Sportsitz(e).\nReifen & Felgen:\n19/20 Zoll Alufelgen, Pannenset, Reifendruck-Kontrolle.\nExterieur & Design:\nDachreling, Außenspiegelpaket, Carbon Heckdiffusor, Shadow Line, Carbon Exterieurpaket, Carbon Spiegelkappen, Laptimer, M Drift Analyser, M Drivers Package.\nInterieur & Design:\nLenkradheizung, Multifunktionslenkrad, Dachhimmel anthrazit, Alcantara Lenkrad, virtuelle Instrumente, Sportlederlenkrad, Widescreen Display, Galvanikapplikation für Bedienelemente, Aluoptik, Ambientebeleuchtung, Applikationen Innenraum in Carbon, Bedienelemente am Lenkrad, Einstiegsleisten mit M-Schriftzug, Getränkehalter, M Sicherheitsgurte.\nGepäck- / Ladehilfen:\nautomatische Heckklappe-/Deckel, Ablagenpaket, Durchladesystem/-funktion, Gepäcknetz(e).\nUmwelt & Laden:\nE10 geeignet, EURO 6e, Katalysator, Ottopartikelfilter, Start/Stopp Automatic, Umweltplakette 4.\nGetriebe:\nDKG Drivelogic.\nWeitere Informationen:\nFacelift, Oelwartungsintervall 30000 km / 24 Monate, Scheckheft.\nDach und Spiegelkappen schwarz, Blow by-Heizer, Galvanikapplikation fuer bedien eleme, Personal es im, Radschraubensicherung, COC Zusatzumfaenge, Steuerung F AS 18, Steuerung D\nWir nehmen Ihr Fahrzeug in Zahlung. Jedes Modell, jedes Alter.\n\nDie genauen Verbrauchswerte erfragen Sie bitte bei unserem Verkaufspersonal\nIhren Ansprechpartner für dieses Fahrzeug erreichen Sie unter Tel.: 030-7900950\nZwischenverkauf und Irrtümer vorbehalten. Die Fahrzeugbeschreibung dient ausschließlich der allgemeinen Identifikation des Fahrzeugs und stellt keine rechtsverbindliche Gewährleistung dar. Verbindlich sind nur die Vereinbarungen im Kaufvertrag und der Auftragsbestätigung. Bitte beachten Sie, dass bestimmte Sonderausstattungen zusätzliche Kosten verursachen können. Detaillierte Informationen zum Ausstattungsumfang erhalten Sie von unserem Verkaufspersonal.",
  "dealerDetails": {
    "id": 453658,
    "name": "Riller & Schnauck GmbH, BMW und MINI Vertragshändler",
    "sellerType": "Dealer",
    "phones": [
      "+49 (0)30 9210604406"
    ],
    "languages": [
      "Deutsch",
      "English",
      "Français",
      "Polski",
      "Türkçe"
    ],
    "country": "DE",
    "address": "Hindenburgdamm 68, DE-12203 Berlin",
    "location": {
      "latitude": 52.45081,
      "longitude": 13.3128977
    },
    "activeSince": "2004-09-15T00:00:00.000Z",
    "homepageUrl": "https://home.mobile.de/home/redirect.html?customerId=453658",
    "iconUrl": null,
    "reviewPageUrl": "https://www.mobile.de/bewertungen/RILLER-SCHNAUCK-GROUP?lang=en",
    "score": {
      "total": 4.5,
      "responseTime": 4.6,
      "friendliness": 4.7,
      "advice": 4.3
    },
    "activeRatingCount": 21,
    "vehicleAsDescribedPercentage": 88,
    "recommendPercentage": 93,
    "soldVehicleCount": null,
    "reviews": []
  },
  "attributes": {
    "Vehicle condition": "New vehicle",
    "Category": "Estate car",
    "Trim line": "Innovation",
    "Vehicle Number": "2427058",
    "Availability": "Now",
    "Origin": "German edition",
    "Mileage": "0 km",
    "Cubic Capacity": "2,993 ccm",
    "Power": "390 kW (530 hp)",
    "Drive type": "Internal combustion engine",
    "Fuel": "Petrol, E10-enabled",
    "CO₂ class": "Based on CO₂ emissions (combined)",
    "Fuel consumption": [
      "10.4 l/100km (combined)",
      "15.8 l/100km (city)",
      "10.3 l/100km (suburban)",
      "8.8 l/100km (country road)",
      "9.8 l/100km (motorway)"
    ],
    "Energy costs for 15,000 km annual mileage": "€2,886/Year",
    "Fuel price": "€1.85/l (annual average 2023)",
    "Possible CO₂ costs over the next 10 years (15,000 km/year)": [
      "€4,054 (assuming an average CO₂ price of €115/t)",
      "€1,763 (assuming a low average CO₂ price of €50/t)",
      "€6,698 (assuming a high average CO₂ price of €190/t)"
    ],
    "Vehicle tax": "€480/Year",
    "Number of Seats": "5",
    "Door Count": "4/5",
    "Transmission": "Automatic",
    "Emission Class": "Euro 6e",
    "Emissions Sticker": "4 (Green)",
    "Climatisation": "Automatic climatisation, 3 zones",
    "Parking sensors": "Camera, Rear, Front, Self-steering systems",
    "Airbags": "Front and Side and More Airbags",
    "Colour (Manufacturer)": "alpinweiss III",
    "Colour": "White",
    "Interior Design": "Full leather, Black",
    "Weight": "1,940 kg",
    "Cylinders": "6",
    "Tank capacity": "59 l",
    "Energy consumption (comb.)": "10.4 l/100km",
    "CO₂ emissions (comb.)": "235 g/km"
  },
  "features": [
    "ABS",
    "Adaptive cornering lights",
    "Alarm system",
    "Alloy wheels",
    "Ambient lighting",
    "Autom. dimming interior mirror",
    "Blind spot assist",
    "Bluetooth",
    "Central locking",
    "Cruise control",
    "DAB radio",
    "Digital cockpit",
    "Distance warning system",
    "Dynamic chassis control",
    "Electric seat adjustment",
    "Electric side mirror",
    "Electric tailgate",
    "Electric windows",
    "Eletric seat adjustment with memory function",
    "Emergency call system",
    "Emergency tyre repair kit",
    "ESP",
    "Fatigue warning system",
    "Folding exterior mirrors",
    "Four-wheel drive",
    "Full Service History",
    "Glare-free high beam headlights",
    "Hands-free kit",
    "Head-up display",
    "Heated seats",
    "Heated steering wheel",
    "High beam assist",
    "Immobilizer",
    "Induction charging for smartphones",
    "Integrated music streaming",
    "Isofix",
    "Keyless central locking",
    "Lane change assist",
    "Leather steering wheel",
    "LED headlights",
    "LED running lights",
    "Light sensor",
    "Lumbar support",
    "Multifunction steering wheel",
    "Navigation system",
    "On-board computer",
    "Particulate filter",
    "Rain sensor",
    "Roof rack",
    "Seat ventilation",
    "Sound system",
    "Speed limit control system",
    "Sport seats",
    "Sports suspension",
    "Start-stop system",
    "Tinted windows",
    "Touchscreen",
    "Traction control",
    "Traffic sign recognition",
    "Tuner/radio",
    "Tyre pressure monitoring",
    "USB port",
    "Voice control"
  ]
}]